{"gold_per_floor":[112,37,37,48,123,152,152,178,204,104,121,133,166,41,41,138,138,151,151,1,0,19,19,46,46,46,81,96,111,211,211,211,314,314,328,342,342,357,357,357,109,137,173,185,197,224,61,75,75,75],"floor_reached":51,"playtime":1370,"items_purged":["Strike_R","Strike_R","Strike_R","Strike_R","Defend_R"],"score":1619,"play_id":"41e4217e-6263-4a2c-a6be-ee33d9d4a609","local_time":"20190605192825","is_ascension_mode":true,"campfire_choices":[{"data":"Bash","floor":7,"key":"SMITH"},{"data":"Offering","floor":15,"key":"SMITH"},{"floor":23,"key":"REST"},{"data":"Dropkick","floor":25,"key":"SMITH"},{"data":"Dropkick","floor":32,"key":"SMITH"},{"floor":40,"key":"REST"},{"data":"Defend_R","floor":44,"key":"SMITH"},{"floor":49,"key":"REST"}],"neow_cost":"NONE","seed_source_timestamp":1459116410456158,"circlet_count":0,"master_deck":["AscendersBane","Defend_R+1","Bash+1","Dropkick+1","Dropkick+1","Thunderclap+1","Dropkick+1","Offering+1"],"relics":["Burning Blood","NeowsBlessing","Self Forming Clay","Odd Mushroom","Happy Flower","Whetstone","Runic Cube","Art of War","Ancient Tea Set","Singing Bowl","Thread and Needle","Bottled Flame","Runic Pyramid","Paper Frog","MawBank","Oddly Smooth Stone"],"potions_floor_usage":[8,8,13,35,38,50],"damage_taken":[{"damage":0,"enemies":"Cultist","floor":1,"turns":1},{"damage":0,"enemies":"Jaw Worm","floor":4,"turns":1},{"damage":0,"enemies":"Lagavulin","floor":6,"turns":1},{"damage":15,"enemies":"The Mushroom Lair","floor":8,"turns":3},{"damage":8,"enemies":"Small Slimes","floor":11,"turns":3},{"damage":13,"enemies":"Blue Slaver","floor":12,"turns":3},{"damage":27,"enemies":"3 Sentries","floor":13,"turns":8},{"damage":6,"enemies":"Slime Boss","floor":16,"turns":6},{"damage":6,"enemies":"Shell Parasite","floor":18,"turns":1},{"damage":23,"enemies":"Spheric Guardian","floor":22,"turns":4},{"damage":6,"enemies":"Book of Stabbing","floor":24,"turns":1},{"damage":6,"enemies":"Slavers","floor":27,"turns":1},{"damage":6,"enemies":"Shelled Parasite and Fungi","floor":28,"turns":1},{"damage":13,"enemies":"Chosen and Byrds","floor":29,"turns":2},{"damage":6,"enemies":"Colosseum Slavers","floor":30,"turns":1},{"damage":6,"enemies":"Colosseum Nobs","floor":30,"turns":1},{"damage":6,"enemies":"Collector","floor":33,"turns":1},{"damage":35,"enemies":"3 Shapes","floor":35,"turns":1},{"damage":6,"enemies":"3 Darklings","floor":36,"turns":1},{"damage":6,"enemies":"Writhing Mass","floor":38,"turns":1},{"damage":6,"enemies":"Giant Head","floor":42,"turns":1},{"damage":22,"enemies":"4 Shapes","floor":46,"turns":1},{"damage":6,"enemies":"Sphere and 2 Shapes","floor":48,"turns":1},{"damage":6,"enemies":"Awakened One","floor":50,"turns":2}],"seed_played":"5427660463681549647","potions_obtained":[{"floor":4,"key":"Explosive Potion"},{"floor":6,"key":"GamblersBrew"},{"floor":8,"key":"EssenceOfSteel"},{"floor":22,"key":"Weak Potion"},{"floor":27,"key":"Fire Potion"},{"floor":29,"key":"GamblersBrew"},{"floor":30,"key":"SteroidPotion"},{"floor":35,"key":"SteroidPotion"},{"floor":46,"key":"LiquidBronze"}],"is_trial":false,"path_per_floor":["M","$","?","M","?","E","R","?","T","$","M","M","E","$","R","B",null,"M","?","$","?","M","R","E","R","T","E","M","M","?","?","R","B",null,"M","M","?","M","?","R","$","E","T","R","?","M","$","M","R","B",null],"character_chosen":"IRONCLAD","items_purchased":["Paper Frog"],"campfire_rested":3,"item_purchase_floors":[41],"current_hp_per_floor":[78,78,71,77,66,72,72,63,63,63,61,54,33,33,33,33,68,68,68,68,68,51,75,75,75,75,77,79,74,76,76,76,78,87,60,62,62,64,64,92,92,94,94,94,94,80,80,82,102,102],"gold":75,"neow_bonus":"THREE_ENEMY_KILL","is_prod":false,"is_daily":false,"chose_seed":false,"campfire_upgraded":5,"win_rate":0,"timestamp":1559752105,"path_taken":["M","$","?","M","?","E","R","?","T","?","M","M","E","$","R","BOSS","M","?","$","?","M","R","E","R","T","E","M","?","?","?","R","BOSS","M","M","?","?","?","R","$","E","T","R","?","M","$","M","R","BOSS"],"build_version":"2019-01-23","purchased_purges":5,"victory":true,"max_hp_per_floor":[80,80,80,80,80,80,80,80,80,80,80,80,80,80,80,80,80,80,80,80,80,80,80,80,80,80,82,84,86,88,88,88,90,90,92,94,94,96,96,96,96,98,98,98,98,100,100,102,102,102],"card_choices":[{"not_picked":["Clothesline","Twin Strike"],"picked":"Dropkick","floor":1},{"not_picked":["Shockwave","True Grit","Evolve"],"picked":"SKIP","floor":4},{"not_picked":["Flex","Burning Pact"],"picked":"Dropkick","floor":6},{"not_picked":["Uppercut","Disarm"],"picked":"Thunderclap","floor":8},{"not_picked":["Cleave","Infernal Blade"],"picked":"Dropkick","floor":11},{"not_picked":["Thunderclap","Hemokinesis","Heavy Blade"],"picked":"SKIP","floor":12},{"not_picked":["Flex","Havoc"],"picked":"Offering","floor":13},{"not_picked":["Body Slam","Rage","Havoc+1"],"picked":"SKIP","floor":18},{"not_picked":["Armaments","Cleave","Thunderclap+1"],"picked":"SKIP","floor":22},{"not_picked":["Body Slam","Shockwave+1","Heavy Blade"],"picked":"SKIP","floor":24},{"not_picked":["Rupture+1","Immolate","Body Slam+1"],"picked":"Singing Bowl","floor":27},{"not_picked":["Burning Pact","Shrug It Off","Shockwave"],"picked":"Singing Bowl","floor":28},{"not_picked":["Flex","Reckless Charge+1","Havoc+1"],"picked":"Singing Bowl","floor":29},{"not_picked":["True Grit","Havoc","Metallicize"],"picked":"Singing Bowl","floor":30},{"not_picked":["Fiend Fire","Double Tap","Juggernaut"],"picked":"Singing Bowl","floor":33},{"not_picked":["Cleave","Anger+1","Disarm+1"],"picked":"Singing Bowl","floor":35},{"not_picked":["Cleave+1","Seeing Red+1","Armaments+1"],"picked":"Singing Bowl","floor":36},{"not_picked":["Rampage+1","Bloodletting","Body Slam"],"picked":"Singing Bowl","floor":38},{"not_picked":["Armaments","Wild Strike","Limit Break"],"picked":"Singing Bowl","floor":42},{"not_picked":["Thunderclap","Clothesline+1","Iron Wave+1"],"picked":"Singing Bowl","floor":46},{"not_picked":["Corruption+1","Clothesline","Whirlwind"],"picked":"Singing Bowl","floor":48}],"player_experience":354993,"relics_obtained":[{"floor":6,"key":"Self Forming Clay"},{"floor":8,"key":"Odd Mushroom"},{"floor":9,"key":"Happy Flower"},{"floor":13,"key":"Whetstone"},{"floor":24,"key":"Art of War"},{"floor":26,"key":"Ancient Tea Set"},{"floor":27,"key":"Singing Bowl"},{"floor":30,"key":"Thread and Needle"},{"floor":30,"key":"Bottled Flame"},{"floor":42,"key":"MawBank"},{"floor":43,"key":"Oddly Smooth Stone"}],"event_choices":[{"cards_removed":["Defend_R"],"damage_healed":0,"gold_gain":0,"player_choice":"Card Removal","damage_taken":7,"max_hp_gain":0,"max_hp_loss":0,"event_name":"Golden Wing","floor":3,"gold_loss":0},{"damage_healed":0,"gold_gain":75,"player_choice":"Gather Gold","damage_taken":11,"max_hp_gain":0,"max_hp_loss":0,"event_name":"World of Goop","floor":5,"gold_loss":0},{"damage_healed":0,"gold_gain":0,"player_choice":"Fought Mushrooms","damage_taken":0,"max_hp_gain":0,"max_hp_loss":0,"event_name":"Mushrooms","floor":8,"gold_loss":0},{"damage_healed":0,"gold_gain":0,"player_choice":"Ignored","damage_taken":0,"max_hp_gain":0,"max_hp_loss":0,"event_name":"Vampires","floor":19,"gold_loss":0},{"damage_healed":0,"gold_gain":0,"player_choice":"Paid Fearfully","damage_taken":0,"max_hp_gain":0,"max_hp_loss":0,"event_name":"Masked Bandits","floor":21,"gold_loss":1},{"damage_healed":0,"gold_gain":0,"player_choice":"Fight","damage_taken":0,"max_hp_gain":0,"max_hp_loss":0,"event_name":"Colosseum","floor":30,"gold_loss":0},{"damage_healed":0,"gold_gain":0,"player_choice":"Fought Nobs","damage_taken":0,"max_hp_gain":0,"max_hp_loss":0,"event_name":"Colosseum","floor":30,"gold_loss":0},{"damage_healed":0,"gold_gain":0,"player_choice":"Ignored","damage_taken":0,"max_hp_gain":0,"max_hp_loss":0,"event_name":"The Mausoleum","floor":31,"gold_loss":0},{"cards_removed":["Strike_R"],"damage_healed":0,"gold_gain":0,"player_choice":"Card Removal","damage_taken":0,"max_hp_gain":0,"max_hp_loss":0,"event_name":"Wheel of Change","floor":37,"gold_loss":0},{"damage_healed":0,"gold_gain":0,"player_choice":"Ignored","damage_taken":0,"max_hp_gain":0,"max_hp_loss":0,"event_name":"Tomb of Lord Red Mask","floor":39,"gold_loss":0},{"cards_removed":["Defend_R"],"damage_healed":0,"gold_gain":0,"player_choice":"Removed Skill","damage_taken":0,"max_hp_gain":0,"max_hp_loss":0,"event_name":"Falling","floor":45,"gold_loss":0}],"is_beta":false,"boss_relics":[{"not_picked":["Snecko Eye","Ectoplasm"],"picked":"Runic Cube"},{"not_picked":["Calling Bell","Black Star"],"picked":"Runic Pyramid"}],"items_purged_floors":[2,10,14,20,47],"is_endless":false,"potions_floor_spawned":[4,6,8,22,27,29,30,35,46,48],"ascension_level":11}