{"gold_per_floor":[359,359,375,390,269,269,296,296,374,374,406,406,296,316,316,415,415,434,534,2,2,2,2,2,2,2,2,2,21,41,60,60,163,163,176,189,189,189,189,189,219,219,270,270,65,80,80,0,0,0],"floor_reached":51,"playtime":1424,"items_purged":["Defend_R","Defend_R","Defend_R"],"score":819,"play_id":"80de2f7c-0bf8-4147-80e3-7d5385d04af9","local_time":"20180804234442","is_ascension_mode":true,"campfire_choices":[{"data":"Inflame","floor":6,"key":"SMITH"},{"data":"Flex","floor":8,"key":"SMITH"},{"data":"Strike_R","floor":12,"key":"PURGE"},{"floor":15,"key":"REST"},{"data":"Strike_R","floor":23,"key":"PURGE"},{"data":"Strike_R","floor":28,"key":"PURGE"},{"data":"Strike_R","floor":32,"key":"PURGE"},{"data":"Writhe","floor":40,"key":"PURGE"},{"floor":42,"key":"REST"},{"floor":44,"key":"REST"},{"floor":49,"key":"REST"}],"neow_cost":"FIFTY_PERCENT_DAMAGE","seed_source_timestamp":52656429580986,"circlet_count":0,"master_deck":["Bash","Clash","Inflame+1","Flex+1","Clash","Swift Strike","Spot Weakness","Heavy Blade","Demon Form","Sword Boomerang+1","Master of Strategy","Clash","Pummel","Clash","Limit Break"],"relics":["Burning Blood","Ancient Tea Set","The Courier","Peace Pipe","Odd Mushroom","Philosopher\u0027s Stone","Anchor","Bag of Preparation","Frozen Egg 2","Fusion Hammer","Shuriken","Bronze Scales","Paper Frog","Red Mask"],"potions_floor_usage":[7,14],"damage_taken":[{"damage":1,"enemies":"Cultist","floor":1,"turns":4},{"damage":2,"enemies":"Jaw Worm","floor":3,"turns":3},{"damage":0,"enemies":"2 Louse","floor":4,"turns":2},{"damage":30,"enemies":"Lagavulin","floor":7,"turns":5},{"damage":4,"enemies":"3 Sentries","floor":11,"turns":3},{"damage":18,"floor":14,"turns":2},{"damage":39,"enemies":"The Guardian","floor":16,"turns":5},{"damage":27,"enemies":"Shell Parasite","floor":18,"turns":3},{"damage":3,"enemies":"2 Thieves","floor":29,"turns":2},{"damage":20,"enemies":"Snecko","floor":30,"turns":3},{"damage":0,"enemies":"Centurion and Healer","floor":31,"turns":2},{"damage":12,"enemies":"Champ","floor":33,"turns":4},{"damage":11,"enemies":"3 Darklings","floor":35,"turns":3},{"damage":3,"enemies":"Orb Walker","floor":36,"turns":2},{"damage":44,"enemies":"Nemesis","floor":41,"turns":3},{"damage":0,"enemies":"Sphere and 2 Shapes","floor":46,"turns":2},{"damage":44,"enemies":"Donu and Deca","floor":50,"turns":3}],"seed_played":"-6561247912687869994","potions_obtained":[{"floor":4,"key":"SteroidPotion"},{"floor":7,"key":"Ancient Potion"},{"floor":11,"key":"Energy Potion"},{"floor":14,"key":"Poison Potion"},{"floor":18,"key":"Explosive Potion"},{"floor":30,"key":"BloodPotion"}],"is_trial":false,"path_per_floor":["M","?","M","M","$","R","E","R","T","?","E","R","$","?","R","B",null,"M","?","$","?","?","R","$","?","T","?","R","M","M","M","R","B",null,"M","M","?","?","?","R","E","R","T","R","$","M","$","?","R","B"],"character_chosen":"IRONCLAD","items_purchased":["Flex","Spot Weakness","Anchor","Master of Strategy","Bag of Preparation","Paper Frog"],"campfire_rested":4,"item_purchase_floors":[5,13,20,20,20,45],"current_hp_per_floor":[45,45,49,55,55,55,31,31,31,31,33,33,33,21,45,12,80,59,59,59,51,51,51,51,51,51,77,77,80,66,72,72,66,80,75,78,78,80,80,80,42,66,66,80,80,80,80,80,80,42],"gold":0,"neow_bonus":"TWO_FIFTY_GOLD","is_prod":false,"is_daily":false,"chose_seed":false,"campfire_upgraded":2,"win_rate":0,"timestamp":1533415482,"path_taken":["M","?","?","M","$","R","E","R","T","?","E","R","$","?","R","BOSS","M","?","$","?","?","R","?","?","T","?","R","M","M","?","R","BOSS","M","?","?","?","?","R","E","R","T","R","$","M","?","?","R","BOSS"],"build_version":"2018-08-02","purchased_purges":3,"victory":true,"max_hp_per_floor":[80,80,80,80,80,80,80,80,80,80,80,80,80,80,80,80,80,80,80,80,80,80,80,80,80,80,80,80,80,80,80,80,80,80,80,80,80,80,80,80,80,80,80,80,80,80,80,80,80,80],"card_choices":[{"not_picked":["Cleave","Sever Soul"],"picked":"Clash","floor":1},{"not_picked":["Ghostly Armor","Corruption","Intimidate"],"picked":"SKIP","floor":3},{"not_picked":["Shrug It Off","Armaments"],"picked":"Inflame","floor":4},{"not_picked":["Combust","Fire Breathing"],"picked":"Clash","floor":7},{"not_picked":["Bloodletting","Fire Breathing","Hemokinesis"],"picked":"SKIP","floor":11},{"not_picked":["Perfected Strike","Warcry"],"picked":"Heavy Blade","floor":14},{"not_picked":["Fiend Fire","Barricade"],"picked":"Demon Form","floor":16},{"not_picked":["Body Slam+1","Clash"],"picked":"Sword Boomerang+1","floor":18},{"not_picked":["Wild Strike","Second Wind"],"picked":"Clash","floor":29},{"not_picked":["Fiend Fire","Feel No Pain+1","Dual Wield"],"picked":"SKIP","floor":30},{"not_picked":["Iron Wave","Havoc","Cleave"],"picked":"SKIP","floor":31},{"not_picked":["Thunderclap","Body Slam+1"],"picked":"Pummel","floor":35},{"not_picked":["Twin Strike+1","Battle Trance"],"picked":"Clash","floor":36},{"not_picked":["Thunderclap+1","Second Wind+1"],"picked":"Limit Break","floor":41},{"not_picked":["Shrug It Off","Warcry","Infernal Blade"],"picked":"SKIP","floor":46}],"player_experience":193631,"relics_obtained":[{"floor":7,"key":"Ancient Tea Set"},{"floor":9,"key":"The Courier"},{"floor":11,"key":"Peace Pipe"},{"floor":14,"key":"Odd Mushroom"},{"floor":26,"key":"Frozen Egg 2"},{"floor":41,"key":"Shuriken"},{"floor":43,"key":"Bronze Scales"}],"event_choices":[{"event_name":"Purifier","player_choice":"One Purge","floor":2,"damage_taken":0},{"event_name":"Match and Keep!","player_choice":"1 cards matched","floor":10,"damage_taken":0},{"event_name":"Mushrooms","player_choice":"Fought Mushrooms","floor":14,"damage_taken":0},{"event_name":"Golden Shrine","player_choice":"Pray","floor":19,"damage_taken":0},{"event_name":"Knowing Skull","player_choice":"","floor":21,"damage_taken":0},{"event_name":"Back to Basics","player_choice":"Elegance","floor":22,"damage_taken":0},{"event_name":"Cursed Tome","player_choice":"Ignored","floor":25,"damage_taken":0},{"event_name":"The Library","player_choice":"Heal","floor":27,"damage_taken":0},{"event_name":"SensoryStone","player_choice":"Memory 1","floor":37,"damage_taken":0},{"event_name":"Winding Halls","player_choice":"Writhe","floor":38,"damage_taken":0},{"event_name":"Mysterious Sphere","player_choice":"Ignore","floor":39,"damage_taken":0},{"event_name":"Tomb of Lord Red Mask","player_choice":"Paid","floor":48,"damage_taken":0}],"is_beta":false,"boss_relics":[{"not_picked":["Lizard Tail","Orrery"],"picked":"Philosopher\u0027s Stone"},{"not_picked":["Black Blood","Eternal Feather"],"picked":"Fusion Hammer"}],"items_purged_floors":[5,13,20],"is_endless":false,"potions_floor_spawned":[4,7,11,14,18,30,36,41],"ascension_level":3}