{"gold_per_floor":[18,34,47,58,3,3,18,18,18,52,52,52,52,52,52,130,130,143,154,8,28,28,28,38,38,107,119,38,38,49,49,49,124,124,136,136,136,26,38,38],"floor_reached":40,"playtime":2497,"items_purged":[],"score":760,"play_id":"48868e39-b8e3-4531-88fa-93675e3146bc","local_time":"20190601214535","is_ascension_mode":true,"campfire_choices":[{"data":"Armaments","floor":6.0,"key":"SMITH"},{"data":"Feel No Pain","floor":13.0,"key":"SMITH"},{"floor":15.0,"key":"REST"},{"data":"Limit Break","floor":23.0,"key":"SMITH"},{"data":"Shockwave","floor":29.0,"key":"SMITH"},{"floor":32.0,"key":"REST"}],"neow_cost":"NO_GOLD","seed_source_timestamp":0,"circlet_count":0,"master_deck":["AscendersBane","Strike_R+1","Strike_R+1","Defend_R","Defend_R","Defend_R","Defend_R","Bash","Body Slam","Feel No Pain+1","Spot Weakness","Armaments+1","Shrug It Off","True Grit","Dark Embrace","Limit Break+1","True Grit","Combust","PanicButton","Corruption","Pommel Strike","Shockwave+1","Barricade","Reaper+1","Demon Form","Shrug It Off","Sword Boomerang+1","Shrug It Off+1"],"special_seed":0,"relics":["Burning Blood","Pen Nib","Whetstone","Snecko Eye","Molten Egg 2","Cursed Key"],"potions_floor_usage":[],"damage_taken":[{"damage":6.0,"enemies":"2 Louse","floor":1.0,"turns":4.0},{"damage":19.0,"enemies":"Small Slimes","floor":2.0,"turns":5.0},{"damage":18.0,"enemies":"Jaw Worm","floor":3.0,"turns":8.0},{"damage":1.0,"enemies":"Looter","floor":4.0,"turns":3.0},{"damage":10.0,"enemies":"Exordium Wildlife","floor":7.0,"turns":5.0},{"damage":34.0,"enemies":"Gremlin Nob","floor":10.0,"turns":5.0},{"damage":33.0,"enemies":"Hexaghost","floor":16.0,"turns":11.0},{"damage":5.0,"enemies":"3 Byrds","floor":18.0,"turns":5.0},{"damage":13.0,"enemies":"Shell Parasite","floor":19.0,"turns":7.0},{"damage":41.0,"enemies":"Shelled Parasite and Fungi","floor":21.0,"turns":9.0},{"damage":22.0,"enemies":"3 Cultists","floor":24.0,"turns":6.0},{"damage":18.0,"enemies":"Colosseum Slavers","floor":25.0,"turns":5.0},{"damage":0.0,"enemies":"Snecko","floor":27.0,"turns":3.0},{"damage":0.0,"enemies":"Chosen and Byrds","floor":30.0,"turns":5.0},{"damage":12,"enemies":"Collector","floor":33,"turns":6},{"damage":22,"enemies":"Orb Walker","floor":35,"turns":4},{"damage":2,"enemies":"3 Shapes","floor":39,"turns":4},{"damage":86,"enemies":"Reptomancer","floor":40,"turns":2}],"seed_played":"7136113311303343529","potions_obtained":[{"floor":2.0,"key":"FearPotion"},{"floor":3.0,"key":"Block Potion"},{"floor":4.0,"key":"AttackPotion"},{"floor":16.0,"key":"Block Potion"},{"floor":18.0,"key":"EssenceOfSteel"},{"floor":24.0,"key":"Fruit Juice"},{"floor":33,"key":"Strength Potion"}],"is_trial":false,"path_per_floor":["M","M","M","M","$","R","M","?","T","E","?","?","R","$","R","B",null,"M","M","$","M","?","R","M","?","T","M","$","R","M","?","R","B",null,"M","?","?","$","M","E"],"character_chosen":"IRONCLAD","items_purchased":["Shrug It Off","PanicButton","SteroidPotion","Barricade","Shrug It Off","Sword Boomerang+1"],"campfire_rested":2,"item_purchase_floors":[5,20,20,28,38,38],"current_hp_per_floor":[68,55,43,48,48,48,44,44,44,16,16,16,16,16,38,11,59,60,53,53,18,33,33,22,10,10,16,16,16,22,22,46,57,74,63,63,63,63,80,0],"gold":38,"neow_bonus":"REMOVE_TWO","is_prod":false,"is_daily":false,"chose_seed":false,"campfire_upgraded":4,"win_rate":0,"timestamp":1559443535,"path_taken":["M","M","M","M","$","R","M","?","T","E","?","?","R","$","R","BOSS","M","M","$","M","?","R","M","?","T","M","$","R","?","?","R","BOSS","M","?","?","$","M","E"],"build_version":"2019-01-23","purchased_purges":0,"victory":false,"max_hp_per_floor":[75,75,75,75,75,75,75,75,75,75,75,75,75,75,75,75,75,75,75,75,75,75,75,80,80,80,80,80,80,80,80,80,80,80,80,80,80,80,80,80],"card_choices":[{"not_picked":["Warcry","Second Wind"],"picked":"Body Slam","floor":1.0},{"not_picked":["Carnage","Power Through"],"picked":"Feel No Pain","floor":2.0},{"not_picked":["Warcry","Seeing Red"],"picked":"Spot Weakness","floor":3.0},{"not_picked":["Body Slam","Whirlwind"],"picked":"Armaments","floor":4.0},{"not_picked":["Dark Embrace","Iron Wave"],"picked":"True Grit","floor":7.0},{"not_picked":["Wild Strike","Iron Wave"],"picked":"Dark Embrace","floor":10.0},{"not_picked":["Juggernaut","Exhume"],"picked":"Limit Break","floor":16.0},{"not_picked":["Headbutt","Heavy Blade"],"picked":"True Grit","floor":18.0},{"not_picked":["Feel No Pain","Wild Strike"],"picked":"Combust","floor":19.0},{"not_picked":["Heavy Blade","Whirlwind"],"picked":"Corruption","floor":21.0},{"not_picked":["Clothesline","Bloodletting"],"picked":"Pommel Strike","floor":24.0},{"not_picked":["Cleave+1","Headbutt+1"],"picked":"Shockwave","floor":27.0},{"not_picked":["Clothesline+1","Sword Boomerang+1"],"picked":"Reaper+1","floor":30.0},{"not_picked":["Impervious","Bludgeon+1"],"picked":"Demon Form","floor":33},{"not_picked":["Headbutt+1","Carnage+1","Flex"],"picked":"SKIP","floor":35},{"not_picked":["Headbutt+1","Iron Wave+1"],"picked":"Shrug It Off+1","floor":39}],"player_experience":512963,"relics_obtained":[{"floor":9.0,"key":"Pen Nib"},{"floor":10.0,"key":"Whetstone"},{"floor":26.0,"key":"Molten Egg 2"}],"event_choices":[{"damage_healed":0.0,"max_hp_gain":0.0,"max_hp_loss":0.0,"gold_gain":0.0,"event_name":"Golden Idol","player_choice":"Ignored","floor":8.0,"gold_loss":0.0,"damage_taken":0.0},{"damage_healed":0.0,"max_hp_gain":0.0,"max_hp_loss":0.0,"gold_gain":0.0,"event_name":"Dead Adventurer","player_choice":"Searched \u00270\u0027 times","floor":11.0,"gold_loss":0.0,"damage_taken":0.0},{"damage_healed":0.0,"max_hp_gain":0.0,"max_hp_loss":0.0,"gold_gain":0.0,"event_name":"Shining Light","player_choice":"Ignored","floor":12.0,"gold_loss":0.0,"damage_taken":0.0},{"damage_healed":15.0,"max_hp_gain":0.0,"max_hp_loss":0.0,"gold_gain":0.0,"event_name":"The Library","player_choice":"Heal","floor":22.0,"gold_loss":0.0,"damage_taken":0.0},{"damage_healed":0.0,"max_hp_gain":0.0,"max_hp_loss":0.0,"gold_gain":0.0,"event_name":"Colosseum","player_choice":"Fight","floor":25.0,"gold_loss":0.0,"damage_taken":0.0},{"damage_healed":0.0,"max_hp_gain":0.0,"max_hp_loss":0.0,"gold_gain":0.0,"event_name":"Colosseum","player_choice":"Fled From Nobs","floor":25.0,"gold_loss":0.0,"damage_taken":0.0},{"damage_healed":0.0,"max_hp_gain":0.0,"max_hp_loss":0.0,"gold_gain":0.0,"event_name":"Cursed Tome","player_choice":"Ignored","floor":31.0,"gold_loss":0.0,"damage_taken":0.0},{"damage_healed":0,"gold_gain":0,"player_choice":"Ignored","damage_taken":0,"max_hp_gain":0,"max_hp_loss":0,"event_name":"Mysterious Sphere","floor":36,"gold_loss":0},{"cards_removed":["Strike_R"],"damage_healed":0,"gold_gain":0,"player_choice":"Removed Attack","damage_taken":0,"max_hp_gain":0,"max_hp_loss":0,"event_name":"Falling","floor":37,"gold_loss":0}],"is_beta":false,"boss_relics":[{"not_picked":["Tiny House","Orrery"],"picked":"Snecko Eye"},{"not_picked":["Philosopher\u0027s Stone","Coffee Dripper"],"picked":"Cursed Key"}],"items_purged_floors":[],"is_endless":false,"potions_floor_spawned":[2,3,4,16,18,24,33],"killed_by":"Reptomancer","ascension_level":17}