{"gold_per_floor":[365,47,47,47,63,63,81,100,125,159,59,59,89,106,106,106],"floor_reached":16,"playtime":544,"items_purged":["Strike_R","Strike_R"],"score":154,"play_id":"2f2e31c9-575c-46f3-a349-871028821d93","local_time":"20190520235009","is_ascension_mode":true,"campfire_choices":[{"data":"Corruption","floor":6,"key":"SMITH"},{"floor":15,"key":"REST"}],"neow_cost":"PERCENT_DAMAGE","seed_source_timestamp":93176575482422,"circlet_count":0,"master_deck":["Strike_R","Strike_R","Strike_R","Defend_R","Defend_R","Defend_R","Defend_R","Bash","Corruption+1","Feel No Pain","Parasite","Clash","Ghostly Armor"],"relics":["Burning Blood","Shuriken","Orichalcum","Bronze Scales","Juzu Bracelet"],"potions_floor_usage":[10,10,10,16],"damage_taken":[{"damage":9,"enemies":"2 Louse","floor":1,"turns":3},{"damage":6,"enemies":"Cultist","floor":5,"turns":3},{"damage":6,"enemies":"Small Slimes","floor":7,"turns":5},{"damage":16,"enemies":"Looter","floor":8,"turns":4},{"damage":10,"enemies":"Gremlin Nob","floor":10,"turns":3},{"damage":30,"enemies":"Lagavulin","floor":13,"turns":8},{"damage":8,"enemies":"Blue Slaver","floor":14,"turns":4},{"damage":62,"enemies":"Slime Boss","floor":16,"turns":6}],"seed_played":"-5707078611760214284","potions_obtained":[{"floor":4,"key":"SneckoOil"},{"floor":4,"key":"GamblersBrew"},{"floor":4,"key":"PowerPotion"},{"floor":5,"key":"PowerPotion"},{"floor":8,"key":"SteroidPotion"},{"floor":14,"key":"Dexterity Potion"}],"is_trial":false,"path_per_floor":["M","$","?","?","M","R","M","M","T","E","$","?","E","M","R","B"],"character_chosen":"IRONCLAD","items_purchased":["Shuriken"],"campfire_rested":1,"item_purchase_floors":[2],"current_hp_per_floor":[48,48,48,48,48,48,48,38,38,34,34,54,30,28,52,0],"gold":106,"neow_bonus":"TWO_FIFTY_GOLD","is_prod":false,"is_daily":false,"chose_seed":false,"campfire_upgraded":1,"win_rate":0,"timestamp":1558385409,"path_taken":["M","$","?","?","M","R","?","M","T","E","$","?","E","M","R","BOSS"],"build_version":"2019-01-23","purchased_purges":2,"victory":false,"max_hp_per_floor":[80,80,80,80,80,80,80,80,80,80,80,80,80,80,80,80],"card_choices":[{"not_picked":["Sword Boomerang","Shrug It Off"],"picked":"Corruption","floor":1},{"not_picked":["Pummel","Warcry","Power Through"],"picked":"SKIP","floor":5},{"not_picked":["Sword Boomerang","Headbutt","Clothesline"],"picked":"SKIP","floor":7},{"not_picked":["Perfected Strike","Sword Boomerang","Iron Wave"],"picked":"SKIP","floor":8},{"not_picked":["Wild Strike","Evolve"],"picked":"Feel No Pain","floor":10},{"not_picked":["Entrench","Sword Boomerang"],"picked":"Clash","floor":13},{"not_picked":["Uppercut","Infernal Blade"],"picked":"Ghostly Armor","floor":14}],"player_experience":300624,"relics_obtained":[{"floor":9,"key":"Orichalcum"},{"floor":10,"key":"Bronze Scales"},{"floor":13,"key":"Juzu Bracelet"}],"event_choices":[{"damage_healed":0,"gold_gain":0,"player_choice":"Ignored","damage_taken":0,"max_hp_gain":0,"max_hp_loss":0,"event_name":"Liars Game","floor":3,"gold_loss":0},{"damage_healed":0,"gold_gain":0,"player_choice":"Got Potions","damage_taken":0,"max_hp_gain":0,"max_hp_loss":0,"event_name":"Lab","floor":4,"gold_loss":0},{"damage_healed":20,"gold_gain":0,"player_choice":"Healed and dodged fight","damage_taken":0,"max_hp_gain":0,"max_hp_loss":0,"event_name":"Mushrooms","floor":12,"gold_loss":0,"cards_obtained":["Parasite"]}],"is_beta":false,"boss_relics":[],"items_purged_floors":[2,11],"is_endless":false,"potions_floor_spawned":[5,8,14],"killed_by":"Slime Boss","ascension_level":8}