{"gold_per_floor":[110,110,123,141,153,181,181,201,201,216,15,31,63,81,81,185,185,197,112,37,56,69,69,87,87,111,111,111,111,122,122,122,218,218,238,238,58,0,11,46,46,63,63,90,140,175,50,70,70,70],"floor_reached":51,"playtime":1710,"items_purged":["Doom and Gloom","Sweeping Beam+1","Seek+1"],"score":974,"play_id":"2395af92-a705-4306-9e0c-6d628713fac1","local_time":"20181116213239","is_ascension_mode":false,"campfire_choices":[{"data":"Zap","floor":7,"key":"SMITH"},{"floor":15,"key":"REST"},{"data":"Dualcast","floor":23,"key":"PURGE"},{"data":"Lockon","floor":27,"key":"PURGE"},{"data":"Cold Snap","floor":29,"key":"PURGE"},{"data":"Glacier","floor":32,"key":"PURGE"},{"data":"Zap+1","floor":41,"key":"PURGE"},{"data":"Hologram+1","floor":49,"key":"PURGE"}],"neow_cost":"TEN_PERCENT_HP_LOSS","seed_source_timestamp":44034480188679,"circlet_count":0,"master_deck":["Beam Cell+1","FTL+1","Steam Power+1","Gash+1","Go for the Eyes+1","Gash+1","FTL+1","All For One+1","Gash+1","Gash+1","Gash+1","Seek+1","Beam Cell+1","Gash+1","Steam Power+1","Gash+1","Seek+1","Steam Power+1","Scrape","Gash"],"relics":["Cracked Core","Prayer Wheel","Dream Catcher","Bottled Flame","Bag of Preparation","Pandora\u0027s Box","Peace Pipe","Juzu Bracelet","Philosopher\u0027s Stone","Mark of the Bloom","Red Mask","Turnip","Pear","Mango","Bird Faced Urn","Unceasing Top"],"potions_floor_usage":[8],"damage_taken":[{"damage":1,"enemies":"2 Louse","floor":1,"turns":2},{"damage":1,"enemies":"Cultist","floor":3,"turns":3},{"damage":1,"enemies":"Jaw Worm","floor":4,"turns":2},{"damage":2,"enemies":"Looter","floor":5,"turns":3},{"damage":19,"enemies":"Gremlin Nob","floor":6,"turns":4},{"damage":2,"enemies":"Exordium Thugs","floor":8,"turns":3},{"damage":6,"enemies":"Large Slime","floor":10,"turns":3},{"damage":0,"enemies":"Looter","floor":12,"turns":1},{"damage":8,"enemies":"3 Sentries","floor":13,"turns":4},{"damage":5,"enemies":"3 Louse","floor":14,"turns":2},{"damage":11,"enemies":"Slime Boss","floor":16,"turns":3},{"damage":7,"enemies":"2 Thieves","floor":18,"turns":2},{"damage":0,"enemies":"3 Byrds","floor":21,"turns":1},{"damage":0,"enemies":"Sentry and Sphere","floor":22,"turns":2},{"damage":0,"enemies":"Centurion and Healer","floor":24,"turns":1},{"damage":0,"enemies":"Snecko","floor":30,"turns":1},{"damage":12,"enemies":"Champ","floor":33,"turns":2},{"damage":0,"enemies":"3 Shapes","floor":35,"turns":1},{"damage":0,"enemies":"Orb Walker","floor":39,"turns":1},{"damage":0,"enemies":"Reptomancer","floor":40,"turns":1},{"damage":0,"enemies":"Spire Growth","floor":42,"turns":1},{"damage":0,"enemies":"Giant Head","floor":44,"turns":1},{"damage":0,"enemies":"2 Orb Walkers","floor":45,"turns":1},{"damage":0,"enemies":"Reptomancer","floor":46,"turns":1},{"damage":0,"enemies":"Sphere and 2 Shapes","floor":48,"turns":1},{"damage":0,"enemies":"Donu and Deca","floor":50,"turns":1}],"seed_played":"-8048074053865911662","potions_obtained":[{"floor":6,"key":"SkillPotion"},{"floor":12,"key":"SteroidPotion"},{"floor":13,"key":"GamblersBrew"},{"floor":14,"key":"Energy Potion"},{"floor":46,"key":"Energy Potion"}],"is_trial":false,"path_per_floor":["M","?","M","M","M","E","R","M","T","M","$","M","E","M","R","B",null,"M","?","$","M","M","R","M","?","T","R","?","R","M","?","R","B",null,"M","?","$","?","M","E","R","M","T","E","?","E","$","M","R","B",null],"character_chosen":"DEFECT","items_purchased":["All For One","Gash","Scrape"],"campfire_rested":1,"item_purchase_floors":[11,11,37],"current_hp_per_floor":[67,67,66,65,63,44,44,42,42,36,36,36,28,23,43,32,68,61,61,61,61,61,61,61,61,61,61,61,61,61,49,49,37,73,73,73,73,73,73,73,73,73,73,73,73,73,73,73,73,73],"gold":70,"neow_bonus":"ONE_RARE_RELIC","is_prod":false,"is_daily":false,"chose_seed":false,"campfire_upgraded":1,"win_rate":0,"timestamp":1542396759,"path_taken":["M","?","M","M","M","E","R","?","T","M","?","M","E","M","R","BOSS","M","?","$","M","M","R","M","?","T","R","?","R","M","?","R","BOSS","M","?","$","?","M","E","R","M","T","E","?","E","?","M","R","BOSS"],"build_version":"2018-11-15","purchased_purges":3,"victory":true,"max_hp_per_floor":[68,68,68,68,68,68,68,68,68,68,68,68,68,68,68,68,68,68,68,68,68,68,68,68,68,68,68,68,68,68,73,73,73,73,73,73,73,73,73,73,73,73,83,97,97,97,97,97,97,97],"card_choices":[{"not_picked":["Leap","Sunder"],"picked":"Beam Cell","floor":1},{"not_picked":["Beam Cell","Ball Lightning"],"picked":"FTL","floor":1},{"not_picked":["Static Discharge","Chaos"],"picked":"Steam Power","floor":3},{"not_picked":["Turbo","Melter"],"picked":"Gash","floor":3},{"not_picked":["Barrage","Capacitor"],"picked":"Go for the Eyes","floor":4},{"not_picked":["Ball Lightning","Compile Driver","Sweeping Beam"],"picked":"SKIP","floor":4},{"not_picked":["Turbo","Steam"],"picked":"Gash","floor":5},{"not_picked":["Turbo","Sweeping Beam"],"picked":"FTL","floor":5},{"not_picked":["FTL","Cold Snap"],"picked":"Seek","floor":6},{"not_picked":["Barrage","Redo","Static Discharge"],"picked":"SKIP","floor":8},{"not_picked":["Auto Shields","Aggregate","Storm"],"picked":"SKIP","floor":8},{"not_picked":["Go for the Eyes","Beam Cell"],"picked":"Hologram","floor":10},{"not_picked":["Turbo","Go for the Eyes","Heatsinks"],"picked":"SKIP","floor":10},{"not_picked":["Barrage","Doom and Gloom","Sunder"],"picked":"SKIP","floor":12},{"not_picked":["Stack","Consume","Core Surge"],"picked":"SKIP","floor":12},{"not_picked":["Stack","Melter","Barrage"],"picked":"SKIP","floor":13},{"not_picked":["Hello World","Stack"],"picked":"Gash","floor":14},{"not_picked":["Redo","Aggregate","Stack"],"picked":"SKIP","floor":14},{"not_picked":["Reprogram","Beam Cell"],"picked":"Gash","floor":15},{"not_picked":["Core Surge","Multi-Cast"],"picked":"Seek","floor":16},{"not_picked":["Cold Snap","Capacitor","Skim"],"picked":"SKIP","floor":18},{"not_picked":["Cold Snap","Beam Cell","Leap"],"picked":"SKIP","floor":18},{"not_picked":["Chaos","Force Field","Go for the Eyes"],"picked":"SKIP","floor":21},{"not_picked":["Darkness","Auto Shields","Leap+1"],"picked":"SKIP","floor":21},{"not_picked":["Chill","Rebound"],"picked":"Steam Power+1","floor":22},{"not_picked":["Beam Cell","Redo","FTL"],"picked":"SKIP","floor":22},{"not_picked":["Machine Learning","Redo","Go for the Eyes"],"picked":"SKIP","floor":24},{"not_picked":["Leap","Recycle","Undo"],"picked":"SKIP","floor":24},{"not_picked":["Steam","Stack"],"picked":"Gash","floor":30},{"not_picked":["Compile Driver+1","Tempest","Hologram"],"picked":"SKIP","floor":30},{"not_picked":["Electrodynamics","Biased Cognition"],"picked":"Seek","floor":33},{"not_picked":["Stack+1","Tempest"],"picked":"Steam Power","floor":35},{"not_picked":["Rip and Tear+1","Barrage","Loop"],"picked":"SKIP","floor":35},{"not_picked":["Conserve Battery+1","Sunder","Darkness+1"],"picked":"SKIP","floor":39},{"not_picked":["Rebound+1","Chaos","Stack"],"picked":"SKIP","floor":39},{"not_picked":["Stack","Cold Snap","Aggregate+1"],"picked":"SKIP","floor":40},{"not_picked":["Go for the Eyes+1","Recycle","Reinforced Body+1"],"picked":"SKIP","floor":42},{"not_picked":["White Noise","Coolheaded+1","Lockon"],"picked":"SKIP","floor":42},{"not_picked":["Sweeping Beam","Multi-Cast","Reprogram"],"picked":"SKIP","floor":44},{"not_picked":["White Noise","Sweeping Beam"],"picked":"Gash","floor":45},{"not_picked":["Darkness","Capacitor+1","Undo"],"picked":"SKIP","floor":46},{"not_picked":["Cold Snap","Steam+1","Sweeping Beam"],"picked":"SKIP","floor":48},{"not_picked":["Rip and Tear+1","Fusion","Sweeping Beam"],"picked":"SKIP","floor":48}],"player_experience":246114,"relics_obtained":[{"floor":6,"key":"Dream Catcher"},{"floor":9,"key":"Bottled Flame"},{"floor":13,"key":"Bag of Preparation"},{"floor":26,"key":"Juzu Bracelet"},{"floor":40,"key":"Turnip"},{"floor":43,"key":"Pear"},{"floor":44,"key":"Mango"},{"floor":45,"key":"Bird Faced Urn"},{"floor":46,"key":"Unceasing Top"}],"event_choices":[{"cards_removed":["Strike_B"],"damage_healed":0,"gold_gain":0,"player_choice":"Purged","damage_taken":0,"max_hp_gain":0,"max_hp_loss":0,"event_name":"Purifier","floor":2,"gold_loss":0},{"damage_healed":0,"gold_gain":0,"player_choice":"Obtained Relic","damage_taken":0,"relics_obtained":["Peace Pipe"],"max_hp_gain":0,"max_hp_loss":0,"event_name":"Addict","floor":19,"gold_loss":85},{"damage_healed":0,"gold_gain":0,"player_choice":"Bought 0 Potions","damage_taken":0,"max_hp_gain":0,"max_hp_loss":0,"event_name":"The Woman in Blue","floor":25,"gold_loss":0},{"damage_healed":0,"gold_gain":0,"player_choice":"Ignored","damage_taken":0,"max_hp_gain":0,"max_hp_loss":0,"event_name":"Vampires","floor":28,"gold_loss":0},{"damage_healed":0,"gold_gain":0,"player_choice":"Shed Blood","damage_taken":17,"max_hp_gain":5,"max_hp_loss":0,"event_name":"Forgotten Altar","floor":31,"gold_loss":0},{"damage_healed":0,"gold_gain":0,"player_choice":"Upgrade","damage_taken":0,"relics_obtained":["Mark of the Bloom"],"max_hp_gain":0,"max_hp_loss":0,"event_name":"MindBloom","floor":36,"gold_loss":0,"cards_upgraded":["Beam Cell","FTL","Steam Power","Gash","Go for the Eyes","Gash","FTL","Seek","Hologram","All For One","Gash","Gash","Gash","Seek","Beam Cell","Sweeping Beam","Gash","Gash","Seek","Steam Power"]},{"damage_healed":0,"gold_gain":0,"player_choice":"Paid","damage_taken":0,"relics_obtained":["Red Mask"],"max_hp_gain":0,"max_hp_loss":0,"event_name":"Tomb of Lord Red Mask","floor":38,"gold_loss":58},{"damage_healed":0,"gold_gain":0,"player_choice":"Fight","damage_taken":0,"max_hp_gain":0,"max_hp_loss":0,"event_name":"Mysterious Sphere","floor":45,"gold_loss":0}],"is_beta":false,"boss_relics":[{"not_picked":["Tiny House","Lizard Tail"],"picked":"Pandora\u0027s Box"},{"not_picked":["Fusion Hammer","Velvet Choker"],"picked":"Philosopher\u0027s Stone"}],"items_purged_floors":[20,37,47],"is_endless":false,"potions_floor_spawned":[6,12,13,14,21,35,39,40,46,48],"ascension_level":0}