{"gold_per_floor":[116,130,230,246,246,277,151,151,199,199,213,248,101,129,129,231,231,231,231,30,30,30,30,30,30,30,30,30,30,30,30,30,30,30,30,30,0,0,0,0,0,0,0,0,0,0,0,0,0,0],"floor_reached":50,"playtime":2781,"items_purged":["Bash"],"score":970,"play_id":"6bce239f-0668-468a-95da-343b0d9b4a17","local_time":"20180625164517","is_ascension_mode":true,"campfire_choices":[{"data":"Hemokinesis","floor":8,"key":"SMITH"},{"data":"Inflame","floor":10,"key":"SMITH"},{"data":"Impervious","floor":15,"key":"SMITH"},{"data":"Clothesline","floor":23,"key":"SMITH"},{"data":"Heavy Blade","floor":29,"key":"SMITH"},{"data":"Pummel","floor":32,"key":"SMITH"},{"data":"Demon Form","floor":40,"key":"SMITH"},{"data":"Battle Trance","floor":47,"key":"SMITH"},{"data":"Immolate","floor":49,"key":"SMITH"}],"neow_cost":"NONE","seed_source_timestamp":891880654291921,"circlet_count":0,"master_deck":["Defend_R","Defend_R","Defend_R+1","Defend_R","Bash+1","Armaments+1","Inflame+1","Hemokinesis+1","Shrug It Off","Shrug It Off","Flame Barrier","Impervious+1","Pummel+1","Offering","True Grit+1","Clothesline+1","Heavy Blade+1","Inflame+1","Bite","Bite","Bite","Bite","Bite","Battle Trance+1","Immolate+1","True Grit+1","Demon Form+1"],"relics":["Burning Blood","Bag of Preparation","Anchor","Bottled Flame","Ancient Tea Set","Thread and Needle","Ectoplasm","Oddly Smooth Stone","Whetstone","The Courier","Juzu Bracelet","Snecko Eye","Red Mask","Ice Cream","Tiny Chest","War Paint","Boot"],"potions_floor_usage":[6,14,14,33,33,44,50,50],"damage_taken":[{"damage":1,"enemies":"2 Louse","floor":1,"turns":3},{"damage":1,"enemies":"Cultist","floor":2,"turns":3},{"damage":4,"enemies":"Jaw Worm","floor":4,"turns":4},{"damage":34,"enemies":"Lagavulin","floor":6,"turns":6},{"damage":6,"enemies":"Exordium Wildlife","floor":11,"turns":4},{"damage":18,"enemies":"3 Sentries","floor":12,"turns":7},{"damage":18,"enemies":"Gremlin Nob","floor":14,"turns":3},{"damage":30,"enemies":"Slime Boss","floor":16,"turns":13},{"damage":9,"enemies":"Chosen","floor":18,"turns":3},{"damage":8,"enemies":"Shell Parasite","floor":19,"turns":6},{"damage":6,"enemies":"Centurion and Healer","floor":22,"turns":5},{"damage":15,"enemies":"Slavers","floor":24,"turns":6},{"damage":4,"enemies":"Snake Plant","floor":25,"turns":4},{"damage":16,"enemies":"Book of Stabbing","floor":28,"turns":5},{"damage":2,"enemies":"Slaver and Parasite","floor":31,"turns":4},{"damage":33,"enemies":"Collector","floor":33,"turns":7},{"damage":4,"enemies":"Orb Walker","floor":35,"turns":2},{"damage":6,"enemies":"3 Shapes","floor":36,"turns":3},{"damage":16,"floor":38,"turns":4},{"damage":1,"enemies":"Sphere and 2 Shapes","floor":39,"turns":5},{"damage":8,"enemies":"Giant Head","floor":41,"turns":6},{"damage":6,"enemies":"Maw","floor":44,"turns":5},{"damage":9,"enemies":"Nemesis","floor":45,"turns":5},{"damage":60,"enemies":"Donu and Deca","floor":50,"turns":7}],"seed_played":"-4873355564009365847","potions_obtained":[{"floor":1,"key":"SkillPotion"},{"floor":4,"key":"BloodPotion"},{"floor":6,"key":"BloodPotion"},{"floor":11,"key":"Fire Potion"},{"floor":19,"key":"FearPotion"},{"floor":24,"key":"EssenceOfSteel"},{"floor":36,"key":"SneckoOil"},{"floor":38,"key":"Block Potion"},{"floor":39,"key":"EssenceOfSteel"},{"floor":41,"key":"PowerPotion"}],"is_trial":false,"path_per_floor":["M","M","?","M","?","E","$","R","T","R","M","E","$","E","R","B",null,"M","M","$","?","M","R","E","M","T","?","E","R","?","M","R","B",null,"M","M","?","?","M","R","E","$","T","M","E","$","R","$","R"],"character_chosen":"IRONCLAD","items_purchased":["Shrug It Off","Ancient Tea Set","Oddly Smooth Stone","SteroidPotion"],"campfire_rested":0,"item_purchase_floors":[7,13,20,20],"current_hp_per_floor":[80,80,80,80,80,60,60,60,60,60,60,48,48,44,44,20,65,62,60,60,60,60,60,51,53,53,53,43,43,43,54,54,37,51,56,56,56,50,56,56,56,56,56,56,56,56,56,56,56,0],"gold":0,"neow_bonus":"UPGRADE_CARD","is_prod":false,"is_daily":false,"chose_seed":false,"campfire_upgraded":9,"win_rate":0,"timestamp":1529916317,"path_taken":["M","M","?","M","?","E","?","R","T","R","M","E","$","E","R","BOSS","M","M","$","?","M","R","E","M","T","?","E","R","?","M","R","BOSS","M","M","?","?","M","R","E","$","T","M","E","$","R","?","R","BOSS"],"build_version":"2018-06-21v2","purchased_purges":1,"victory":false,"max_hp_per_floor":[80,80,80,80,80,80,80,80,80,80,80,80,80,80,80,80,80,80,80,80,80,80,80,80,80,80,80,80,80,56,56,56,56,56,56,56,56,56,56,56,56,56,56,56,56,56,56,56,56,56],"card_choices":[{"not_picked":["Evolve","Clash"],"picked":"Armaments","floor":1},{"not_picked":["Infernal Blade","Body Slam"],"picked":"Inflame","floor":2},{"not_picked":["Cleave","Twin Strike"],"picked":"Hemokinesis","floor":4},{"not_picked":["Juggernaut","Headbutt"],"picked":"Shrug It Off","floor":6},{"not_picked":["Thunderclap","Seeing Red"],"picked":"Flame Barrier","floor":11},{"not_picked":["Cleave","Warcry"],"picked":"Impervious","floor":12},{"not_picked":["True Grit","Flex"],"picked":"Pummel","floor":14},{"not_picked":["Bludgeon","Exhume"],"picked":"Offering","floor":16},{"not_picked":["Warcry","Searing Blow","Pommel Strike"],"picked":"SKIP","floor":18},{"not_picked":["Anger+1","Warcry"],"picked":"True Grit+1","floor":19},{"not_picked":["Iron Wave","Carnage"],"picked":"Clothesline","floor":22},{"not_picked":["Ghostly Armor","Dropkick"],"picked":"Heavy Blade","floor":24},{"not_picked":["Flex","Clothesline","Rampage"],"picked":"SKIP","floor":25},{"not_picked":["Uppercut","Fire Breathing+1"],"picked":"Inflame+1","floor":28},{"not_picked":["Havoc","Clash"],"picked":"Battle Trance","floor":31},{"not_picked":["Double Tap","Offering"],"picked":"Immolate","floor":33},{"not_picked":["Twin Strike","Flex","Ghostly Armor+1"],"picked":"SKIP","floor":35},{"not_picked":["Rage","Pommel Strike+1"],"picked":"True Grit+1","floor":36},{"not_picked":["Warcry","Pommel Strike"],"picked":"Demon Form","floor":39},{"not_picked":["Juggernaut","Iron Wave+1","Bloodletting"],"picked":"SKIP","floor":41},{"not_picked":["Iron Wave+1","Wild Strike+1","Twin Strike+1"],"picked":"SKIP","floor":44},{"not_picked":["Perfected Strike","Sentinel","Intimidate+1"],"picked":"SKIP","floor":45}],"player_experience":153347,"relics_obtained":[{"floor":6,"key":"Bag of Preparation"},{"floor":9,"key":"Anchor"},{"floor":12,"key":"Bottled Flame"},{"floor":14,"key":"Thread and Needle"},{"floor":24,"key":"Whetstone"},{"floor":26,"key":"The Courier"},{"floor":28,"key":"Juzu Bracelet"},{"floor":38,"key":"Ice Cream"},{"floor":41,"key":"Tiny Chest"},{"floor":43,"key":"War Paint"},{"floor":45,"key":"Boot"}],"event_choices":[{"event_name":"Wheel of Change","player_choice":"Gold","floor":3,"damage_taken":0},{"event_name":"Match and Keep!","player_choice":"1 cards matched","floor":5,"damage_taken":0},{"event_name":"Match and Keep!","player_choice":"1 cards matched","floor":5,"damage_taken":0},{"event_name":"Addict","player_choice":"Ignored","floor":21,"damage_taken":0},{"event_name":"Drug Dealer","player_choice":"Ignored","floor":27,"damage_taken":0},{"event_name":"Vampires","player_choice":"Became a vampire","floor":30,"damage_taken":0},{"event_name":"Tomb of Lord Red Mask","player_choice":"Paid","floor":37,"damage_taken":0},{"event_name":"MindBloom","player_choice":"Fight","floor":38,"damage_taken":0}],"boss_relics":[{"not_picked":["White Beast Statue","Runic Dome"],"picked":"Ectoplasm"},{"not_picked":["Velvet Choker","Philosopher\u0027s Stone"],"picked":"Snecko Eye"}],"items_purged_floors":[7],"is_endless":false,"potions_floor_spawned":[1,4,6,11,19,22,24,28,36,38,39,41],"killed_by":"Donu and Deca","ascension_level":5}