{"gold_per_floor":[19,29,39,49,49,49,81,93,140,140,11,11,40,54,54,54],"floor_reached":16,"playtime":1185,"items_purged":[],"score":185,"play_id":"1cdd042e-621e-4cb0-bd87-59cecb5c849f","local_time":"20190519072752","is_ascension_mode":true,"campfire_choices":[{"data":"Flame Barrier","floor":10,"key":"SMITH"},{"data":"Whirlwind","floor":12,"key":"SMITH"},{"floor":15,"key":"REST"}],"neow_cost":"NO_GOLD","seed_source_timestamp":64157748962926,"circlet_count":0,"master_deck":["AscendersBane","Strike_R","Strike_R","Strike_R","Defend_R","Defend_R","Defend_R","Defend_R","Bash","Spot Weakness","Flame Barrier+1","Spot Weakness","Feel No Pain","Whirlwind+1","Inflame","Twin Strike","Pommel Strike"],"special_seed":0,"relics":["Burning Blood","Vajra","Potion Belt","Self Forming Clay"],"potions_floor_usage":[7,7,13,13],"damage_taken":[{"damage":4.0,"enemies":"Jaw Worm","floor":1.0,"turns":4.0},{"damage":1.0,"enemies":"2 Louse","floor":2.0,"turns":4.0},{"damage":5.0,"enemies":"Small Slimes","floor":3.0,"turns":6.0},{"damage":12.0,"enemies":"Blue Slaver","floor":4.0,"turns":7.0},{"damage":38,"enemies":"Lagavulin","floor":7,"turns":10},{"damage":35,"enemies":"Exordium Thugs","floor":8,"turns":8},{"damage":12,"enemies":"3 Sentries","floor":13,"turns":8},{"damage":1,"enemies":"Exordium Wildlife","floor":14,"turns":4},{"damage":47,"enemies":"Slime Boss","floor":16,"turns":8}],"seed_played":"4867165500131164236","potions_obtained":[{"floor":2.0,"key":"AttackPotion"},{"floor":4.0,"key":"SkillPotion"},{"floor":8,"key":"Dexterity Potion"}],"is_trial":false,"path_per_floor":["M","M","M","M","?","?","E","M","T","R","$","R","E","M","R","B"],"character_chosen":"IRONCLAD","items_purchased":["Inflame","AttackPotion"],"campfire_rested":1,"item_purchase_floors":[11,11],"current_hp_per_floor":[74,79,80,74,79,79,47,18,18,18,18,18,12,17,42,0],"gold":54,"neow_bonus":"REMOVE_TWO","is_prod":false,"is_daily":false,"chose_seed":false,"campfire_upgraded":2,"win_rate":0,"timestamp":1558268872,"path_taken":["M","M","M","M","?","?","E","M","T","R","$","R","E","M","R","BOSS"],"build_version":"2019-01-23","purchased_purges":0,"victory":false,"max_hp_per_floor":[80,80,80,80,85,85,85,85,85,85,85,85,85,85,85,85],"card_choices":[{"not_picked":["Body Slam","Clothesline"],"picked":"Spot Weakness","floor":1.0},{"not_picked":["Rage","Twin Strike"],"picked":"Flame Barrier","floor":2.0},{"not_picked":["Combust","Fire Breathing"],"picked":"Spot Weakness","floor":3.0},{"not_picked":["Inflame","Clash"],"picked":"Feel No Pain","floor":4.0},{"not_picked":["Rampage","Power Through"],"picked":"Whirlwind","floor":7},{"not_picked":["Warcry","Feel No Pain","Anger"],"picked":"SKIP","floor":8},{"not_picked":["Havoc","Clash"],"picked":"Twin Strike","floor":13},{"not_picked":["Havoc","Blood for Blood"],"picked":"Pommel Strike","floor":14}],"player_experience":457644,"relics_obtained":[{"floor":7,"key":"Vajra"},{"floor":9,"key":"Potion Belt"},{"floor":13,"key":"Self Forming Clay"}],"event_choices":[{"damage_healed":0.0,"max_hp_gain":5.0,"max_hp_loss":0.0,"gold_gain":0.0,"event_name":"Big Fish","player_choice":"Donut","floor":5.0,"gold_loss":0.0,"damage_taken":0.0},{"damage_healed":0.0,"max_hp_gain":0.0,"max_hp_loss":0.0,"gold_gain":0.0,"event_name":"Liars Game","player_choice":"Ignored","floor":6.0,"gold_loss":0.0,"damage_taken":0.0}],"is_beta":false,"boss_relics":[],"items_purged_floors":[],"is_endless":false,"potions_floor_spawned":[2,4,8],"killed_by":"Slime Boss","ascension_level":13}