{"gold_per_floor":[109,184,203,203,218,253,253,273,273,273,1,16,51,67,67,169,169,181,181,27,27,46,46,77,77,103,13,24,53,53,73,73,172,172,172,182,182,182,195,195,205,205,205,205,97,111,11,21,21,21],"floor_reached":51,"playtime":4037,"items_purged":["Strike_R","Writhe","Strike_R"],"score":1155,"play_id":"58a9f7dd-a065-4f17-bdec-46dc31f50bc0","local_time":"20190510233547","is_ascension_mode":true,"campfire_choices":[{"data":"Armaments","floor":7.0,"key":"SMITH"},{"data":"Flame Barrier","floor":10.0,"key":"SMITH"},{"data":"Body Slam","floor":15.0,"key":"SMITH"},{"data":"Armaments","floor":23.0,"key":"SMITH"},{"data":"Shockwave","floor":25.0,"key":"SMITH"},{"data":"Barricade","floor":32.0,"key":"SMITH"},{"data":"Double Tap","floor":40,"key":"SMITH"},{"data":"Shockwave","floor":44,"key":"SMITH"},{"floor":49,"key":"REST"}],"neow_cost":"NONE","seed_source_timestamp":505865943681948,"circlet_count":0,"master_deck":["AscendersBane","Strike_R","Strike_R+1","Defend_R","Defend_R","Defend_R","Defend_R","Bash+1","Armaments+1","Pummel","Flame Barrier+1","Metallicize","Twin Strike","Metallicize","Pommel Strike","Reaper","Body Slam+1","Barricade+1","Armaments+1","Shockwave+1","Battle Trance","Battle Trance","True Grit","Double Tap+1","Whirlwind+1","Shockwave+1","Madness","Madness","Inflame+1","Battle Trance"],"special_seed":0,"relics":["Burning Blood","Oddly Smooth Stone","Question Card","DollysMirror","Du-Vu Doll","Cursed Key","Bag of Preparation","Champion Belt","PreservedInsect","The Courier","Velvet Choker","Frozen Egg 2"],"potions_floor_usage":[48,50],"damage_taken":[{"damage":1.0,"enemies":"Small Slimes","floor":1.0,"turns":4.0},{"damage":1.0,"enemies":"Cultist","floor":3.0,"turns":3.0},{"damage":1.0,"enemies":"2 Louse","floor":5.0,"turns":4.0},{"damage":28.0,"enemies":"3 Sentries","floor":6.0,"turns":11.0},{"damage":6.0,"enemies":"Exordium Wildlife","floor":8.0,"turns":7.0},{"damage":10.0,"enemies":"Exordium Thugs","floor":12.0,"turns":7.0},{"damage":10.0,"enemies":"Lagavulin","floor":13.0,"turns":9.0},{"damage":6.0,"enemies":"Looter","floor":14.0,"turns":5.0},{"damage":16.0,"enemies":"Hexaghost","floor":16.0,"turns":11.0},{"damage":0.0,"enemies":"3 Byrds","floor":18.0,"turns":4.0},{"damage":5.0,"enemies":"Colosseum Slavers","floor":19.0,"turns":3.0},{"damage":24.0,"enemies":"Spheric Guardian","floor":22.0,"turns":6.0},{"damage":18.0,"enemies":"Gremlin Leader","floor":24.0,"turns":8.0},{"damage":0.0,"enemies":"Chosen and Byrds","floor":28.0,"turns":4.0},{"damage":29.0,"enemies":"Slavers","floor":29.0,"turns":6.0},{"damage":5.0,"enemies":"Snake Plant","floor":31.0,"turns":5.0},{"damage":0.0,"enemies":"Automaton","floor":33.0,"turns":10.0},{"damage":0.0,"enemies":"3 Darklings","floor":35.0,"turns":1.0},{"damage":7.0,"enemies":"3 Shapes","floor":36.0,"turns":4.0},{"damage":2,"enemies":"Jaw Worm Horde","floor":39,"turns":5},{"damage":30,"enemies":"3 Darklings","floor":41,"turns":2},{"damage":68,"enemies":"Transient","floor":46,"turns":5},{"damage":11,"enemies":"Spire Growth","floor":48,"turns":4},{"damage":32,"enemies":"Donu and Deca","floor":50,"turns":12}],"seed_played":"2449562544856514347","potions_obtained":[{"floor":8.0,"key":"AttackPotion"},{"floor":12.0,"key":"Dexterity Potion"},{"floor":13.0,"key":"SkillPotion"},{"floor":18.0,"key":"AttackPotion"},{"floor":22.0,"key":"Dexterity Potion"},{"floor":29.0,"key":"SmokeBomb"},{"floor":31.0,"key":"LiquidBronze"},{"floor":41,"key":"Dexterity Potion"},{"floor":46,"key":"Explosive Potion"}],"is_trial":false,"path_per_floor":["M","?","M","?","M","E","R","M","T","R","$","M","E","M","R","B",null,"M","?","$","?","M","R","E","R","T","?","M","E","$","M","R","B",null,"M","M","?","$","M","R","M","?","T","R","$","M","$","M","R","B",null],"character_chosen":"IRONCLAD","items_purchased":["DollysMirror","Bag of Preparation","Inflame+1"],"campfire_rested":1,"item_purchase_floors":[11,20,45],"current_hp_per_floor":[77,66,71,71,76,54,54,54,54,54,54,50,46,51,51,47,72,80,80,80,80,62,62,69,69,69,69,75,57,57,64,64,70,78,80,79,79,79,80,80,80,70,70,70,70,20,20,27,51,49],"gold":21,"neow_bonus":"UPGRADE_CARD","is_prod":false,"is_daily":false,"chose_seed":false,"campfire_upgraded":8,"win_rate":0,"timestamp":1557549347,"path_taken":["M","?","M","?","M","E","R","?","T","R","$","M","E","M","R","BOSS","M","?","$","?","M","R","E","R","T","?","?","E","$","M","R","BOSS","M","M","?","$","M","R","M","?","T","R","$","M","?","?","R","BOSS"],"build_version":"2019-01-23","purchased_purges":3,"victory":true,"max_hp_per_floor":[80,80,80,80,80,80,80,80,80,80,80,80,80,80,80,80,80,80,80,80,80,80,80,80,80,80,80,80,80,80,80,80,80,80,80,80,80,80,80,80,80,80,80,80,80,80,80,80,80,80],"card_choices":[{"not_picked":["Clothesline","Wild Strike"],"picked":"Armaments","floor":1.0},{"not_picked":["Feel No Pain","Sword Boomerang"],"picked":"Pummel","floor":3.0},{"not_picked":["Hemokinesis","Feel No Pain"],"picked":"Flame Barrier","floor":5.0},{"not_picked":["Whirlwind","Rampage"],"picked":"Metallicize","floor":6.0},{"not_picked":["Warcry","Thunderclap"],"picked":"Twin Strike","floor":8.0},{"not_picked":["Second Wind","Heavy Blade","Twin Strike"],"picked":"Pommel Strike","floor":12.0},{"not_picked":["Rage","Blood for Blood","Carnage"],"picked":"Reaper","floor":13.0},{"not_picked":["Blood for Blood","Clothesline","Wild Strike"],"picked":"Body Slam","floor":14.0},{"not_picked":["Exhume","Brutality","Juggernaut"],"picked":"Barricade","floor":16.0},{"not_picked":["Entrench","Heavy Blade","Infernal Blade"],"picked":"Armaments","floor":18.0},{"not_picked":["Headbutt","Corruption","Perfected Strike"],"picked":"Shockwave","floor":22.0},{"not_picked":["Disarm","Anger+1","Seeing Red"],"picked":"Battle Trance","floor":24.0},{"not_picked":["Clothesline","Twin Strike","Iron Wave","Havoc"],"picked":"SKIP","floor":28.0},{"not_picked":["Clothesline","Twin Strike","Iron Wave","Havoc"],"picked":"SKIP","floor":28.0},{"not_picked":["Pommel Strike","Warcry","Dark Embrace"],"picked":"Battle Trance","floor":29.0},{"not_picked":["Flame Barrier","Bloodletting","Headbutt"],"picked":"True Grit","floor":31.0},{"not_picked":["Reaper","Immolate","Brutality"],"picked":"Double Tap","floor":33.0},{"not_picked":["Warcry+1","Searing Blow","Dropkick","True Grit"],"picked":"SKIP","floor":36.0},{"not_picked":["Pummel","Twin Strike","Body Slam"],"picked":"Whirlwind+1","floor":39},{"not_picked":["Corruption+1","Twin Strike","Combust+1"],"picked":"Shockwave","floor":41},{"not_picked":["Feel No Pain+1","Headbutt","Warcry","Juggernaut+1"],"picked":"SKIP","floor":46},{"not_picked":["Blood for Blood+1","Body Slam","Armaments"],"picked":"Battle Trance","floor":48}],"player_experience":418462,"relics_obtained":[{"floor":6.0,"key":"Oddly Smooth Stone"},{"floor":9.0,"key":"Question Card"},{"floor":13.0,"key":"Du-Vu Doll"},{"floor":24.0,"key":"Champion Belt"},{"floor":26.0,"key":"PreservedInsect"},{"floor":29.0,"key":"The Courier"},{"floor":43,"key":"Frozen Egg 2"}],"event_choices":[{"damage_healed":0.0,"max_hp_gain":0.0,"max_hp_loss":0.0,"gold_gain":75.0,"event_name":"World of Goop","player_choice":"Gather Gold","floor":2.0,"gold_loss":0.0,"damage_taken":11.0},{"cards_removed":["Strike_R"],"damage_healed":0.0,"max_hp_gain":0.0,"max_hp_loss":0.0,"gold_gain":0.0,"event_name":"Wheel of Change","player_choice":"Card Removal","floor":4.0,"gold_loss":0.0,"damage_taken":0.0},{"damage_healed":0.0,"max_hp_gain":0.0,"max_hp_loss":0.0,"gold_gain":0.0,"event_name":"Colosseum","player_choice":"Fight","floor":19.0,"gold_loss":0.0,"damage_taken":0.0},{"damage_healed":0.0,"max_hp_gain":0.0,"max_hp_loss":0.0,"gold_gain":0.0,"event_name":"Colosseum","player_choice":"Fled From Nobs","floor":19.0,"gold_loss":0.0,"damage_taken":0.0},{"damage_healed":0.0,"max_hp_gain":0.0,"max_hp_loss":0.0,"gold_gain":0.0,"event_name":"Colosseum","player_choice":"Fled From Nobs","floor":19.0,"gold_loss":0.0,"damage_taken":0.0},{"damage_healed":0.0,"max_hp_gain":0.0,"max_hp_loss":0.0,"gold_gain":0.0,"event_name":"Ghosts","player_choice":"Ignored","floor":21.0,"gold_loss":0.0,"damage_taken":0.0},{"cards_removed":["Normality"],"damage_healed":0.0,"max_hp_gain":0.0,"max_hp_loss":0.0,"gold_gain":0.0,"event_name":"Designer","player_choice":"Upgrade and Remove","floor":27.0,"gold_loss":90.0,"damage_taken":0.0,"cards_upgraded":["Strike_R"]},{"damage_healed":0,"gold_gain":0,"player_choice":"Ignored","damage_taken":0,"max_hp_gain":0,"max_hp_loss":0,"event_name":"Mysterious Sphere","floor":37,"gold_loss":0},{"damage_healed":0,"gold_gain":0,"player_choice":"Embrace Madness","damage_taken":10,"max_hp_gain":0,"max_hp_loss":0,"event_name":"Winding Halls","floor":42,"gold_loss":0,"cards_obtained":["Madness","Madness"]}],"is_beta":false,"boss_relics":[{"not_picked":["Busted Crown","Sozu"],"picked":"Cursed Key"},{"not_picked":["Runic Dome","Astrolabe"],"picked":"Velvet Choker"}],"items_purged_floors":[11,45,47],"is_endless":false,"potions_floor_spawned":[8,12,13,18,22,29,31,35,41,46],"ascension_level":12}