{"gold_per_floor":[210,10,30,48,60,60,60,60,60,60,71,99,99,126,126,126],"floor_reached":16,"playtime":1329,"items_purged":[],"score":182,"play_id":"8ba7ee60-4dea-40fa-ae53-340b1753874e","local_time":"20190511221610","is_ascension_mode":true,"campfire_choices":[{"data":"Leg Sweep","floor":6.0,"key":"SMITH"},{"data":"Neutralize","floor":8.0,"key":"SMITH"},{"data":"Dagger Spray","floor":10.0,"key":"SMITH"},{"floor":15.0,"key":"REST"}],"neow_cost":"NONE","seed_source_timestamp":590627506698477,"circlet_count":0,"master_deck":["AscendersBane","Defend_G","Defend_G","Defend_G","Defend_G","Defend_G","Strike_G","Strike_G","Strike_G","Strike_G","Strike_G","Survivor","Neutralize+1","Leg Sweep+1","Dagger Spray+1","Blur","Bouncing Flask","Dagger Throw","Dash"],"special_seed":0,"relics":["Ring of the Snake","Sling","Question Card","Regal Pillow","Thread and Needle"],"potions_floor_usage":[16,16],"damage_taken":[{"damage":6.0,"enemies":"Cultist","floor":1.0,"turns":6.0},{"damage":2.0,"enemies":"Jaw Worm","floor":3.0,"turns":6.0},{"damage":0.0,"enemies":"Small Slimes","floor":4.0,"turns":6.0},{"damage":9.0,"enemies":"Exordium Wildlife","floor":5.0,"turns":4.0},{"damage":0.0,"enemies":"2 Fungi Beasts","floor":11.0,"turns":4.0},{"damage":13.0,"enemies":"Lagavulin","floor":12.0,"turns":7.0},{"damage":25.0,"enemies":"Gremlin Nob","floor":14.0,"turns":4.0},{"damage":31,"enemies":"Slime Boss","floor":16,"turns":11}],"seed_played":"4396705131502432735","potions_obtained":[{"floor":1.0,"key":"SpeedPotion"},{"floor":3.0,"key":"LiquidBronze"},{"floor":11.0,"key":"EssenceOfSteel"},{"floor":14.0,"key":"LiquidBronze"}],"is_trial":false,"path_per_floor":["M","$","M","M","M","R","?","R","T","R","M","E","?","E","R","B"],"character_chosen":"THE_SILENT","items_purchased":["Sling"],"campfire_rested":1,"item_purchase_floors":[2],"current_hp_per_floor":[57,57,55,55,46,46,46,46,46,46,46,33,33,8,44,13],"gold":126,"neow_bonus":"HUNDRED_GOLD","is_prod":false,"is_daily":false,"chose_seed":false,"campfire_upgraded":3,"win_rate":0,"timestamp":1557630970,"path_taken":["M","$","M","?","M","R","?","R","T","R","?","E","?","E","R","BOSS"],"build_version":"2019-01-23","purchased_purges":0,"victory":false,"max_hp_per_floor":[70,70,70,70,70,70,70,70,70,70,70,70,70,70,70,70],"card_choices":[{"not_picked":["Predator","Prepared","Underhanded Strike"],"picked":"SKIP","floor":1.0},{"not_picked":["Endless Agony","Escape Plan"],"picked":"Leg Sweep","floor":3.0},{"not_picked":["Flying Knee","Choke"],"picked":"Dagger Spray","floor":4.0},{"not_picked":["Outmaneuver","Bane"],"picked":"Blur","floor":5.0},{"not_picked":["Quick Slash","Acrobatics","Escape Plan"],"picked":"Bouncing Flask","floor":11.0},{"not_picked":["Sucker Punch","Heel Hook","Flying Knee"],"picked":"Dagger Throw","floor":12.0},{"not_picked":["Skewer","Bouncing Flask","Escape Plan"],"picked":"Dash","floor":14.0}],"player_experience":425937,"relics_obtained":[{"floor":9.0,"key":"Question Card"},{"floor":12.0,"key":"Regal Pillow"},{"floor":14.0,"key":"Thread and Needle"}],"event_choices":[{"damage_healed":0.0,"max_hp_gain":0.0,"max_hp_loss":0.0,"gold_gain":0.0,"event_name":"The Woman in Blue","player_choice":"Bought 0 Potions","floor":7.0,"gold_loss":0.0,"damage_taken":0.0},{"damage_healed":0.0,"max_hp_gain":0.0,"max_hp_loss":0.0,"gold_gain":0.0,"event_name":"Golden Idol","player_choice":"Ignored","floor":13.0,"gold_loss":0.0,"damage_taken":0.0}],"is_beta":false,"boss_relics":[],"items_purged_floors":[],"is_endless":false,"potions_floor_spawned":[1,3,11,14],"killed_by":"Slime Boss","ascension_level":13}