{"gold_per_floor":[110,35,110,10,29,61,91,91,117,117,135,135,168,184,184,184],"floor_reached":16,"playtime":455,"items_purged":["Strike_R","Defend_R"],"score":200,"play_id":"33cb9522-54ea-4feb-ba1f-d944405426a7","local_time":"20190523102154","is_ascension_mode":true,"campfire_choices":[{"data":"Bash","floor":8,"key":"SMITH"},{"floor":15,"key":"REST"}],"neow_cost":"NONE","seed_source_timestamp":303960651550873,"circlet_count":0,"master_deck":["AscendersBane","Strike_R","Strike_R","Strike_R","Strike_R","Defend_R","Defend_R","Defend_R","Bash+1","Iron Wave"],"special_seed":0,"relics":["Burning Blood","NeowsBlessing","Meat on the Bone","Tiny Chest","Vajra","Smiling Mask","Orichalcum"],"potions_floor_usage":[16,16,16],"damage_taken":[{"damage":0.0,"enemies":"Small Slimes","floor":1.0,"turns":1.0},{"damage":0.0,"enemies":"2 Louse","floor":5.0,"turns":1.0},{"damage":0.0,"enemies":"Lagavulin","floor":6.0,"turns":1.0},{"damage":12,"enemies":"Jaw Worm","floor":11,"turns":3},{"damage":25,"enemies":"Gremlin Nob","floor":13,"turns":4},{"damage":33,"enemies":"Large Slime","floor":14,"turns":8},{"damage":61,"enemies":"Hexaghost","floor":16,"turns":12}],"seed_played":"-2884206661663157334","potions_obtained":[{"floor":1.0,"key":"Weak Potion"},{"floor":6.0,"key":"Dexterity Potion"},{"floor":14,"key":"Block Potion"}],"is_trial":false,"path_per_floor":["M","$","?","$","M","E","?","R","T","$","M","?","E","M","R","B"],"character_chosen":"IRONCLAD","items_purchased":[],"campfire_rested":1,"item_purchase_floors":[],"current_hp_per_floor":[78,78,67,67,73,79,79,79,79,79,73,66,47,32,56,0],"gold":184,"neow_bonus":"THREE_ENEMY_KILL","is_prod":false,"is_daily":false,"chose_seed":false,"campfire_upgraded":1,"win_rate":0,"timestamp":1558596114,"path_taken":["M","$","?","$","M","E","?","R","T","$","M","?","E","?","R","BOSS"],"build_version":"2019-01-23","purchased_purges":2,"victory":false,"max_hp_per_floor":[80,80,80,80,80,80,80,80,80,80,80,80,80,80,80,80],"card_choices":[{"not_picked":["Entrench","Infernal Blade","Battle Trance"],"picked":"SKIP","floor":1.0},{"not_picked":["Pommel Strike","Armaments","Burning Pact"],"picked":"SKIP","floor":5.0},{"not_picked":["Thunderclap","Cleave","Rage"],"picked":"SKIP","floor":6.0},{"not_picked":["Wild Strike","Shrug It Off"],"picked":"Iron Wave","floor":11},{"not_picked":["Ghostly Armor","Second Wind","Reckless Charge"],"picked":"SKIP","floor":13},{"not_picked":["Flex","Second Wind","Perfected Strike"],"picked":"SKIP","floor":14}],"player_experience":312323,"relics_obtained":[{"floor":6.0,"key":"Meat on the Bone"},{"floor":9,"key":"Vajra"},{"floor":13,"key":"Orichalcum"}],"event_choices":[{"damage_healed":0.0,"max_hp_gain":0.0,"max_hp_loss":0.0,"gold_gain":75.0,"event_name":"World of Goop","player_choice":"Gather Gold","floor":3.0,"gold_loss":0.0,"damage_taken":11.0},{"damage_healed":0,"gold_gain":0,"player_choice":"Searched \u00272\u0027 times","damage_taken":0,"relics_obtained":["Tiny Chest"],"max_hp_gain":0,"max_hp_loss":0,"event_name":"Dead Adventurer","floor":7,"gold_loss":0},{"damage_healed":0,"gold_gain":0,"player_choice":"Success","damage_taken":7,"relics_obtained":["Smiling Mask"],"max_hp_gain":0,"max_hp_loss":0,"event_name":"Scrap Ooze","floor":12,"gold_loss":0}],"is_beta":false,"boss_relics":[],"items_purged_floors":[2,4],"is_endless":false,"potions_floor_spawned":[1,6,14],"killed_by":"Hexaghost","ascension_level":10}