{"gold_per_floor":[111,111,57,57,68,68,102,118,118,118,151,180,180,194,194,271,271,286,286,297,347,5,5,35,35,35,69,85,120,136,136],"floor_reached":31,"playtime":1533,"items_purged":["Defend_R"],"score":622,"play_id":"b3685867-ad9a-41c9-b264-18b9f1d6a748","local_time":"20190530175733","is_ascension_mode":true,"campfire_choices":[{"data":"Armaments","floor":6.0,"key":"SMITH"},{"data":"Combust","floor":10.0,"key":"SMITH"},{"data":"Bash","floor":13.0,"key":"SMITH"},{"data":"Perfected Strike","floor":15.0,"key":"SMITH"},{"floor":23.0,"key":"REST"}],"neow_cost":"NONE","seed_source_timestamp":1051577533428620,"circlet_count":0,"master_deck":["AscendersBane","Strike_R","Strike_R","Strike_R","Strike_R","Strike_R","Defend_R","Defend_R","Defend_R","Bash+1","Perfected Strike+1","Armaments+1","Twin Strike","Combust+1","Warcry+1","Armaments+1","Perfected Strike+1","Reaper","Shrug It Off+1","Battle Trance+1","Shrug It Off+1","True Grit+1","Sentinel+1","Corruption","Twin Strike"],"special_seed":0,"relics":["Burning Blood","NeowsBlessing","Toxic Egg 2","Centennial Puzzle","WingedGreaves","Orichalcum","Velvet Choker","Membership Card","Happy Flower","Bottled Flame","Strawberry","Dead Branch"],"potions_floor_usage":[],"damage_taken":[{"damage":0.0,"enemies":"Jaw Worm","floor":1.0,"turns":1.0},{"damage":0.0,"enemies":"Small Slimes","floor":5.0,"turns":1.0},{"damage":0.0,"enemies":"Lagavulin","floor":7.0,"turns":1.0},{"damage":0.0,"enemies":"Cultist","floor":8.0,"turns":2.0},{"damage":9.0,"enemies":"Gremlin Nob","floor":11.0,"turns":3.0},{"damage":22.0,"enemies":"Lagavulin","floor":12.0,"turns":4.0},{"damage":5.0,"enemies":"Looter","floor":14.0,"turns":2.0},{"damage":22.0,"enemies":"The Guardian","floor":16.0,"turns":11.0},{"damage":17.0,"enemies":"3 Byrds","floor":18.0,"turns":3.0},{"damage":16.0,"enemies":"Shell Parasite","floor":20.0,"turns":3.0},{"damage":33.0,"enemies":"Slavers","floor":24.0,"turns":6.0},{"damage":27.0,"enemies":"Book of Stabbing","floor":27.0,"turns":5.0},{"damage":12.0,"enemies":"3 Cultists","floor":28.0,"turns":5.0},{"damage":42.0,"enemies":"Gremlin Leader","floor":29.0,"turns":7.0},{"damage":5.0,"enemies":"Chosen and Byrds","floor":30.0,"turns":4.0},{"damage":30,"enemies":"Snake Plant","floor":31,"turns":3}],"seed_played":"-5681875584844677131","potions_obtained":[{"floor":4.0,"key":"Fire Potion"},{"floor":8.0,"key":"LiquidBronze"},{"floor":14.0,"key":"Explosive Potion"},{"floor":16.0,"key":"Poison Potion"},{"floor":24.0,"key":"SkillPotion"},{"floor":27.0,"key":"Poison Potion"},{"floor":28.0,"key":"SkillPotion"},{"floor":30.0,"key":"Dexterity Potion"}],"is_trial":false,"path_per_floor":["M","?","$","?","M","R","E","M","T","R","E","E","R","M","R","B",null,"M","?","M","?","$","R","E","?","T","E","M","E","M","M"],"character_chosen":"IRONCLAD","items_purchased":["Weak Potion","Membership Card","Shrug It Off+1","True Grit+1","Explosive Potion"],"campfire_rested":1,"item_purchase_floors":[3,22,22,22,22],"current_hp_per_floor":[74,74,74,74,75,75,75,75,75,75,72,56,56,57,57,41,67,56,56,46,46,46,68,45,45,45,31,35,26,27,0],"gold":136,"neow_bonus":"THREE_ENEMY_KILL","is_prod":false,"is_daily":false,"chose_seed":false,"campfire_upgraded":4,"win_rate":0,"timestamp":1559257053,"path_taken":["M","?","$","?","M","R","E","M","T","R","E","E","R","?","R","BOSS","M","?","M","?","$","R","E","?","T","E","M","E","M","M"],"build_version":"2019-01-23","purchased_purges":1,"victory":false,"max_hp_per_floor":[75,75,75,75,75,75,75,75,75,75,75,75,75,75,75,75,75,75,75,75,75,75,75,75,75,75,82,82,82,82,82],"card_choices":[{"not_picked":["Thunderclap","Spot Weakness"],"picked":"Perfected Strike","floor":1.0},{"not_picked":["Sword Boomerang","Power Through"],"picked":"Armaments","floor":5.0},{"not_picked":["Whirlwind","Berserk"],"picked":"Twin Strike","floor":7.0},{"not_picked":["Fire Breathing","Perfected Strike"],"picked":"Combust","floor":8.0},{"not_picked":["Metallicize","Body Slam"],"picked":"Warcry+1","floor":11.0},{"not_picked":["Thunderclap","Perfected Strike"],"picked":"Armaments+1","floor":12.0},{"not_picked":["Thunderclap","Berserk"],"picked":"Perfected Strike","floor":14.0},{"not_picked":["Fiend Fire","Exhume+1"],"picked":"Reaper","floor":16.0},{"not_picked":["Clash","Body Slam"],"picked":"Shrug It Off+1","floor":18.0},{"not_picked":["Clash+1","Intimidate+1"],"picked":"Battle Trance+1","floor":20.0},{"not_picked":["Cleave","Perfected Strike"],"picked":"Sentinel+1","floor":24.0},{"not_picked":["Bludgeon","Iron Wave+1","Dual Wield+1"],"picked":"SKIP","floor":27.0},{"not_picked":["Headbutt","Body Slam","Perfected Strike"],"picked":"SKIP","floor":28.0},{"not_picked":["Shrug It Off+1","True Grit+1"],"picked":"Corruption","floor":29.0},{"not_picked":["Dual Wield+1","Clash"],"picked":"Twin Strike","floor":30.0}],"player_experience":496522,"relics_obtained":[{"floor":7.0,"key":"Toxic Egg 2"},{"floor":9.0,"key":"Centennial Puzzle"},{"floor":11.0,"key":"WingedGreaves"},{"floor":12.0,"key":"Orichalcum"},{"floor":24.0,"key":"Happy Flower"},{"floor":26.0,"key":"Bottled Flame"},{"floor":27.0,"key":"Strawberry"},{"floor":29.0,"key":"Dead Branch"}],"event_choices":[{"damage_healed":0.0,"max_hp_gain":0.0,"max_hp_loss":0.0,"gold_gain":0.0,"event_name":"Living Wall","player_choice":"Grow","floor":2.0,"gold_loss":0.0,"damage_taken":0.0,"cards_upgraded":["Perfected Strike"]},{"damage_healed":0.0,"max_hp_gain":0.0,"max_hp_loss":0.0,"gold_gain":0.0,"event_name":"Lab","player_choice":"Got Potions","floor":4.0,"gold_loss":0.0,"damage_taken":0.0},{"damage_healed":0.0,"max_hp_gain":0.0,"max_hp_loss":0.0,"gold_gain":0.0,"event_name":"Ghosts","player_choice":"Ignored","floor":19.0,"gold_loss":0.0,"damage_taken":0.0},{"damage_healed":0.0,"max_hp_gain":0.0,"max_hp_loss":0.0,"gold_gain":50.0,"event_name":"Nest","player_choice":"Stole From Cult","floor":21.0,"gold_loss":0.0,"damage_taken":0.0},{"damage_healed":0.0,"max_hp_gain":0.0,"max_hp_loss":0.0,"gold_gain":0.0,"event_name":"Cursed Tome","player_choice":"Ignored","floor":25.0,"gold_loss":0.0,"damage_taken":0.0}],"is_beta":false,"boss_relics":[{"not_picked":["Coffee Dripper","Calling Bell"],"picked":"Velvet Choker"}],"items_purged_floors":[22],"is_endless":false,"potions_floor_spawned":[8,14,16,24,27,28,30],"killed_by":"Snake Plant","ascension_level":17}