{"gold_per_floor":[109,284,8,8,28,28,40,40,40,66,28,60,60,76,76,180,180,200,220,69,69,69,89,121,121,121,121,141,172,172,189,189,284,334,344,344,344,40,52,52,3,3,3,14,28,47,61,61,61,61],"floor_reached":50,"playtime":4504,"items_purged":["Doubt","Defend_G"],"score":824,"play_id":"239ff5e3-d36a-4d7d-bd54-5c265565b18c","local_time":"20190510111245","is_ascension_mode":true,"campfire_choices":[{"data":"Cloak And Dagger","floor":6.0,"key":"SMITH"},{"data":"Cloak And Dagger","floor":8.0,"key":"SMITH"},{"data":"Neutralize","floor":13.0,"key":"SMITH"},{"data":"Cloak And Dagger","floor":15.0,"key":"SMITH"},{"data":"Die Die Die","floor":25.0,"key":"SMITH"},{"data":"Glass Knife","floor":27.0,"key":"SMITH"},{"data":"Well Laid Plans","floor":30.0,"key":"SMITH"},{"data":"Dodge and Roll","floor":32.0,"key":"SMITH"},{"data":"Adrenaline","floor":40.0,"key":"SMITH"},{"data":"PiercingWail","floor":42.0,"key":"SMITH"},{"floor":49.0,"key":"REST"}],"neow_cost":"PERCENT_DAMAGE","seed_source_timestamp":0,"circlet_count":0,"master_deck":["AscendersBane","Defend_G","Defend_G","Strike_G","Strike_G","Strike_G","Survivor","Neutralize+1","Cloak And Dagger+1","Cloak And Dagger+1","Cloak And Dagger+1","Infinite Blades","Die Die Die+1","Well Laid Plans+1","Glass Knife+1","After Image","Infinite Blades","RitualDagger","Backstab","Dodge and Roll+1","Envenom+1","Prepared+1","Adrenaline+1","PiercingWail+1","Endless Agony+1","Parasite","Trip","Dark Shackles"],"special_seed":0,"relics":["Ring of the Snake","Bronze Scales","Unceasing Top","Gambling Chip","Vajra","Empty Cage","Matryoshka","Boot","Blue Candle","Bag of Marbles","Tiny House","Snake Skull","Smiling Mask","Question Card"],"potions_floor_usage":[],"damage_taken":[{"damage":0.0,"enemies":"Jaw Worm","floor":1.0,"turns":5.0},{"damage":1.0,"enemies":"2 Louse","floor":5.0,"turns":2.0},{"damage":0.0,"enemies":"Small Slimes","floor":7.0,"turns":4.0},{"damage":15.0,"enemies":"Gremlin Nob","floor":10.0,"turns":5.0},{"damage":8.0,"enemies":"Lagavulin","floor":12.0,"turns":8.0},{"damage":0.0,"enemies":"Looter","floor":14.0,"turns":2.0},{"damage":3.0,"enemies":"The Guardian","floor":16.0,"turns":12.0},{"damage":0.0,"enemies":"Shell Parasite","floor":18.0,"turns":4.0},{"damage":0.0,"enemies":"Spheric Guardian","floor":19.0,"turns":3.0},{"damage":3.0,"enemies":"Shelled Parasite and Fungi","floor":23.0,"turns":4.0},{"damage":0.0,"enemies":"Gremlin Leader","floor":24.0,"turns":6.0},{"damage":0.0,"enemies":"3 Cultists","floor":28.0,"turns":4.0},{"damage":1.0,"enemies":"Slavers","floor":29.0,"turns":4.0},{"damage":0.0,"enemies":"Centurion and Healer","floor":31.0,"turns":4.0},{"damage":25.0,"enemies":"Collector","floor":33.0,"turns":10.0},{"damage":10.0,"enemies":"3 Darklings","floor":35.0,"turns":7.0},{"damage":0.0,"enemies":"Orb Walker","floor":39.0,"turns":3.0},{"damage":15.0,"enemies":"Spire Growth","floor":44.0,"turns":4.0},{"damage":2.0,"enemies":"3 Darklings","floor":45.0,"turns":5.0},{"damage":0.0,"enemies":"Writhing Mass","floor":46.0,"turns":4.0},{"damage":1.0,"enemies":"Spire Growth","floor":47.0,"turns":3.0},{"damage":55,"enemies":"Donu and Deca","floor":50,"turns":7}],"seed_played":"-7133617891270990707","potions_obtained":[{"floor":7.0,"key":"GhostInAJar"},{"floor":10.0,"key":"GhostInAJar"},{"floor":14.0,"key":"PowerPotion"},{"floor":24.0,"key":"FearPotion"},{"floor":31.0,"key":"GamblersBrew"},{"floor":34.0,"key":"Poison Potion"},{"floor":44.0,"key":"SteroidPotion"}],"is_trial":false,"path_per_floor":["M","?","$","?","M","R","M","R","T","E","$","E","R","M","R","B",null,"M","M","$","?","?","M","E","R","T","R","M","E","R","M","R","B",null,"M","?","?","$","M","R","$","R","T","M","M","M","M","?","R","B"],"character_chosen":"THE_SILENT","items_purchased":["Bronze Scales","Cloak And Dagger","Well Laid Plans","Block Potion","Snake Skull","Adrenaline","PiercingWail"],"campfire_rested":1,"item_purchase_floors":[3,3,11,20,38,38,41],"current_hp_per_floor":[45,45,45,45,44,44,44,44,44,29,29,21,21,21,21,18,57,57,57,57,57,51,48,48,48,48,48,48,47,47,47,47,22,63,53,53,53,53,53,53,53,53,53,38,36,36,35,30,52,0],"gold":61,"neow_bonus":"REMOVE_TWO","is_prod":false,"is_daily":false,"chose_seed":false,"campfire_upgraded":10,"win_rate":0,"timestamp":1557504765,"path_taken":["M","?","$","?","M","R","M","R","T","E","$","E","R","M","R","BOSS","M","M","$","?","?","M","E","R","T","R","M","E","R","M","R","BOSS","M","?","?","$","M","R","$","R","T","M","M","M","M","?","R","BOSS"],"build_version":"2019-01-23","purchased_purges":2,"victory":false,"max_hp_per_floor":[70,70,70,70,70,70,70,70,70,70,70,70,70,70,70,70,70,70,70,70,70,70,70,70,70,70,70,70,70,70,70,70,70,75,75,75,75,75,75,75,75,75,75,75,75,75,75,75,75,75],"card_choices":[{"not_picked":["Prepared","Deadly Poison"],"picked":"Cloak And Dagger","floor":1.0},{"not_picked":["Prepared","Expertise"],"picked":"Cloak And Dagger","floor":5.0},{"not_picked":["Acrobatics","Deadly Poison"],"picked":"Infinite Blades","floor":7.0},{"not_picked":["Dagger Spray","Blade Dance"],"picked":"Die Die Die","floor":10.0},{"not_picked":["Blur","Acrobatics"],"picked":"Glass Knife","floor":12.0},{"not_picked":["Quick Slash","Sucker Punch","Blade Dance"],"picked":"SKIP","floor":14.0},{"not_picked":["Wraith Form v2","Envenom"],"picked":"After Image","floor":16.0},{"not_picked":["Predator+1","Heel Hook"],"picked":"Infinite Blades","floor":18.0},{"not_picked":["Bane","Cloak And Dagger","Deflect"],"picked":"SKIP","floor":19.0},{"not_picked":["Bane","Expertise","All Out Attack"],"picked":"SKIP","floor":23.0},{"not_picked":["Blade Dance","Deflect","Heel Hook"],"picked":"SKIP","floor":24.0},{"not_picked":["Acrobatics","Cloak And Dagger"],"picked":"Backstab","floor":28.0},{"not_picked":["Acrobatics","Blade Dance","Crippling Poison+1"],"picked":"SKIP","floor":29.0},{"not_picked":["All Out Attack","Prepared"],"picked":"Dodge and Roll","floor":31.0},{"not_picked":["Venomology","Corpse Explosion"],"picked":"Envenom","floor":33.0},{"not_picked":["Deflect","Tools of the Trade"],"picked":"Prepared+1","floor":35.0},{"not_picked":["Prepared","Acrobatics","Dagger Spray"],"picked":"SKIP","floor":39.0},{"not_picked":["Sucker Punch","Outmaneuver+1","Dagger Throw+1","Heel Hook+1"],"picked":"SKIP","floor":44.0},{"not_picked":["Deadly Poison","Dagger Spray+1","Escape Plan"],"picked":"Endless Agony+1","floor":45.0},{"not_picked":["Dagger Spray","Poisoned Stab","Blade Dance","Concentrate+1"],"picked":"SKIP","floor":46.0},{"not_picked":["Dodge and Roll","Leg Sweep","Acrobatics","Deflect"],"picked":"SKIP","floor":47.0},{"not_picked":["HandOfGreed","Sadistic Nature","Dramatic Entrance"],"picked":"Trip","floor":48.0},{"not_picked":["Discovery","Forethought","Thinking Ahead"],"picked":"Dark Shackles","floor":48.0}],"player_experience":401809,"relics_obtained":[{"floor":9.0,"key":"Unceasing Top"},{"floor":10.0,"key":"Gambling Chip"},{"floor":12.0,"key":"Vajra"},{"floor":24.0,"key":"Matryoshka"},{"floor":26.0,"key":"Boot"},{"floor":26.0,"key":"Blue Candle"},{"floor":29.0,"key":"Bag of Marbles"},{"floor":43.0,"key":"Smiling Mask"},{"floor":43.0,"key":"Question Card"}],"event_choices":[{"damage_healed":0.0,"max_hp_gain":0.0,"max_hp_loss":0.0,"gold_gain":175.0,"event_name":"Liars Game","player_choice":"AGREE","floor":2.0,"gold_loss":0.0,"damage_taken":0.0,"cards_obtained":["Doubt"]},{"damage_healed":0.0,"max_hp_gain":0.0,"max_hp_loss":0.0,"gold_gain":0.0,"event_name":"Golden Idol","player_choice":"Ignored","floor":4.0,"gold_loss":0.0,"damage_taken":0.0},{"damage_healed":0.0,"max_hp_gain":0.0,"max_hp_loss":0.0,"gold_gain":0.0,"event_name":"Nest","player_choice":"Joined the Cult","floor":22.0,"gold_loss":0.0,"damage_taken":6.0,"cards_obtained":["RitualDagger"]},{"damage_healed":0.0,"max_hp_gain":0.0,"max_hp_loss":0.0,"gold_gain":0.0,"event_name":"Tomb of Lord Red Mask","player_choice":"Ignored","floor":36.0,"gold_loss":0.0,"damage_taken":0.0},{"damage_healed":0.0,"max_hp_gain":0.0,"max_hp_loss":0.0,"gold_gain":0.0,"event_name":"Mysterious Sphere","player_choice":"Ignored","floor":37.0,"gold_loss":0.0,"damage_taken":0.0},{"damage_healed":0.0,"max_hp_gain":0.0,"max_hp_loss":0.0,"gold_gain":0.0,"event_name":"SensoryStone","player_choice":"Memory 2","floor":48.0,"gold_loss":0.0,"damage_taken":5.0}],"is_beta":false,"boss_relics":[{"not_picked":["HoveringKite","Velvet Choker"],"picked":"Empty Cage"},{"not_picked":["Ring of the Serpent","Astrolabe"],"picked":"Tiny House"}],"items_purged_floors":[3,20],"is_endless":false,"potions_floor_spawned":[7,10,14,23,24,28,31,44],"killed_by":"Donu and Deca","ascension_level":12}