{"gold_per_floor":[117,117,130,141,141,155,155,108,108,139,151,165,165,180,180,278,278,293,383,17,27,47,47,47,47,47,47,58,73,88,88],"floor_reached":31,"playtime":2489,"items_purged":[],"score":241,"play_id":"e9f06c94-35a7-4bc6-9d3b-9d573a1766ea","local_time":"20190518154456","is_ascension_mode":false,"campfire_choices":[{"floor":7,"key":"REST"},{"floor":13,"key":"REST"},{"floor":15,"key":"REST"},{"floor":23,"key":"REST"},{"floor":25,"key":"REST"},{"floor":27,"key":"REST"}],"neow_cost":"NONE","seed_source_timestamp":118052993906400,"circlet_count":0,"master_deck":["Strike_B","Strike_B","Strike_B","Strike_B","Defend_B","Defend_B","Defend_B","Defend_B","Zap+1","Dualcast","Redo","Barrage+1","Echo Form","Cold Snap","Go for the Eyes","Steam","Compile Driver","Meteor Strike","Machine Learning","Defragment","Madness","Finesse","Capacitor","BootSequence+1","Doom and Gloom+1","Sunder","Biased Cognition","Static Discharge","Gash"],"relics":["Cracked Core","Juzu Bracelet","Bottled Tornado","Runic Pyramid","Mercury Hourglass","Sundial"],"potions_floor_usage":[11,11,22,22,30,31,31],"damage_taken":[{"damage":2,"enemies":"Jaw Worm","floor":1,"turns":5},{"damage":0,"enemies":"Cultist","floor":3,"turns":4},{"damage":12,"enemies":"Small Slimes","floor":4,"turns":4},{"damage":13,"enemies":"Red Slaver","floor":6,"turns":3},{"damage":4,"enemies":"Lagavulin","floor":10,"turns":6},{"damage":50,"enemies":"Gremlin Gang","floor":11,"turns":5},{"damage":3,"enemies":"Exordium Wildlife","floor":12,"turns":3},{"damage":5,"enemies":"3 Louse","floor":14,"turns":3},{"damage":28,"enemies":"Slime Boss","floor":16,"turns":8},{"damage":26,"enemies":"Spheric Guardian","floor":18,"turns":8},{"damage":0,"enemies":"Shell Parasite","floor":21,"turns":6},{"damage":21,"enemies":"Shelled Parasite and Fungi","floor":22,"turns":5},{"damage":10,"enemies":"Chosen and Byrds","floor":28,"turns":5},{"damage":26,"enemies":"Snake Plant","floor":29,"turns":5},{"damage":24,"enemies":"3 Cultists","floor":30,"turns":5},{"damage":18,"enemies":"Centurion and Healer","floor":31,"turns":4}],"seed_played":"-7607176273076529648","potions_obtained":[{"floor":1,"key":"Strength Potion"},{"floor":6,"key":"EssenceOfSteel"},{"floor":14,"key":"Explosive Potion"},{"floor":16,"key":"Swift Potion"},{"floor":18,"key":"AttackPotion"},{"floor":22,"key":"Ancient Potion"},{"floor":29,"key":"GamblersBrew"}],"is_trial":false,"path_per_floor":["M","?","M","M","?","M","R","$","T","E","M","M","R","M","R","B",null,"M","?","$","M","M","R","?","R","T","R","M","M","M","M"],"character_chosen":"DEFECT","items_purchased":["Cold Snap","Capacitor","Mercury Hourglass","BootSequence"],"campfire_rested":6,"item_purchase_floors":[8,20,20,20],"current_hp_per_floor":[80,82,82,70,54,41,65,65,65,61,11,8,32,27,51,23,82,56,24,24,24,3,27,27,51,51,75,65,39,15,0],"gold":88,"neow_bonus":"TEN_PERCENT_HP_BONUS","is_prod":false,"is_daily":false,"chose_seed":false,"campfire_upgraded":0,"win_rate":0.0,"timestamp":1558215896,"path_taken":["M","?","M","?","?","M","R","?","T","E","M","M","R","M","R","BOSS","M","?","$","M","M","R","?","R","T","R","M","M","M","M"],"build_version":"2019-01-23","purchased_purges":0,"victory":false,"max_hp_per_floor":[82,82,82,82,82,82,82,82,82,82,82,82,82,82,82,82,82,82,82,82,82,82,82,82,82,82,82,82,82,82,82],"card_choices":[{"not_picked":["Coolheaded","FTL"],"picked":"Self Repair","floor":1},{"not_picked":["Streamline","Ball Lightning"],"picked":"Redo","floor":3},{"not_picked":["Genetic Algorithm","Beam Cell"],"picked":"Barrage","floor":4},{"not_picked":["Cold Snap","Turbo"],"picked":"Echo Form","floor":6},{"not_picked":["Reinforced Body","Beam Cell"],"picked":"Go for the Eyes","floor":10},{"not_picked":["Rip and Tear","Rebound"],"picked":"Steam","floor":11},{"not_picked":["Barrage","Go for the Eyes"],"picked":"Compile Driver","floor":12},{"not_picked":["Steam","Rebound"],"picked":"Meteor Strike","floor":14},{"not_picked":["Biased Cognition","Electrodynamics"],"picked":"Machine Learning","floor":16},{"not_picked":["Cold Snap","Redo+1"],"picked":"Defragment","floor":18},{"not_picked":["FTL","Turbo"],"picked":"Doom and Gloom+1","floor":21},{"not_picked":["Ball Lightning","Redo"],"picked":"Sunder","floor":22},{"not_picked":["Consume","Heatsinks"],"picked":"Biased Cognition","floor":28},{"not_picked":["Gash+1","Cold Snap+1"],"picked":"Static Discharge","floor":29},{"not_picked":["Go for the Eyes","Turbo"],"picked":"Gash","floor":30}],"player_experience":27671,"relics_obtained":[{"floor":9,"key":"Juzu Bracelet"},{"floor":10,"key":"Bottled Tornado"},{"floor":26,"key":"Sundial"}],"event_choices":[{"cards_removed":["Self Repair"],"damage_healed":2,"gold_gain":0,"player_choice":"Offered Uncommon","damage_taken":0,"max_hp_gain":0,"max_hp_loss":0,"event_name":"Bonfire Elementals","floor":2,"gold_loss":0},{"damage_healed":0,"gold_gain":0,"player_choice":"Entered Light","damage_taken":16,"max_hp_gain":0,"max_hp_loss":0,"event_name":"Shining Light","floor":5,"gold_loss":0,"cards_upgraded":["Barrage","Zap"]},{"damage_healed":0,"gold_gain":90,"player_choice":"CARD GOLD CARD ","damage_taken":32,"max_hp_gain":0,"max_hp_loss":0,"event_name":"Knowing Skull","floor":19,"potions_obtained":[],"gold_loss":0,"cards_obtained":["Madness","Finesse"]},{"damage_healed":0,"gold_gain":0,"player_choice":"Forge","damage_taken":0,"max_hp_gain":0,"max_hp_loss":0,"event_name":"Accursed Blacksmith","floor":24,"gold_loss":0,"cards_upgraded":["BootSequence"]}],"is_beta":false,"boss_relics":[{"not_picked":["Ectoplasm","Busted Crown"],"picked":"Runic Pyramid"}],"items_purged_floors":[],"is_endless":false,"potions_floor_spawned":[1,6,14,16,18,22,29],"killed_by":"Centurion and Healer","ascension_level":0}