{"gold_per_floor":[109,124,124,142,67,67,96,96,123,138,168,168,68,98,98,198,198],"floor_reached":17,"playtime":1467,"items_purged":["Normality","Strike_R"],"score":220,"play_id":"3fc4ef95-fbd9-42d9-8796-9b204cf734cc","local_time":"20180816114255","is_ascension_mode":true,"campfire_choices":[{"data":"Barricade","floor":6,"key":"SMITH"},{"data":"Body Slam","floor":8,"key":"SMITH"},{"data":"Power Through","floor":12,"key":"SMITH"},{"floor":15,"key":"REST"}],"neow_cost":"CURSE","seed_source_timestamp":262409176289205,"circlet_count":0,"master_deck":["Strike_R","Defend_R","Defend_R","Defend_R","Defend_R","Bash","Barricade+1","Rampage","Body Slam+1","Power Through+1","Ghostly Armor","Blood for Blood+1","Wild Strike+1","Exhume+1"],"relics":["Burning Blood","Dream Catcher","Blood Vial","Potion Belt","Astrolabe"],"potions_floor_usage":[7,11],"damage_taken":[{"damage":10,"enemies":"Small Slimes","floor":1,"turns":4},{"damage":11,"enemies":"2 Louse","floor":2,"turns":3},{"damage":0,"enemies":"Cultist","floor":4,"turns":3},{"damage":33,"enemies":"3 Sentries","floor":7,"turns":11},{"damage":0,"enemies":"Large Slime","floor":10,"turns":7},{"damage":24,"enemies":"Gremlin Nob","floor":11,"turns":4},{"damage":28,"enemies":"Slime Boss","floor":16,"turns":19}],"seed_played":"-8901546796882136986","potions_obtained":[{"floor":1,"key":"EssenceOfSteel"},{"floor":2,"key":"Explosive Potion"}],"is_trial":false,"path_per_floor":["M","M","?","M","$","R","E","R","T","M","E","R","$","?","R","B"],"character_chosen":"IRONCLAD","items_purchased":[],"campfire_rested":1,"item_purchase_floors":[],"current_hp_per_floor":[68,63,63,69,69,69,42,42,42,50,34,34,34,34,58,38,70],"gold":198,"neow_bonus":"THREE_RARE_CARDS","is_prod":false,"is_daily":false,"chose_seed":false,"campfire_upgraded":3,"win_rate":0,"timestamp":1534408975,"path_taken":["M","M","?","?","$","R","E","R","T","M","E","R","$","?","R","BOSS"],"build_version":"2018-08-09","purchased_purges":2,"victory":false,"max_hp_per_floor":[80,80,80,80,80,80,80,80,80,80,80,80,80,80,80,80,80],"card_choices":[{"not_picked":["Bludgeon","Exhume"],"picked":"Barricade","floor":0},{"not_picked":["Burning Pact","Seeing Red"],"picked":"Rampage","floor":1},{"not_picked":["Whirlwind","Clothesline"],"picked":"Body Slam","floor":2},{"not_picked":["Corruption","Perfected Strike"],"picked":"Power Through","floor":4},{"not_picked":["Clothesline","Fiend Fire","Perfected Strike"],"picked":"SKIP","floor":7},{"not_picked":["Flex","Anger","Warcry"],"picked":"SKIP","floor":10},{"not_picked":["Fire Breathing","Rupture"],"picked":"Ghostly Armor","floor":11}],"player_experience":209024,"relics_obtained":[{"floor":7,"key":"Dream Catcher"},{"floor":9,"key":"Blood Vial"},{"floor":11,"key":"Potion Belt"}],"event_choices":[{"event_name":"Golden Idol","player_choice":"Ignored","floor":3,"damage_taken":0},{"event_name":"Dead Adventurer","player_choice":"Searched \u00271\u0027 times","floor":14,"damage_taken":0}],"is_beta":false,"boss_relics":[{"not_picked":["Calling Bell","White Beast Statue"],"picked":"Astrolabe"}],"items_purged_floors":[5,13],"is_endless":false,"potions_floor_spawned":[1,2],"ascension_level":7}