{"gold_per_floor":[113,113,130,130,150,184,202,202,202,23,23,37,17,17,17,143,143,161,161,176,189,189,189,189],"floor_reached":24,"playtime":1501,"items_purged":[],"score":196,"play_id":"5cfc6c5c-e2c2-4e4f-854b-4f1e690d61ad","local_time":"20190529001531","is_ascension_mode":false,"campfire_choices":[{"floor":8,"key":"REST"},{"floor":15,"key":"REST"},{"floor":23,"key":"REST"}],"neow_cost":"NONE","seed_source_timestamp":22540688462032,"circlet_count":0,"master_deck":["Strike_R","Strike_R+1","Defend_R","Defend_R","Defend_R","Defend_R","Bash","Flex+1","Perfected Strike","Seeing Red+1","Armaments","Metallicize","Apotheosis","Intimidate","Juggernaut","Ghostly Armor+1","Ghostly Armor+1","Shrug It Off+1","Iron Wave","Iron Wave","Rage","Flex"],"relics":["Burning Blood","Golden Idol","Orichalcum","Bottled Lightning","Astrolabe","Enchiridion"],"potions_floor_usage":[16,16,24,24],"damage_taken":[{"damage":1,"enemies":"2 Louse","floor":1,"turns":3},{"damage":5,"enemies":"Small Slimes","floor":3,"turns":3},{"damage":8,"enemies":"Jaw Worm","floor":5,"turns":3},{"damage":26,"enemies":"Gremlin Nob","floor":6,"turns":4},{"damage":25,"enemies":"Exordium Wildlife","floor":7,"turns":6},{"damage":16,"enemies":"Gremlin Gang","floor":12,"turns":5},{"damage":38,"enemies":"The Guardian","floor":16,"turns":14},{"damage":4,"enemies":"Chosen","floor":18,"turns":6},{"damage":14,"enemies":"Shell Parasite","floor":20,"turns":11},{"damage":16,"enemies":"Snake Plant","floor":21,"turns":5},{"damage":73,"enemies":"Slavers","floor":24,"turns":4}],"seed_played":"-3267090970101965285","potions_obtained":[{"floor":3,"key":"Dexterity Potion"},{"floor":6,"key":"Weak Potion"},{"floor":7,"key":"GamblersBrew"},{"floor":18,"key":"Strength Potion"}],"is_trial":false,"path_per_floor":["M","?","M","?","M","E","M","R","T","$","?","M","?","?","R","B",null,"M","?","M","M","?","R","E"],"character_chosen":"IRONCLAD","items_purchased":["Apotheosis"],"campfire_rested":3,"item_purchase_floors":[10],"current_hp_per_floor":[88,88,88,81,79,59,40,64,64,64,48,38,38,65,81,49,81,81,81,73,63,47,71,0],"gold":189,"neow_bonus":"TEN_PERCENT_HP_BONUS","is_prod":false,"is_daily":false,"chose_seed":false,"campfire_upgraded":0,"win_rate":0.0,"timestamp":1559110531,"path_taken":["M","?","M","?","M","E","M","R","T","$","?","M","?","?","R","BOSS","M","?","M","M","?","R","E"],"build_version":"2019-01-23","purchased_purges":0,"victory":false,"max_hp_per_floor":[88,88,88,81,81,81,81,81,81,81,81,81,81,81,81,81,81,81,81,81,81,81,81,81],"card_choices":[{"not_picked":["Searing Blow","Whirlwind"],"picked":"Flex","floor":1},{"not_picked":["Pummel","Infernal Blade"],"picked":"Perfected Strike","floor":3},{"not_picked":["Evolve","True Grit"],"picked":"Seeing Red","floor":5},{"not_picked":["Searing Blow","Warcry"],"picked":"Armaments","floor":6},{"not_picked":["Armaments","Sword Boomerang"],"picked":"Metallicize","floor":7},{"not_picked":["Cleave","Clash"],"picked":"Intimidate","floor":12},{"not_picked":["Reaper","Feed"],"picked":"Juggernaut","floor":16},{"not_picked":["Wild Strike+1","Perfected Strike+1"],"picked":"Iron Wave","floor":18},{"not_picked":["Twin Strike","Clash"],"picked":"Rage","floor":20},{"not_picked":["Battle Trance","Rupture"],"picked":"Flex","floor":21}],"player_experience":102789,"relics_obtained":[{"floor":6,"key":"Orichalcum"},{"floor":9,"key":"Bottled Lightning"},{"floor":22,"key":"Enchiridion"}],"event_choices":[{"damage_healed":0,"gold_gain":0,"player_choice":"Grow","damage_taken":0,"max_hp_gain":0,"max_hp_loss":0,"event_name":"Living Wall","floor":2,"gold_loss":0,"cards_upgraded":["Flex"]},{"damage_healed":0,"gold_gain":0,"player_choice":"Lose Max HP","damage_taken":0,"relics_obtained":["Golden Idol"],"max_hp_gain":0,"max_hp_loss":7,"event_name":"Golden Idol","floor":4,"gold_loss":0},{"damage_healed":0,"gold_gain":0,"player_choice":"Entered Light","damage_taken":16,"max_hp_gain":0,"max_hp_loss":0,"event_name":"Shining Light","floor":11,"gold_loss":0,"cards_upgraded":["Seeing Red","Strike_R"]},{"damage_healed":0,"gold_gain":0,"player_choice":"Left Gold","damage_taken":0,"max_hp_gain":0,"max_hp_loss":0,"event_name":"World of Goop","floor":13,"gold_loss":20},{"damage_healed":27,"gold_gain":0,"player_choice":"Banana","damage_taken":0,"max_hp_gain":0,"max_hp_loss":0,"event_name":"Big Fish","floor":14,"gold_loss":0},{"damage_healed":0,"gold_gain":0,"player_choice":"Read","damage_taken":0,"max_hp_gain":0,"max_hp_loss":0,"event_name":"The Library","floor":19,"gold_loss":0,"cards_obtained":["Iron Wave"]},{"damage_healed":0,"gold_gain":0,"player_choice":"Obtained Book","damage_taken":16,"max_hp_gain":0,"max_hp_loss":0,"event_name":"Cursed Tome","floor":22,"gold_loss":0}],"is_beta":false,"boss_relics":[{"not_picked":["Fusion Hammer","Mark of Pain"],"picked":"Astrolabe"}],"items_purged_floors":[],"is_endless":false,"potions_floor_spawned":[3,6,7,18],"killed_by":"Slavers","ascension_level":0}