{"gold_per_floor":[119,145,165,181,60,86,86,117,117,129,129,147,167,167,167,167],"floor_reached":16,"playtime":1037,"items_purged":["Strike_B"],"score":112,"play_id":"23aaf09d-e7fc-409c-85a8-9ee22ddd4fa9","local_time":"20190605195812","is_ascension_mode":false,"campfire_choices":[{"floor":7,"key":"REST"},{"floor":15,"key":"REST"}],"neow_cost":"NONE","seed_source_timestamp":11945010709135,"circlet_count":0,"master_deck":["Strike_B+1","Strike_B","Strike_B","Defend_B","Defend_B","Defend_B","Defend_B","Zap","Dualcast","Loop","Go for the Eyes+1","Loop","Sweeping Beam","Stack","Static Discharge","Auto Shields","Machine Learning","Parasite","Leap","Steam","Chaos","Sunder","Injury"],"relics":["Black Star","DataDisk","Ornamental Fan","Prayer Wheel","Orichalcum","Lantern","Whetstone","Golden Idol"],"potions_floor_usage":[8,12],"damage_taken":[{"damage":7,"enemies":"Cultist","floor":1,"turns":5},{"damage":7,"enemies":"Small Slimes","floor":3,"turns":4},{"damage":0,"enemies":"2 Louse","floor":4,"turns":3},{"damage":21,"enemies":"Lagavulin","floor":6,"turns":7},{"damage":34,"enemies":"3 Sentries","floor":8,"turns":9},{"damage":6,"enemies":"Blue Slaver","floor":10,"turns":4},{"damage":11,"enemies":"Lots of Slimes","floor":12,"turns":4},{"damage":9,"enemies":"Exordium Thugs","floor":13,"turns":4},{"damage":43,"enemies":"The Guardian","floor":16,"turns":9}],"seed_played":"-6269575509913238603","potions_obtained":[{"floor":3,"key":"Swift Potion"},{"floor":10,"key":"GamblersBrew"}],"is_trial":false,"path_per_floor":["M","T","M","M","$","E","R","E","T","M","?","M","M","?","R","B"],"character_chosen":"DEFECT","items_purchased":["Sweeping Beam"],"campfire_rested":2,"item_purchase_floors":[5],"current_hp_per_floor":[68,68,61,61,61,40,62,28,28,22,40,29,20,20,42,0],"gold":167,"neow_bonus":"BOSS_RELIC","is_prod":false,"is_daily":false,"chose_seed":false,"campfire_upgraded":0,"win_rate":0,"timestamp":1559786292,"path_taken":["M","?","M","M","$","E","R","E","T","M","?","M","M","?","R","BOSS"],"build_version":"2019-01-23","purchased_purges":1,"victory":false,"max_hp_per_floor":[75,75,75,75,75,75,75,75,75,75,75,75,75,75,75,75],"card_choices":[{"not_picked":["Barrage","Gash"],"picked":"Loop","floor":1},{"not_picked":["Compile Driver","Aggregate"],"picked":"Go for the Eyes","floor":3},{"not_picked":["Conserve Battery","Beam Cell"],"picked":"Loop","floor":4},{"not_picked":["Go for the Eyes","Scrape"],"picked":"Stack","floor":6},{"not_picked":["Steam","Rip and Tear"],"picked":"Static Discharge","floor":8},{"not_picked":["Undo","Streamline"],"picked":"Auto Shields","floor":10},{"not_picked":["Streamline","Rip and Tear"],"picked":"Machine Learning","floor":10},{"not_picked":["Double Energy","Gash"],"picked":"Leap","floor":12},{"not_picked":["Coolheaded","Ball Lightning"],"picked":"Steam","floor":12},{"not_picked":["Barrage","Turbo"],"picked":"Chaos","floor":13},{"not_picked":["Undo","Doom and Gloom"],"picked":"Sunder","floor":13}],"player_experience":151921,"relics_obtained":[{"floor":2,"key":"DataDisk"},{"floor":6,"key":"Ornamental Fan"},{"floor":6,"key":"Prayer Wheel"},{"floor":8,"key":"Orichalcum"},{"floor":8,"key":"Lantern"},{"floor":9,"key":"Whetstone"}],"event_choices":[{"damage_healed":18,"gold_gain":0,"player_choice":"Healed and dodged fight","damage_taken":0,"max_hp_gain":0,"max_hp_loss":0,"event_name":"Mushrooms","floor":11,"gold_loss":0,"cards_obtained":["Parasite"]},{"damage_healed":0,"gold_gain":0,"player_choice":"Take Wound","damage_taken":0,"relics_obtained":["Golden Idol"],"max_hp_gain":0,"max_hp_loss":0,"event_name":"Golden Idol","floor":14,"gold_loss":0,"cards_obtained":["Injury"]}],"is_beta":false,"boss_relics":[],"items_purged_floors":[5],"is_endless":false,"potions_floor_spawned":[3,10],"killed_by":"The Guardian","ascension_level":0}