{"gold_per_floor":[115,115,27,27,27,54,54,64,64,94,19,19,50,70,70,199,199,213,231,0,18,42,42],"floor_reached":23,"playtime":918,"items_purged":["Strike_R"],"score":304,"play_id":"d99b4c72-b29c-41e1-ae1f-c2b4ee4ea641","local_time":"20190607123013","is_ascension_mode":true,"campfire_choices":[{"data":"Anger","floor":7.0,"key":"SMITH"},{"data":"Armaments","floor":15.0,"key":"SMITH"}],"neow_cost":"NONE","seed_source_timestamp":89071144558456,"circlet_count":0,"master_deck":["Strike_R+1","Strike_R+1","Strike_R+1","Defend_R","Defend_R","Bash+1","Anger+1","Blind+1","Corruption","Intimidate","Pommel Strike","Injury","Armaments+1","Demon Form","Second Wind+1","Sword Boomerang+1","Demon Form+1","True Grit","Feel No Pain","Feel No Pain","Spot Weakness"],"special_seed":0,"relics":["Burning Blood","NeowsBlessing","Whetstone","Darkstone Periapt","Calipers","Golden Idol","Pen Nib","Astrolabe","Bronze Scales"],"potions_floor_usage":[23],"damage_taken":[{"damage":0.0,"enemies":"Small Slimes","floor":1.0,"turns":1.0},{"damage":0.0,"enemies":"3 Sentries","floor":6.0,"turns":1.0},{"damage":0.0,"enemies":"Jaw Worm","floor":8.0,"turns":1.0},{"damage":30.0,"enemies":"Lagavulin","floor":10.0,"turns":5.0},{"damage":36.0,"enemies":"Gremlin Nob","floor":13.0,"turns":5.0},{"damage":2.0,"enemies":"2 Louse","floor":14.0,"turns":2.0},{"damage":23.0,"enemies":"Hexaghost","floor":16.0,"turns":8.0},{"damage":24.0,"enemies":"Chosen","floor":18.0,"turns":5.0},{"damage":30.0,"enemies":"3 Byrds","floor":19.0,"turns":7.0},{"damage":15.0,"enemies":"Snake Plant","floor":21.0,"turns":4.0},{"damage":11.0,"enemies":"Snecko","floor":22.0,"turns":7.0},{"damage":12,"enemies":"Centurion and Healer","floor":23,"turns":2}],"seed_played":"-2648573594906221866","potions_obtained":[{"floor":1.0,"key":"SkillPotion"},{"floor":13.0,"key":"Swift Potion"},{"floor":14.0,"key":"Energy Potion"},{"floor":18.0,"key":"Strength Potion"},{"floor":21.0,"key":"SteroidPotion"}],"is_trial":false,"path_per_floor":["M","?","$","?","$","E","R","M","T","E","$","?","E","M","R","B",null,"M","M","$","M","M","M"],"character_chosen":"IRONCLAD","items_purchased":["Blind","Feel No Pain","Bronze Scales","Swift Potion"],"campfire_rested":0,"item_purchase_floors":[3,20,20,20],"current_hp_per_floor":[78,62,62,62,62,68,68,74,74,50,50,56,26,30,30,13,68,50,26,26,17,12,0],"gold":42,"neow_bonus":"THREE_ENEMY_KILL","is_prod":false,"is_daily":false,"chose_seed":false,"campfire_upgraded":2,"win_rate":0,"timestamp":1559928613,"path_taken":["M","?","$","?","?","E","R","M","T","E","$","?","E","?","R","BOSS","M","M","$","M","M","M"],"build_version":"2019-01-23","purchased_purges":1,"victory":false,"max_hp_per_floor":[80,80,80,80,80,80,80,80,80,80,80,86,86,86,86,86,86,86,86,86,86,86,86],"card_choices":[{"not_picked":["Carnage","Havoc"],"picked":"Anger","floor":1.0},{"not_picked":["Rupture","Sentinel"],"picked":"Corruption","floor":6.0},{"not_picked":["Blood for Blood","Thunderclap"],"picked":"Intimidate","floor":8.0},{"not_picked":["Body Slam","Sever Soul"],"picked":"Pommel Strike","floor":10.0},{"not_picked":["Perfected Strike","Havoc"],"picked":"Armaments","floor":13.0},{"not_picked":["Dual Wield","Clash","Warcry"],"picked":"SKIP","floor":14.0},{"not_picked":["Dark Embrace","Berserk"],"picked":"Demon Form","floor":16.0},{"not_picked":["Combust","Perfected Strike+1"],"picked":"True Grit","floor":18.0},{"not_picked":["Wild Strike+1","Rage"],"picked":"Feel No Pain","floor":19.0},{"not_picked":["Thunderclap","Dual Wield","Iron Wave"],"picked":"SKIP","floor":21.0},{"not_picked":["Clash","Hemokinesis"],"picked":"Spot Weakness","floor":22.0}],"player_experience":39134,"relics_obtained":[{"floor":6.0,"key":"Whetstone"},{"floor":9.0,"key":"Darkstone Periapt"},{"floor":10.0,"key":"Calipers"},{"floor":13.0,"key":"Pen Nib"}],"event_choices":[{"damage_healed":0.0,"max_hp_gain":0.0,"max_hp_loss":0.0,"gold_gain":0.0,"event_name":"Shining Light","player_choice":"Entered Light","floor":2.0,"gold_loss":0.0,"damage_taken":16.0,"cards_upgraded":["Bash","Strike_R"]},{"damage_healed":0.0,"max_hp_gain":0.0,"max_hp_loss":0.0,"gold_gain":0.0,"event_name":"Living Wall","player_choice":"Grow","floor":4.0,"gold_loss":0.0,"damage_taken":0.0,"cards_upgraded":["Blind"]},{"damage_healed":0.0,"max_hp_gain":0.0,"max_hp_loss":0.0,"gold_gain":0.0,"event_name":"Golden Idol","player_choice":"Take Wound","floor":12.0,"gold_loss":0.0,"damage_taken":0.0,"relics_obtained":["Golden Idol"],"cards_obtained":["Injury"]}],"is_beta":false,"boss_relics":[{"not_picked":["Black Star","Empty Cage"],"picked":"Astrolabe"}],"items_purged_floors":[11],"is_endless":false,"potions_floor_spawned":[1,13,14,18,21],"killed_by":"Centurion and Healer","ascension_level":6}