{"gold_per_floor":[114,32,46,57,74,74,89,123,123,133,143,153,64,78,78,183,183,201,220,145,159,176,205,64,64,89,89,89,4,4,14,14,111,111,124,124,139,150,169,169,15,25,76,76,18,51,51,71,71,71],"floor_reached":50,"playtime":3569,"items_purged":[],"score":525,"play_id":"9d7795f7-46a6-499b-a596-31469097736d","local_time":"20190531172735","is_ascension_mode":false,"campfire_choices":[{"floor":6,"key":"RECALL"},{"data":"Echo Form","floor":15,"key":"SMITH"},{"floor":25,"key":"REST"},{"data":"White Noise","floor":28,"key":"SMITH"},{"data":"Rainbow","floor":32,"key":"SMITH"},{"floor":40,"key":"REST"},{"floor":44,"key":"REST"},{"data":"Rainbow","floor":49,"key":"SMITH"}],"neow_cost":"NONE","seed_source_timestamp":59264301106102,"circlet_count":0,"master_deck":["Strike_B","Defend_B","Defend_B","Defend_B+1","Defend_B","Zap","Dualcast","Reinforced Body","Barrage","Self Repair","BootSequence","Echo Form+1","Static Discharge","Cold Snap","Cold Snap","Leap+1","Dramatic Entrance","Defragment","Rainbow+1","Sunder+1","Force Field+1","White Noise+1","Glacier","Sweeping Beam","Chaos","Echo Form","Rainbow+1","BootSequence","Pain","Conserve Battery","Redo+1","BootSequence","Madness","Madness","Amplify"],"relics":["Nuclear Battery","Orichalcum","Dodecahedron","Letter Opener","White Beast Statue","The Courier","DataDisk","War Paint","Inserter","WarpedTongs","Toy Ornithopter","Smiling Mask","Bottled Flame"],"potions_floor_usage":[8,8,16,22,22,23,23,33,38,39,46,46,46,50,50],"damage_taken":[{"damage":2,"enemies":"Jaw Worm","floor":1,"turns":4},{"damage":0,"enemies":"Cultist","floor":3,"turns":4},{"damage":2,"enemies":"Small Slimes","floor":4,"turns":4},{"damage":1,"enemies":"Blue Slaver","floor":5,"turns":4},{"damage":4,"enemies":"3 Louse","floor":7,"turns":5},{"damage":7,"enemies":"3 Sentries","floor":8,"turns":6},{"damage":5,"enemies":"Looter","floor":10,"turns":4},{"damage":11,"enemies":"Exordium Thugs","floor":11,"turns":3},{"damage":2,"enemies":"Blue Slaver","floor":12,"turns":4},{"damage":0,"enemies":"Looter","floor":14,"turns":4},{"damage":25,"enemies":"Hexaghost","floor":16,"turns":11},{"damage":5,"enemies":"3 Byrds","floor":18,"turns":4},{"damage":1,"enemies":"Spheric Guardian","floor":19,"turns":3},{"damage":9,"enemies":"Snecko","floor":21,"turns":4},{"damage":6,"enemies":"Centurion and Healer","floor":22,"turns":7},{"damage":53,"enemies":"Slavers","floor":23,"turns":5},{"damage":0,"enemies":"Sentry and Sphere","floor":31,"turns":7},{"damage":26,"enemies":"Champ","floor":33,"turns":12},{"damage":55,"enemies":"3 Shapes","floor":35,"turns":7},{"damage":8,"enemies":"Orb Walker","floor":37,"turns":4},{"damage":3,"enemies":"Spire Growth","floor":38,"turns":7},{"damage":13,"enemies":"3 Darklings","floor":39,"turns":6},{"damage":8,"enemies":"4 Shapes","floor":42,"turns":4},{"damage":26,"enemies":"Nemesis","floor":46,"turns":9},{"damage":5,"enemies":"Maw","floor":48,"turns":8},{"damage":105,"enemies":"Donu and Deca","floor":50,"turns":8}],"seed_played":"-4763068593344241873","potions_obtained":[{"floor":3,"key":"PowerPotion"},{"floor":5,"key":"Regen Potion"},{"floor":7,"key":"Ancient Potion"},{"floor":10,"key":"Block Potion"},{"floor":11,"key":"Ancient Potion"},{"floor":16,"key":"Poison Potion"},{"floor":18,"key":"Regen Potion"},{"floor":21,"key":"Block Potion"},{"floor":22,"key":"Fruit Juice"},{"floor":23,"key":"SneckoOil"},{"floor":31,"key":"SkillPotion"},{"floor":33,"key":"SkillPotion"},{"floor":35,"key":"GamblersBrew"},{"floor":37,"key":"EssenceOfSteel"},{"floor":38,"key":"Weak Potion"},{"floor":39,"key":"Swift Potion"},{"floor":42,"key":"Dexterity Potion"},{"floor":46,"key":"Ancient Potion"},{"floor":48,"key":"SteroidPotion"}],"is_trial":false,"path_per_floor":["M","?","M","M","M","R","M","E","T","M","M","M","$","M","R","B",null,"M","M","?","M","M","E","$","R","T","?","R","?","$","M","R","B",null,"M","?","M","M","M","R","$","M","T","R","$","E","?","M","R","B"],"character_chosen":"DEFECT","items_purchased":["Dramatic Entrance","DataDisk","Sweeping Beam","Toy Ornithopter","Regen Potion"],"campfire_rested":3,"item_purchase_floors":[13,24,24,41,45],"current_hp_per_floor":[73,73,73,71,75,75,75,75,75,75,71,75,75,75,75,57,75,75,74,74,65,71,39,39,63,63,63,63,63,63,70,70,44,80,32,32,24,28,25,49,49,41,41,65,65,76,66,75,75,0],"gold":71,"neow_bonus":"BOSS_RELIC","is_prod":false,"is_daily":false,"chose_seed":false,"campfire_upgraded":4,"win_rate":0,"timestamp":1559345255,"path_taken":["M","?","M","M","M","R","?","E","T","M","M","M","$","M","R","BOSS","M","M","?","M","M","E","$","R","T","?","R","?","?","M","R","BOSS","M","?","M","M","M","R","$","M","T","R","?","E","?","M","R","BOSS"],"build_version":"2019-01-23","purchased_purges":0,"victory":false,"max_hp_per_floor":[75,75,75,75,75,75,75,75,75,75,75,75,75,75,75,75,75,75,75,75,75,80,80,80,80,80,80,80,80,80,80,80,80,80,80,80,80,80,80,80,80,80,80,80,80,80,80,80,80,80],"card_choices":[{"not_picked":["Coolheaded","Compile Driver"],"picked":"Reinforced Body","floor":1},{"not_picked":["Streamline","Blizzard"],"picked":"Barrage","floor":3},{"not_picked":["Force Field","Beam Cell"],"picked":"Self Repair","floor":4},{"not_picked":["Gash","Aggregate"],"picked":"BootSequence","floor":5},{"not_picked":["Melter","Rip and Tear"],"picked":"Echo Form","floor":7},{"not_picked":["Scrape","Coolheaded"],"picked":"Static Discharge","floor":8},{"not_picked":["Beam Cell","Stack"],"picked":"Cold Snap","floor":10},{"not_picked":["Streamline","Consume"],"picked":"Cold Snap","floor":11},{"not_picked":["Cold Snap","FTL"],"picked":"Leap","floor":12},{"not_picked":["Reboot","Compile Driver"],"picked":"Defragment","floor":14},{"not_picked":["Meteor Strike","Machine Learning"],"picked":"Rainbow","floor":16},{"not_picked":["Beam Cell","Go for the Eyes"],"picked":"Sunder+1","floor":18},{"not_picked":["Stack","Undo","Genetic Algorithm"],"picked":"SKIP","floor":19},{"not_picked":["Steam Power+1","Heatsinks"],"picked":"Force Field+1","floor":21},{"not_picked":["Hologram","Beam Cell"],"picked":"White Noise","floor":22},{"not_picked":["Barrage","Steam Power"],"picked":"Glacier","floor":23},{"not_picked":["Turbo","Compile Driver","Leap"],"picked":"SKIP","floor":31},{"not_picked":["Core Surge","All For One"],"picked":"Rainbow","floor":33},{"not_picked":["Rebound","Leap"],"picked":"BootSequence","floor":35},{"not_picked":["Force Field+1","Rebound"],"picked":"Conserve Battery","floor":37},{"not_picked":["Fusion","Barrage"],"picked":"Redo+1","floor":38},{"not_picked":["Gash+1","Sweeping Beam+1"],"picked":"BootSequence","floor":39},{"not_picked":["Fusion","Leap","Hologram"],"picked":"SKIP","floor":42},{"not_picked":["Conserve Battery","Gash+1","Skim+1"],"picked":"SKIP","floor":46},{"not_picked":["Skim","Gash"],"picked":"Amplify","floor":48}],"player_experience":136885,"relics_obtained":[{"floor":8,"key":"Dodecahedron"},{"floor":9,"key":"Letter Opener"},{"floor":23,"key":"The Courier"},{"floor":43,"key":"Smiling Mask"},{"floor":46,"key":"Bottled Flame"}],"event_choices":[{"damage_healed":0,"gold_gain":0,"player_choice":"Paid Gold","damage_taken":0,"relics_obtained":["Orichalcum"],"max_hp_gain":0,"max_hp_loss":0,"event_name":"WeMeetAgain","floor":2,"gold_loss":82},{"cards_removed":["Strike_B"],"damage_healed":0,"gold_gain":0,"player_choice":"Gave Gold","damage_taken":0,"max_hp_gain":0,"max_hp_loss":0,"event_name":"Beggar","floor":20,"gold_loss":75},{"damage_healed":0,"gold_gain":0,"cards_transformed":["Strike_B","Strike_B"],"player_choice":"Became Test Subject","damage_taken":0,"max_hp_gain":0,"max_hp_loss":0,"event_name":"Drug Dealer","floor":27,"gold_loss":0,"cards_obtained":["Chaos","Echo Form"]},{"damage_healed":0,"gold_gain":0,"player_choice":"Obtained Relic","damage_taken":0,"relics_obtained":["War Paint"],"max_hp_gain":0,"max_hp_loss":0,"event_name":"Addict","floor":29,"gold_loss":85},{"damage_healed":0,"gold_gain":0,"player_choice":"Rummage","damage_taken":0,"relics_obtained":["WarpedTongs"],"max_hp_gain":0,"max_hp_loss":0,"event_name":"Accursed Blacksmith","floor":36,"gold_loss":0,"cards_obtained":["Pain"]},{"damage_healed":0,"gold_gain":0,"player_choice":"Embrace Madness","damage_taken":10,"max_hp_gain":0,"max_hp_loss":0,"event_name":"Winding Halls","floor":47,"gold_loss":0,"cards_obtained":["Madness","Madness"]}],"is_beta":false,"boss_relics":[{"not_picked":["Astrolabe","Black Star"],"picked":"White Beast Statue"},{"not_picked":["Coffee Dripper","Empty Cage"],"picked":"Inserter"}],"items_purged_floors":[],"is_endless":false,"potions_floor_spawned":[3,5,7,10,11,16,18,19,21,22,23,31,33,35,37,38,39,42,46,48],"killed_by":"Donu and Deca","ascension_level":0}