{"gold_per_floor":[113,128,61,76,93,93,107,107,137,137,50,81,120,148,160,172],"floor_reached":16,"playtime":411,"items_purged":[],"score":156,"play_id":"64ea7bbd-fb44-4e0a-b22d-05972ed2c1ba","local_time":"20190523103428","is_ascension_mode":true,"campfire_choices":[{"data":"Bash","floor":6,"key":"SMITH"},{"floor":15,"key":"REST"}],"neow_cost":"NONE","seed_source_timestamp":304781153469888,"circlet_count":0,"master_deck":["AscendersBane","Strike_R","Strike_R","Strike_R","Strike_R","Defend_R","Defend_R","Defend_R","Defend_R","Bash+1","Dropkick"],"relics":["Burning Blood","NeowsBlessing","Tiny Chest","MawBank","Mummified Hand"],"potions_floor_usage":[7,14],"damage_taken":[{"damage":0,"enemies":"Cultist","floor":1,"turns":1},{"damage":0,"enemies":"Jaw Worm","floor":2,"turns":1},{"damage":0,"enemies":"2 Louse","floor":4,"turns":1},{"damage":16,"enemies":"2 Fungi Beasts","floor":5,"turns":4},{"damage":36,"enemies":"Lots of Slimes","floor":7,"turns":5},{"damage":7,"enemies":"Exordium Wildlife","floor":12,"turns":3},{"damage":55,"enemies":"Lagavulin","floor":13,"turns":6},{"damage":15,"enemies":"3 Louse","floor":14,"turns":3},{"damage":34,"enemies":"Hexaghost","floor":16,"turns":7}],"seed_played":"8528707806252784257","potions_obtained":[{"floor":1,"key":"LiquidBronze"},{"floor":12,"key":"GamblersBrew"},{"floor":13,"key":"AttackPotion"}],"is_trial":false,"path_per_floor":["M","M","$","M","M","R","M","?","T","?","?","M","E","M","R","B"],"character_chosen":"IRONCLAD","items_purchased":["Dropkick"],"campfire_rested":1,"item_purchase_floors":[3],"current_hp_per_floor":[78,80,80,80,70,70,40,40,40,66,66,65,16,7,31,0],"gold":172,"neow_bonus":"THREE_ENEMY_KILL","is_prod":false,"is_daily":false,"chose_seed":false,"campfire_upgraded":1,"win_rate":0,"timestamp":1558596868,"path_taken":["M","M","$","M","?","R","M","?","T","?","?","M","E","?","R","BOSS"],"build_version":"2019-01-23","purchased_purges":0,"victory":false,"max_hp_per_floor":[80,80,80,80,80,80,80,80,80,80,80,80,80,80,80,80],"card_choices":[{"not_picked":["Disarm","Burning Pact","True Grit"],"picked":"SKIP","floor":1},{"not_picked":["Dual Wield","Blood for Blood","True Grit"],"picked":"SKIP","floor":2},{"not_picked":["Pommel Strike","Twin Strike","Heavy Blade"],"picked":"SKIP","floor":4},{"not_picked":["Twin Strike","Hemokinesis","Combust"],"picked":"SKIP","floor":5},{"not_picked":["Heavy Blade","Sword Boomerang","Evolve"],"picked":"SKIP","floor":7},{"not_picked":["Disarm","Flex","Cleave"],"picked":"SKIP","floor":12},{"not_picked":["Cleave","Clash","Anger"],"picked":"SKIP","floor":13},{"not_picked":["Entrench","Shrug It Off","Rage"],"picked":"SKIP","floor":14}],"player_experience":313096,"relics_obtained":[{"floor":9,"key":"Tiny Chest"},{"floor":13,"key":"Mummified Hand"}],"event_choices":[{"cards_removed":["Strike_R"],"damage_healed":0,"gold_gain":0,"player_choice":"Forget","damage_taken":0,"max_hp_gain":0,"max_hp_loss":0,"event_name":"Living Wall","floor":8,"gold_loss":0},{"damage_healed":26,"gold_gain":0,"player_choice":"Banana","damage_taken":0,"max_hp_gain":0,"max_hp_loss":0,"event_name":"Big Fish","floor":10,"gold_loss":0},{"damage_healed":0,"gold_gain":0,"player_choice":"Paid Gold","damage_taken":0,"relics_obtained":["MawBank"],"max_hp_gain":0,"max_hp_loss":0,"event_name":"WeMeetAgain","floor":11,"gold_loss":87}],"is_beta":false,"boss_relics":[],"items_purged_floors":[],"is_endless":false,"potions_floor_spawned":[1,12,13],"killed_by":"Hexaghost","ascension_level":10}