{"gold_per_floor":[113,126,126,146,163,197,216,6,6,6,6,6,6,16,16,114,114,94,109,109,137,236,236],"floor_reached":23,"playtime":1795,"items_purged":[],"score":191,"play_id":"40ece36b-0418-4395-a3a9-3c3dd2bb46fa","local_time":"20190521205745","is_ascension_mode":false,"campfire_choices":[{"floor":10,"key":"REST"},{"floor":12,"key":"REST"},{"data":"Barrage","floor":15,"key":"SMITH"}],"neow_cost":"NONE","seed_source_timestamp":10615351947957,"circlet_count":0,"master_deck":["Strike_B","Strike_B","Strike_B","Defend_B+1","Defend_B","Defend_B","Defend_B","Zap","Dualcast","Stack","Beam Cell","Reinforced Body+1","Barrage+1","Auto Shields","Defragment","Go for the Eyes","Biased Cognition","Redo","Gash","Sunder","Rebound","Impatience","Leap+1"],"relics":["FrozenCore","Regal Pillow","Toy Ornithopter","Mummified Hand","War Paint","Juzu Bracelet","Red Mask"],"potions_floor_usage":[5,16,16,21,23],"damage_taken":[{"damage":2,"enemies":"2 Louse","floor":1,"turns":3},{"damage":1,"enemies":"Cultist","floor":2,"turns":4},{"damage":1,"enemies":"Jaw Worm","floor":4,"turns":4},{"damage":4,"enemies":"3 Louse","floor":5,"turns":5},{"damage":41,"enemies":"Gremlin Nob","floor":6,"turns":5},{"damage":3,"enemies":"Red Slaver","floor":7,"turns":5},{"damage":1,"enemies":"Looter","floor":14,"turns":4},{"damage":17,"enemies":"The Guardian","floor":16,"turns":11},{"damage":6,"enemies":"2 Thieves","floor":18,"turns":4},{"damage":7,"enemies":"3 Byrds","floor":19,"turns":9},{"damage":33,"enemies":"Masked Bandits","floor":21,"turns":8},{"damage":58,"enemies":"Gremlin Leader","floor":23,"turns":9}],"seed_played":"-5985701869355961066","potions_obtained":[{"floor":1,"key":"EssenceOfSteel"},{"floor":5,"key":"SpeedPotion"},{"floor":6,"key":"Strength Potion"},{"floor":14,"key":"FocusPotion"},{"floor":19,"key":"Block Potion"}],"is_trial":false,"path_per_floor":["M","M","?","M","M","E","M","$","T","R","?","R","T","M","R","B",null,"M","M","?","?","?","E"],"character_chosen":"DEFECT","items_purchased":["Toy Ornithopter"],"campfire_rested":2,"item_purchase_floors":[8],"current_hp_per_floor":[80,79,79,78,74,33,30,30,30,69,51,82,82,81,81,65,82,76,69,69,41,41,0],"gold":236,"neow_bonus":"TEN_PERCENT_HP_BONUS","is_prod":false,"is_daily":false,"chose_seed":false,"campfire_upgraded":1,"win_rate":0.0,"timestamp":1558493865,"path_taken":["M","M","?","M","M","E","M","?","T","R","?","R","?","M","R","BOSS","M","M","?","?","?","E"],"build_version":"2019-01-23","purchased_purges":0,"victory":false,"max_hp_per_floor":[82,82,82,82,82,82,82,82,82,82,82,82,82,82,82,82,82,82,82,82,82,82,82],"card_choices":[{"not_picked":["Rip and Tear","Barrage"],"picked":"Stack","floor":1},{"not_picked":["Reprogram","Hologram"],"picked":"Beam Cell","floor":2},{"not_picked":["Barrage","Fusion"],"picked":"Reinforced Body","floor":4},{"not_picked":["Double Energy","Steam"],"picked":"Barrage","floor":5},{"not_picked":["Hello World","Stack"],"picked":"Auto Shields","floor":6},{"not_picked":["Consume","Rebound"],"picked":"Defragment","floor":7},{"not_picked":["Stack","Skim"],"picked":"Go for the Eyes","floor":14},{"not_picked":["Meteor Strike","Seek"],"picked":"Biased Cognition","floor":16},{"not_picked":["Defragment","Force Field+1"],"picked":"Redo","floor":18},{"not_picked":["Stack","Auto Shields"],"picked":"Gash","floor":19},{"not_picked":["Gash","Sweeping Beam+1"],"picked":"Leap+1","floor":21}],"player_experience":61363,"relics_obtained":[{"floor":6,"key":"Regal Pillow"},{"floor":9,"key":"Mummified Hand"},{"floor":13,"key":"Juzu Bracelet"},{"floor":21,"key":"Red Mask"}],"event_choices":[{"cards_removed":["Strike_B"],"damage_healed":0,"gold_gain":0,"player_choice":"Offered Basic","damage_taken":0,"max_hp_gain":0,"max_hp_loss":0,"event_name":"Bonfire Elementals","floor":3,"gold_loss":0},{"damage_healed":0,"gold_gain":0,"player_choice":"Success","damage_taken":18,"relics_obtained":["War Paint"],"max_hp_gain":0,"max_hp_loss":0,"event_name":"Scrap Ooze","floor":11,"gold_loss":0},{"damage_healed":0,"gold_gain":0,"player_choice":"3 cards matched","damage_taken":0,"max_hp_gain":0,"max_hp_loss":0,"event_name":"Match and Keep!","floor":20,"gold_loss":0,"cards_obtained":["Sunder","Rebound","Impatience"]},{"damage_healed":0,"gold_gain":0,"player_choice":"Fought Bandits","damage_taken":0,"max_hp_gain":0,"max_hp_loss":0,"event_name":"Masked Bandits","floor":21,"gold_loss":0},{"damage_healed":0,"gold_gain":99,"player_choice":"Stole From Cult","damage_taken":0,"max_hp_gain":0,"max_hp_loss":0,"event_name":"Nest","floor":22,"gold_loss":0}],"is_beta":false,"boss_relics":[{"not_picked":["Inserter","Astrolabe"],"picked":"FrozenCore"}],"items_purged_floors":[],"is_endless":false,"potions_floor_spawned":[1,5,6,14,19],"killed_by":"Gremlin Leader","ascension_level":0}