{"gold_per_floor":[115,46,46,46,66,66,82,82,82,120,70,96,121,159,159,159],"floor_reached":16,"playtime":450,"items_purged":[],"score":173,"play_id":"d9fc51d4-40fa-42ee-a737-a2b3b4c5f6dc","local_time":"20190608140440","is_ascension_mode":true,"campfire_choices":[{"data":"Bash","floor":6,"key":"SMITH"},{"floor":15,"key":"REST"}],"neow_cost":"NONE","seed_source_timestamp":1699852804549886,"circlet_count":0,"master_deck":["AscendersBane","Strike_R","Strike_R","Strike_R","Defend_R","Defend_R","Defend_R","Bash+1","Dropkick","Combust"],"relics":["Burning Blood","Golden Idol","PreservedInsect","Molten Egg 2","Kunai","Anchor","Dodecahedron"],"potions_floor_usage":[5,16],"damage_taken":[{"damage":1,"enemies":"Cultist","floor":1,"turns":3},{"damage":1,"enemies":"2 Louse","floor":5,"turns":3},{"damage":12,"enemies":"Jaw Worm","floor":7,"turns":2},{"damage":18,"enemies":"Gremlin Nob","floor":10,"turns":4},{"damage":10,"enemies":"Looter","floor":13,"turns":4},{"damage":14,"enemies":"3 Sentries","floor":14,"turns":5},{"damage":63,"enemies":"Hexaghost","floor":16,"turns":10}],"seed_played":"-6307248989122187649","potions_obtained":[{"floor":1,"key":"GamblersBrew"},{"floor":14,"key":"Block Potion"}],"is_trial":false,"path_per_floor":["M","$","?","?","M","R","M","T","T","E","?","T","M","E","R","B"],"character_chosen":"IRONCLAD","items_purchased":["Dropkick"],"campfire_rested":1,"item_purchase_floors":[2],"current_hp_per_floor":[77,77,57,57,62,62,56,56,56,44,44,44,40,32,56,0],"gold":159,"neow_bonus":"REMOVE_CARD","is_prod":false,"is_daily":false,"chose_seed":false,"campfire_upgraded":1,"win_rate":0,"timestamp":1559991880,"path_taken":["M","?","?","?","M","R","M","?","T","E","?","?","?","E","R","BOSS"],"build_version":"2019-01-23","purchased_purges":0,"victory":false,"max_hp_per_floor":[80,80,80,80,80,80,80,80,80,80,80,80,80,80,80,80],"card_choices":[{"not_picked":["Headbutt","Iron Wave","Warcry"],"picked":"SKIP","floor":1},{"not_picked":["Power Through","True Grit","Pommel Strike"],"picked":"SKIP","floor":5},{"not_picked":["Pommel Strike","Sever Soul"],"picked":"Combust","floor":7},{"not_picked":["Corruption","Ghostly Armor","Pommel Strike+1"],"picked":"SKIP","floor":10},{"not_picked":["Clothesline+1","Iron Wave+1","Clash+1"],"picked":"SKIP","floor":13},{"not_picked":["Cleave+1","Seeing Red","Rage"],"picked":"SKIP","floor":14}],"player_experience":361016,"relics_obtained":[{"floor":8,"key":"PreservedInsect"},{"floor":9,"key":"Molten Egg 2"},{"floor":10,"key":"Kunai"},{"floor":12,"key":"Anchor"},{"floor":14,"key":"Dodecahedron"}],"event_choices":[{"damage_healed":0,"gold_gain":0,"player_choice":"Take Damage","damage_taken":20,"relics_obtained":["Golden Idol"],"max_hp_gain":0,"max_hp_loss":0,"event_name":"Golden Idol","floor":3,"gold_loss":0},{"cards_removed":["Strike_R"],"damage_healed":0,"gold_gain":0,"player_choice":"Forget","damage_taken":0,"max_hp_gain":0,"max_hp_loss":0,"event_name":"Living Wall","floor":4,"gold_loss":0},{"cards_removed":["Defend_R"],"damage_healed":0,"gold_gain":0,"player_choice":"Card Removal","damage_taken":0,"max_hp_gain":0,"max_hp_loss":0,"event_name":"The Cleric","floor":11,"gold_loss":50}],"is_beta":false,"boss_relics":[],"items_purged_floors":[],"is_endless":false,"potions_floor_spawned":[1,14],"killed_by":"Hexaghost","ascension_level":12}