{"gold_per_floor":[114,134,134,148,166,192,192,209,233,233,264,264,296,308,308,308],"floor_reached":16,"playtime":1416,"items_purged":[],"score":128,"play_id":"afe398e9-b062-4e6b-bb15-1edfd5ac8231","local_time":"20190608144906","is_ascension_mode":true,"campfire_choices":[{"data":"Armaments","floor":7,"key":"SMITH"},{"data":"Limit Break","floor":10,"key":"SMITH"},{"data":"Infernal Blade","floor":15,"key":"SMITH"}],"neow_cost":"NONE","seed_source_timestamp":2114508768964504,"circlet_count":0,"master_deck":["Strike_R","Strike_R","Strike_R","Strike_R","Defend_R+1","Defend_R+1","Defend_R","Defend_R","Bash","Limit Break+1","Infernal Blade+1","Cleave","Spot Weakness","Armaments+1","Metallicize","Iron Wave","Shrug It Off"],"relics":["Burning Blood","Matryoshka","Smiling Mask","Bronze Scales","War Paint","Kunai","Mummified Hand"],"potions_floor_usage":[16,16],"damage_taken":[{"damage":10,"enemies":"Jaw Worm","floor":1,"turns":5},{"damage":1,"enemies":"Cultist","floor":2,"turns":3},{"damage":2,"enemies":"Small Slimes","floor":4,"turns":3},{"damage":25,"enemies":"Exordium Thugs","floor":5,"turns":5},{"damage":30,"enemies":"Gremlin Nob","floor":6,"turns":4},{"damage":0,"enemies":"Large Slime","floor":8,"turns":6},{"damage":8,"enemies":"3 Sentries","floor":11,"turns":6},{"damage":12,"enemies":"Gremlin Nob","floor":13,"turns":4},{"damage":5,"enemies":"Looter","floor":14,"turns":3},{"damage":43,"enemies":"Slime Boss","floor":16,"turns":9}],"seed_played":"7808837669365019946","potions_obtained":[{"floor":2,"key":"Block Potion"},{"floor":4,"key":"FearPotion"},{"floor":6,"key":"EssenceOfSteel"},{"floor":8,"key":"Explosive Potion"},{"floor":13,"key":"SteroidPotion"}],"is_trial":false,"path_per_floor":["M","M","?","M","M","E","R","M","T","R","E","?","E","M","R","B"],"character_chosen":"IRONCLAD","items_purchased":[],"campfire_rested":0,"item_purchase_floors":[],"current_hp_per_floor":[76,80,80,80,61,37,37,43,43,43,41,41,35,36,36,0],"gold":308,"neow_bonus":"ONE_RANDOM_RARE_CARD","is_prod":false,"is_daily":false,"chose_seed":false,"campfire_upgraded":3,"win_rate":0,"timestamp":1559976546,"path_taken":["M","M","?","?","M","E","R","M","T","R","E","?","E","M","R","BOSS"],"build_version":"2019-01-23","purchased_purges":0,"victory":false,"max_hp_per_floor":[80,80,80,80,80,80,80,80,80,80,80,80,80,80,80,80],"card_choices":[{"not_picked":["Sword Boomerang","Burning Pact"],"picked":"Infernal Blade","floor":1},{"not_picked":["Perfected Strike","Clash"],"picked":"Cleave","floor":2},{"not_picked":["Shrug It Off","Cleave"],"picked":"Spot Weakness","floor":4},{"not_picked":["Sword Boomerang","Anger"],"picked":"Armaments","floor":5},{"not_picked":["Flex","Anger"],"picked":"Metallicize","floor":6},{"not_picked":["Searing Blow","Iron Wave","Wild Strike"],"picked":"SKIP","floor":8},{"not_picked":["Cleave","Dual Wield","Body Slam"],"picked":"SKIP","floor":11},{"not_picked":["Whirlwind","Bludgeon","Berserk"],"picked":"SKIP","floor":13},{"not_picked":["Clothesline","Havoc"],"picked":"Shrug It Off","floor":14}],"player_experience":160317,"relics_obtained":[{"floor":6,"key":"Smiling Mask"},{"floor":9,"key":"Bronze Scales"},{"floor":9,"key":"War Paint"},{"floor":11,"key":"Kunai"},{"floor":13,"key":"Mummified Hand"}],"event_choices":[{"damage_healed":0,"gold_gain":0,"player_choice":"Gave Potion","damage_taken":0,"relics_obtained":["Matryoshka"],"max_hp_gain":0,"max_hp_loss":0,"event_name":"WeMeetAgain","floor":3,"gold_loss":0},{"cards_removed":["Strike_R"],"damage_healed":0,"gold_gain":0,"player_choice":"Took Card","damage_taken":0,"max_hp_gain":0,"max_hp_loss":0,"event_name":"NoteForYourself","floor":12,"gold_loss":0,"cards_obtained":["Iron Wave"]}],"is_beta":false,"boss_relics":[],"items_purged_floors":[],"is_endless":false,"potions_floor_spawned":[2,4,6,8,13],"killed_by":"Slime Boss","ascension_level":1}