{"gold_per_floor":[110,43,54,54,69,69,69,69,69,89,89,113,137,150,150,279,279,303,229,229],"floor_reached":20,"playtime":640,"items_purged":[],"score":284,"play_id":"1e88fc71-46b2-40a6-ba41-8dfb6571fe97","local_time":"20180814101910","is_ascension_mode":true,"campfire_choices":[{"data":"Limit Break","floor":6.0,"key":"SMITH"},{"data":"Inflame","floor":8.0,"key":"SMITH"},{"data":"Heavy Blade","floor":11.0,"key":"SMITH"},{"floor":15.0,"key":"REST"}],"neow_cost":"TEN_PERCENT_HP_LOSS","seed_source_timestamp":0,"circlet_count":0,"master_deck":["Bash","Limit Break+1","Inflame+1","Heavy Blade","Heavy Blade+1","Searing Blow","Heavy Blade","Heavy Blade","Demon Form","Fire Breathing","Clash","Warcry","Pommel Strike","Rupture","Anger","Anger","Corruption","Heavy Blade+1","Metallicize"],"special_seed":0,"relics":["Burning Blood","Golden Idol","Charon\u0027s Ashes","Pandora\u0027s Box"],"potions_floor_usage":[],"damage_taken":[{"damage":11.0,"enemies":"2 Louse","floor":1.0,"turns":3.0},{"damage":13.0,"enemies":"Small Slimes","floor":3.0,"turns":4.0},{"damage":9.0,"enemies":"Jaw Worm","floor":5.0,"turns":3.0},{"damage":30.0,"enemies":"Gremlin Gang","floor":10.0,"turns":5.0},{"damage":8.0,"enemies":"3 Louse","floor":12.0,"turns":3.0},{"damage":10.0,"enemies":"Exordium Thugs","floor":13.0,"turns":4.0},{"damage":8.0,"enemies":"Red Slaver","floor":14.0,"turns":3.0},{"damage":0.0,"enemies":"Slime Boss","floor":16.0,"turns":7.0},{"damage":44.0,"enemies":"2 Thieves","floor":18.0,"turns":4.0},{"damage":35,"enemies":"3 Byrds","floor":20,"turns":2}],"seed_played":"-3031634045016948481","potions_obtained":[{"floor":5.0,"key":"FearPotion"},{"floor":10.0,"key":"EssenceOfSteel"},{"floor":14.0,"key":"FearPotion"}],"is_trial":false,"path_per_floor":["M","$","M","?","M","R","?","R","T","M","R","M","M","M","R","B",null,"M","$"],"character_chosen":"IRONCLAD","items_purchased":["Inflame","Metallicize"],"campfire_rested":1,"item_purchase_floors":[2,19],"current_hp_per_floor":[67,67,60,42,39,39,39,39,39,15,15,13,9,7,28,34,72,34,34,0],"gold":229,"neow_bonus":"THREE_RARE_CARDS","is_prod":false,"is_daily":false,"chose_seed":false,"campfire_upgraded":3,"win_rate":0,"timestamp":1534231150,"path_taken":["M","$","M","?","M","R","?","R","T","M","R","?","M","M","R","BOSS","M","$","M"],"build_version":"2018-08-09","purchased_purges":0,"victory":false,"max_hp_per_floor":[72,72,72,72,72,72,72,72,72,72,72,72,72,72,72,72,72,72,72,72],"card_choices":[{"not_picked":["Exhume","Demon Form"],"picked":"Limit Break","floor":0.0},{"not_picked":["Clash","Heavy Blade","Havoc"],"picked":"SKIP","floor":1.0},{"not_picked":["Clothesline","Clash"],"picked":"Heavy Blade","floor":3.0},{"not_picked":["Thunderclap","Feel No Pain"],"picked":"Heavy Blade","floor":5.0},{"not_picked":["Juggernaut","Havoc","Disarm"],"picked":"SKIP","floor":10.0},{"not_picked":["Clothesline","Wild Strike","Dropkick"],"picked":"SKIP","floor":12.0},{"not_picked":["Anger","Warcry"],"picked":"Heavy Blade","floor":13.0},{"not_picked":["Fire Breathing","Uppercut"],"picked":"Heavy Blade","floor":14.0},{"not_picked":["Limit Break","Exhume"],"picked":"Demon Form","floor":16.0},{"not_picked":["Cleave+1","Perfected Strike"],"picked":"Heavy Blade+1","floor":18.0}],"player_experience":197473,"relics_obtained":[{"floor":9.0,"key":"Charon\u0027s Ashes"}],"event_choices":[{"event_name":"Golden Idol","player_choice":"Take Damage","floor":4.0,"damage_taken":0.0},{"event_name":"Transmorgrifier","player_choice":"Transform","floor":7.0,"damage_taken":0.0}],"is_beta":false,"boss_relics":[{"not_picked":["Orrery","Fusion Hammer"],"picked":"Pandora\u0027s Box"}],"items_purged_floors":[],"is_endless":false,"potions_floor_spawned":[5,10,14],"killed_by":"3 Byrds","ascension_level":4}