{"gold_per_floor":[111,111,36,36,53,53,84,34,61,61,61,97,172,172,172,300,300,319,334,334,334,259,294,294,294,294,294,194,218,241,269,281,422,434,466,478,490,566,578,590,625,637,649,674,686,573,573,617,617,617,617,617,3,42,42],"floor_reached":56,"playtime":1963,"items_purged":["Defend_R","Strike_R","Shrug It Off+1","Bash+1"],"score":1418,"play_id":"e29d721b-8cd9-4b98-a052-46207a2b01f4","local_time":"20190603231537","is_ascension_mode":false,"campfire_choices":[{"data":"Bash","floor":6.0,"key":"SMITH"},{"floor":10.0,"key":"REST"},{"floor":15.0,"key":"REST"},{"data":"Dual Wield","floor":25.0,"key":"SMITH"},{"floor":32.0,"key":"RECALL"},{"data":"Shrug It Off","floor":40.0,"key":"SMITH"},{"data":"Thunderclap","floor":42.0,"key":"SMITH"},{"data":"Finesse","floor":47.0,"key":"SMITH"},{"floor":49.0,"key":"REST"},{"floor":52.0,"key":"REST"}],"neow_cost":"TEN_PERCENT_HP_LOSS","seed_source_timestamp":1292187430892263,"circlet_count":0,"master_deck":["Dropkick+1","Dual Wield+1","Thunderclap+1","Finesse+1","Thunderclap"],"special_seed":0,"relics":["Burning Blood","Bronze Scales","Juzu Bracelet","Golden Idol","Ornamental Fan","Empty Cage","FossilizedHelix","MawBank","Runic Dome","Unceasing Top","Orichalcum","Ginger","Oddly Smooth Stone","Pear","Gremlin Horn"],"potions_floor_usage":[55,55,55],"damage_taken":[{"damage":7.0,"enemies":"Small Slimes","floor":1.0,"turns":4.0},{"damage":6.0,"enemies":"Cultist","floor":5.0,"turns":3.0},{"damage":57.0,"enemies":"Lagavulin","floor":7.0,"turns":10.0},{"damage":20.0,"enemies":"3 Sentries","floor":12.0,"turns":10.0},{"damage":25.0,"enemies":"Slime Boss","floor":16.0,"turns":12.0},{"damage":23.0,"enemies":"Spheric Guardian","floor":18.0,"turns":6.0},{"damage":11.0,"enemies":"Shell Parasite","floor":19.0,"turns":4.0},{"damage":5.0,"enemies":"Book of Stabbing","floor":23.0,"turns":4.0},{"damage":7.0,"enemies":"Snake Plant","floor":29.0,"turns":2.0},{"damage":0.0,"enemies":"Centurion and Healer","floor":31.0,"turns":3.0},{"damage":0.0,"enemies":"Collector","floor":33.0,"turns":2.0},{"damage":0.0,"enemies":"3 Darklings","floor":35.0,"turns":2.0},{"damage":0.0,"enemies":"2 Orb Walkers","floor":38.0,"turns":1.0},{"damage":0.0,"enemies":"Orb Walker","floor":41.0,"turns":1.0},{"damage":0.0,"enemies":"Transient","floor":44.0,"turns":1.0},{"damage":0.0,"enemies":"Giant Head","floor":48.0,"turns":1.0},{"damage":0.0,"enemies":"Awakened One","floor":50.0,"turns":2.0},{"damage":0.0,"enemies":"Shield and Spear","floor":54.0,"turns":1.0},{"damage":18,"enemies":"The Heart","floor":55,"turns":3}],"seed_played":"-7560146860340042628","potions_obtained":[{"floor":5.0,"key":"SpeedPotion"},{"floor":7.0,"key":"Fruit Juice"},{"floor":19.0,"key":"Strength Potion"},{"floor":23.0,"key":"Ancient Potion"},{"floor":33.0,"key":"GamblersBrew"},{"floor":41.0,"key":"Strength Potion"},{"floor":48.0,"key":"PowerPotion"},{"floor":54.0,"key":"PowerPotion"}],"is_trial":false,"path_per_floor":["M","?","$","$","M","R","E","?","T","R","?","E","?","?","R","B",null,"M","M","?","?","?","E","?","R","T","?","$","M","T","M","R","B",null,"M","?","?","?","?","R","M","R","T","M","?","$","R","E","R","B",null,"R","$","E","B",null],"character_chosen":"IRONCLAD","items_purchased":["Oddly Smooth Stone","Thunderclap","Pear"],"campfire_rested":4,"item_purchase_floors":[53,53,53],"current_hp_per_floor":[71,71,71,71,71,71,25,25,25,48,48,34,23,23,44,25,71,54,49,49,49,49,50,71,71,71,71,71,70,70,71,71,71,71,71,71,71,71,71,71,71,71,71,71,71,71,71,71,71,71,71,71,81,81,69],"gold":42,"neow_bonus":"REMOVE_TWO","is_prod":false,"is_daily":false,"chose_seed":false,"campfire_upgraded":5,"win_rate":0,"timestamp":1559592937,"path_taken":["M","?","?","$","?","R","E","?","T","R","?","E","?","?","R","BOSS","M","M","?","?","?","E","?","R","T","?","?","M","?","M","R","BOSS","M","?","?","?","?","R","M","R","T","M","?","$","R","E","R","BOSS","R","$","E","BOSS"],"build_version":"2019-01-23","purchased_purges":4,"victory":true,"max_hp_per_floor":[72,72,72,72,72,72,77,77,77,77,71,71,71,71,71,71,71,71,71,71,71,71,71,71,71,71,71,71,71,71,71,71,71,71,71,71,71,71,71,71,71,71,71,71,71,71,71,71,71,71,71,71,81,81,81],"card_choices":[{"not_picked":["Perfected Strike","Ghostly Armor"],"picked":"Shrug It Off","floor":1.0},{"not_picked":["Havoc","Blood for Blood","True Grit"],"picked":"SKIP","floor":5.0},{"not_picked":["Havoc","Second Wind"],"picked":"Dropkick","floor":7.0},{"not_picked":["Thunderclap","Reaper","Dual Wield"],"picked":"SKIP","floor":12.0},{"not_picked":["Iron Wave","Body Slam","Wild Strike"],"picked":"SKIP","floor":18.0},{"not_picked":["Blood for Blood","Shockwave","Ghostly Armor"],"picked":"SKIP","floor":19.0},{"not_picked":["Warcry","Heavy Blade"],"picked":"Dual Wield","floor":23.0},{"not_picked":["Clothesline","Heavy Blade","Iron Wave+1"],"picked":"SKIP","floor":29.0},{"not_picked":["Dual Wield","Heavy Blade"],"picked":"Thunderclap","floor":31.0},{"not_picked":["Headbutt+1","Evolve","Anger+1"],"picked":"SKIP","floor":35.0},{"not_picked":["Sword Boomerang+1","Flame Barrier","Warcry"],"picked":"SKIP","floor":41.0},{"not_picked":["Sword Boomerang+1","Flame Barrier","Warcry"],"picked":"SKIP","floor":41.0},{"not_picked":["Battle Trance+1","True Grit","Exhume"],"picked":"SKIP","floor":44.0},{"not_picked":["Deep Breath","Swift Strike"],"picked":"Finesse","floor":45.0},{"not_picked":["Headbutt","Evolve","Reckless Charge+1"],"picked":"SKIP","floor":48.0},{"not_picked":["Shrug It Off+1","Thunderclap+1","Sentinel+1"],"picked":"SKIP","floor":54.0}],"player_experience":342780,"relics_obtained":[{"floor":7.0,"key":"Bronze Scales"},{"floor":9.0,"key":"Juzu Bracelet"},{"floor":12.0,"key":"Ornamental Fan"},{"floor":23.0,"key":"FossilizedHelix"},{"floor":30.0,"key":"MawBank"},{"floor":38.0,"key":"Unceasing Top"},{"floor":43.0,"key":"Orichalcum"},{"floor":48.0,"key":"Ginger"},{"floor":54.0,"key":"Gremlin Horn"}],"event_choices":[{"cards_removed":["Defend_R"],"damage_healed":0.0,"max_hp_gain":0.0,"max_hp_loss":0.0,"gold_gain":0.0,"event_name":"NoteForYourself","player_choice":"Took Card","floor":2.0,"gold_loss":0.0,"damage_taken":0.0,"cards_obtained":["Iron Wave"]},{"cards_removed":["Strike_R"],"damage_healed":0.0,"max_hp_gain":0.0,"max_hp_loss":0.0,"gold_gain":0.0,"event_name":"The Cleric","player_choice":"Card Removal","floor":8.0,"gold_loss":50.0,"damage_taken":0.0},{"damage_healed":0.0,"max_hp_gain":0.0,"max_hp_loss":6.0,"gold_gain":0.0,"event_name":"Golden Idol","player_choice":"Lose Max HP","floor":11.0,"gold_loss":0.0,"damage_taken":0.0,"relics_obtained":["Golden Idol"]},{"damage_healed":0.0,"max_hp_gain":0.0,"max_hp_loss":0.0,"gold_gain":75.0,"event_name":"World of Goop","player_choice":"Gather Gold","floor":13.0,"gold_loss":0.0,"damage_taken":11.0},{"damage_healed":0.0,"max_hp_gain":0.0,"max_hp_loss":0.0,"gold_gain":0.0,"event_name":"Dead Adventurer","player_choice":"Searched \u00270\u0027 times","floor":14.0,"gold_loss":0.0,"damage_taken":0.0},{"damage_healed":0.0,"max_hp_gain":0.0,"max_hp_loss":0.0,"gold_gain":0.0,"event_name":"Upgrade Shrine","player_choice":"Upgraded","floor":20.0,"gold_loss":0.0,"damage_taken":0.0,"cards_upgraded":["Dropkick"]},{"damage_healed":0.0,"max_hp_gain":0.0,"max_hp_loss":0.0,"gold_gain":0.0,"event_name":"Vampires","player_choice":"Ignored","floor":21.0,"gold_loss":0.0,"damage_taken":0.0},{"cards_removed":["Defend_R"],"damage_healed":0.0,"max_hp_gain":0.0,"max_hp_loss":0.0,"gold_gain":0.0,"event_name":"Beggar","player_choice":"Gave Gold","floor":22.0,"gold_loss":75.0,"damage_taken":0.0},{"damage_healed":23.0,"max_hp_gain":0.0,"max_hp_loss":0.0,"gold_gain":0.0,"event_name":"The Library","player_choice":"Heal","floor":24.0,"gold_loss":0.0,"damage_taken":0.0},{"damage_healed":0.0,"max_hp_gain":0.0,"max_hp_loss":0.0,"gold_gain":0.0,"event_name":"Ghosts","player_choice":"Ignored","floor":27.0,"gold_loss":0.0,"damage_taken":0.0},{"damage_healed":0.0,"max_hp_gain":0.0,"max_hp_loss":0.0,"gold_gain":0.0,"event_name":"Duplicator","player_choice":"Ignored","floor":36.0,"gold_loss":0.0,"damage_taken":0.0},{"cards_removed":["Iron Wave"],"damage_healed":0.0,"max_hp_gain":0.0,"max_hp_loss":0.0,"gold_gain":0.0,"event_name":"Falling","player_choice":"Removed Attack","floor":37.0,"gold_loss":0.0,"damage_taken":0.0},{"damage_healed":0.0,"max_hp_gain":0.0,"max_hp_loss":0.0,"gold_gain":0.0,"event_name":"Mysterious Sphere","player_choice":"Fight","floor":38.0,"gold_loss":0.0,"damage_taken":0.0},{"damage_healed":0.0,"max_hp_gain":0.0,"max_hp_loss":0.0,"gold_gain":0.0,"event_name":"Tomb of Lord Red Mask","player_choice":"Ignored","floor":39.0,"gold_loss":0.0,"damage_taken":0.0},{"damage_healed":0.0,"max_hp_gain":0.0,"max_hp_loss":0.0,"gold_gain":0.0,"event_name":"SensoryStone","player_choice":"Memory 1","floor":45.0,"gold_loss":0.0,"damage_taken":0.0}],"is_beta":false,"boss_relics":[{"not_picked":["Pandora\u0027s Box","Coffee Dripper"],"picked":"Empty Cage"},{"not_picked":["Black Blood","Astrolabe"],"picked":"Runic Dome"}],"items_purged_floors":[3,28,46,53],"is_endless":false,"potions_floor_spawned":[5,7,19,23,33,38,41,48,54],"ascension_level":0}