{"gold_per_floor":[118,132,143,1,13,41,51,51,51,81,97,97,113,113,113,213,213,224,238,17,36,36,36],"floor_reached":23,"playtime":1540,"items_purged":[],"score":220,"play_id":"bc331705-bc9a-4e46-9038-8fcb709640ee","local_time":"20190520172848","is_ascension_mode":false,"campfire_choices":[{"floor":12,"key":"REST"},{"data":"Sweeping Beam","floor":15,"key":"SMITH"}],"neow_cost":"NONE","seed_source_timestamp":350560639746,"circlet_count":0,"master_deck":["Strike_B","Strike_B","Strike_B","Strike_B","Defend_B","Defend_B","Defend_B","Defend_B","Zap","Dualcast","Conserve Battery","Streamline","Coolheaded","Leap","Steam","Rip and Tear","Cold Snap","Sweeping Beam+1","Biased Cognition","Self Repair","Thunder Strike","Cold Snap","Cold Snap","Barrage","Cold Snap","White Noise+1","RitualDagger"],"relics":["Cracked Core","NeowsBlessing","Meat on the Bone","Turnip","Nuclear Battery","Pen Nib"],"potions_floor_usage":[16,16,21,21],"damage_taken":[{"damage":0,"enemies":"Cultist","floor":1,"turns":1},{"damage":0,"enemies":"Small Slimes","floor":2,"turns":1},{"damage":0,"enemies":"Jaw Worm","floor":3,"turns":1},{"damage":2,"enemies":"2 Fungi Beasts","floor":5,"turns":4},{"damage":16,"enemies":"Gremlin Nob","floor":6,"turns":5},{"damage":2,"enemies":"Red Slaver","floor":7,"turns":4},{"damage":0,"enemies":"3 Louse","floor":11,"turns":3},{"damage":4,"enemies":"Exordium Wildlife","floor":13,"turns":3},{"damage":2,"enemies":"Slime Boss","floor":16,"turns":11},{"damage":6,"enemies":"Shell Parasite","floor":18,"turns":6},{"damage":9,"enemies":"Spheric Guardian","floor":19,"turns":4},{"damage":1,"enemies":"3 Cultists","floor":21,"turns":5},{"damage":75,"enemies":"Gremlin Leader","floor":23,"turns":7}],"seed_played":"-2858187927929931570","potions_obtained":[{"floor":1,"key":"Swift Potion"},{"floor":6,"key":"Explosive Potion"},{"floor":7,"key":"Ancient Potion"},{"floor":18,"key":"PowerPotion"},{"floor":19,"key":"SteroidPotion"}],"is_trial":false,"path_per_floor":["M","M","M","$","M","E","M","$","T","?","M","R","M","?","R","B",null,"M","M","$","M","?","E"],"character_chosen":"DEFECT","items_purchased":["Leap","Steam","Rip and Tear","Pen Nib","Barrage","Cold Snap"],"campfire_rested":1,"item_purchase_floors":[4,4,4,20,20,20],"current_hp_per_floor":[75,75,75,75,73,57,55,55,55,55,55,75,71,75,75,73,75,75,66,66,72,66,0],"gold":36,"neow_bonus":"THREE_ENEMY_KILL","is_prod":false,"is_daily":false,"chose_seed":false,"campfire_upgraded":1,"win_rate":0.0,"timestamp":1558394928,"path_taken":["M","M","M","$","M","E","?","$","T","?","M","R","M","?","R","BOSS","M","M","$","?","?","E"],"build_version":"2019-01-23","purchased_purges":0,"victory":false,"max_hp_per_floor":[75,75,75,75,75,75,75,75,75,75,75,75,75,75,75,75,75,75,75,75,75,75,75],"card_choices":[{"not_picked":["BootSequence","FTL"],"picked":"Conserve Battery","floor":1},{"not_picked":["Skim","Turbo"],"picked":"Streamline","floor":2},{"not_picked":["Leap","Beam Cell"],"picked":"Coolheaded","floor":3},{"not_picked":["Biased Cognition","Steam"],"picked":"Cold Snap","floor":5},{"not_picked":["Cold Snap","Heatsinks"],"picked":"Blizzard","floor":6},{"not_picked":["Barrage","Leap"],"picked":"Sweeping Beam","floor":7},{"not_picked":["Leap","Rebound"],"picked":"Biased Cognition","floor":11},{"not_picked":["Force Field","Loop"],"picked":"Self Repair","floor":13},{"not_picked":["Reboot","Biased Cognition"],"picked":"Thunder Strike","floor":16},{"not_picked":["Conserve Battery","Compile Driver"],"picked":"Cold Snap","floor":18},{"not_picked":["Leap","Coolheaded"],"picked":"Cold Snap","floor":19},{"not_picked":["Compile Driver+1","Redo"],"picked":"White Noise+1","floor":21}],"player_experience":55947,"relics_obtained":[{"floor":6,"key":"Meat on the Bone"},{"floor":9,"key":"Turnip"}],"event_choices":[{"damage_healed":0,"gold_gain":30,"player_choice":"Searched \u00271\u0027 times","damage_taken":0,"max_hp_gain":0,"max_hp_loss":0,"event_name":"Dead Adventurer","floor":10,"gold_loss":0},{"cards_removed":["Blizzard"],"damage_healed":4,"gold_gain":0,"player_choice":"Offered Uncommon","damage_taken":0,"max_hp_gain":0,"max_hp_loss":0,"event_name":"Bonfire Elementals","floor":14,"gold_loss":0},{"damage_healed":0,"gold_gain":0,"player_choice":"Joined the Cult","damage_taken":6,"max_hp_gain":0,"max_hp_loss":0,"event_name":"Nest","floor":22,"gold_loss":0,"cards_obtained":["RitualDagger"]}],"is_beta":false,"boss_relics":[{"not_picked":["White Beast Statue","Runic Dome"],"picked":"Nuclear Battery"}],"items_purged_floors":[],"is_endless":false,"potions_floor_spawned":[1,6,7,11,18,19],"killed_by":"Gremlin Leader","ascension_level":0}