{"gold_per_floor":[116,127,127,127,4,31,62,108,198,210,256,281,313,89,89,193,193,208,208,208,228,228,228,262,262,262,290,21,21,49,69,69,168,168,184,284,284,237,247,272,283,34,34,44,77,89,89,108,108,108],"floor_reached":51,"playtime":4480,"items_purged":["Regret","Strike_R"],"score":1412,"play_id":"58ead6aa-d0b2-4caf-a820-6def32ea1c58","local_time":"20190503091451","is_ascension_mode":true,"campfire_choices":[{"data":"Offering","floor":10.0,"key":"SMITH"},{"data":"True Grit","floor":15.0,"key":"SMITH"},{"data":"Metallicize","floor":23.0,"key":"SMITH"},{"data":"Twin Strike","floor":25.0,"key":"SMITH"},{"floor":29.0,"key":"REST"},{"data":"Dark Embrace","floor":32.0,"key":"SMITH"},{"floor":49.0,"key":"REST"}],"neow_cost":"NONE","seed_source_timestamp":1705097973000409,"circlet_count":0,"master_deck":["AscendersBane","Strike_R","Strike_R","Strike_R","Strike_R","Defend_R+1","Defend_R","Defend_R","Defend_R+1","Bash","Twin Strike+1","Cleave","True Grit+1","Metallicize+1","Offering+1","True Grit+1","Offering+1","Shrug It Off+1","Armaments+1","Shrug It Off+1","Limit Break+1","Headbutt","Wild Strike+1","Warcry+1","Warcry+1","Shockwave+1","Shockwave+1","Dark Embrace+1","Demon Form","True Grit+1","Disarm+1","Havoc+1","Warcry+1","Shrug It Off+1","Intimidate+1","Intimidate+1"],"special_seed":0,"relics":["Burning Blood","NeowsBlessing","Turnip","MawBank","Gremlin Horn","Toxic Egg 2","Oddly Smooth Stone","Vajra","Mark of Pain","MutagenicStrength","Paper Frog","Ancient Tea Set","Gambling Chip","Happy Flower","Centennial Puzzle","War Paint","Runic Cube","Torii","Smiling Mask","PreservedInsect","Mercury Hourglass","FossilizedHelix"],"potions_floor_usage":[50,50,50],"damage_taken":[{"damage":0.0,"enemies":"Cultist","floor":1.0,"turns":2.0},{"damage":0.0,"enemies":"Small Slimes","floor":2.0,"turns":1.0},{"damage":0.0,"enemies":"Lagavulin","floor":6.0,"turns":1.0},{"damage":6.0,"enemies":"2 Louse","floor":7.0,"turns":3.0},{"damage":15.0,"enemies":"Gremlin Nob","floor":8.0,"turns":3.0},{"damage":56.0,"enemies":"Lagavulin","floor":11.0,"turns":8.0},{"damage":6.0,"enemies":"Blue Slaver","floor":12.0,"turns":2.0},{"damage":9.0,"enemies":"Gremlin Gang","floor":13.0,"turns":4.0},{"damage":12.0,"enemies":"Slime Boss","floor":16.0,"turns":8.0},{"damage":26.0,"enemies":"2 Thieves","floor":18.0,"turns":5.0},{"damage":6.0,"enemies":"3 Byrds","floor":21.0,"turns":6.0},{"damage":38.0,"enemies":"Book of Stabbing","floor":24.0,"turns":5.0},{"damage":16.0,"enemies":"Gremlin Leader","floor":27.0,"turns":3.0},{"damage":9.0,"enemies":"Slavers","floor":30.0,"turns":3.0},{"damage":6.0,"enemies":"Snecko","floor":31.0,"turns":4.0},{"damage":12.0,"enemies":"Collector","floor":33.0,"turns":3.0},{"damage":6.0,"enemies":"Orb Walker","floor":35.0,"turns":3.0},{"damage":12.0,"enemies":"Mind Bloom Boss Battle","floor":36.0,"turns":4.0},{"damage":21.0,"enemies":"3 Darklings","floor":39.0,"turns":4.0},{"damage":13.0,"enemies":"Giant Head","floor":40.0,"turns":6.0},{"damage":8.0,"enemies":"Sphere and 2 Shapes","floor":41.0,"turns":4.0},{"damage":19.0,"enemies":"Writhing Mass","floor":44.0,"turns":5.0},{"damage":12.0,"enemies":"Reptomancer","floor":45.0,"turns":2.0},{"damage":0.0,"enemies":"4 Shapes","floor":46.0,"turns":2.0},{"damage":10.0,"enemies":"3 Darklings","floor":48.0,"turns":3.0},{"damage":25,"enemies":"Awakened One","floor":50,"turns":8}],"seed_played":"-4529404286601396941","potions_obtained":[{"floor":6.0,"key":"AttackPotion"},{"floor":11.0,"key":"SpeedPotion"},{"floor":12.0,"key":"EssenceOfSteel"},{"floor":13.0,"key":"Strength Potion"},{"floor":21.0,"key":"Explosive Potion"},{"floor":24.0,"key":"Strength Potion"},{"floor":31.0,"key":"PowerPotion"},{"floor":33.0,"key":"Swift Potion"},{"floor":36.0,"key":"LiquidBronze"},{"floor":41.0,"key":"Ancient Potion"},{"floor":44.0,"key":"Strength Potion"},{"floor":48.0,"key":"Ancient Potion"}],"is_trial":false,"path_per_floor":["M","M","?","?","$","E","M","E","T","R","E","M","M","$","R","B",null,"M","?","?","M","?","R","E","R","T","E","$","R","E","M","R","B",null,"M","?","?","$","M","E","M","$","T","M","E","M","?","M","R","B",null],"character_chosen":"IRONCLAD","items_purchased":["True Grit","Armaments+1","Shrug It Off+1","Vajra","Shockwave+1","Centennial Puzzle","Dexterity Potion","Havoc+1","PreservedInsect","Shrug It Off+1"],"campfire_rested":2,"item_purchase_floors":[5,14,14,14,28,28,28,38,42,42],"current_hp_per_floor":[78,80,80,80,80,80,80,71,71,71,21,21,18,18,18,12,63,43,43,69,69,69,69,37,37,37,27,27,51,48,48,48,42,71,71,65,65,65,50,43,41,41,41,28,22,28,28,24,46,27],"gold":108,"neow_bonus":"THREE_ENEMY_KILL","is_prod":false,"is_daily":false,"chose_seed":false,"campfire_upgraded":5,"win_rate":0,"timestamp":1556892891,"path_taken":["M","?","?","?","?","E","M","E","T","R","E","?","M","$","R","BOSS","M","?","?","M","?","R","E","R","T","E","$","R","E","?","R","BOSS","M","?","?","$","M","E","M","$","T","M","E","M","?","M","R","BOSS"],"build_version":"2019-01-23","purchased_purges":2,"victory":true,"max_hp_per_floor":[80,80,80,80,80,80,80,80,80,80,80,80,80,80,80,80,80,80,80,80,80,80,80,80,80,80,80,80,80,80,80,80,80,80,80,80,76,76,76,76,76,76,76,76,76,76,76,76,76,76],"card_choices":[{"not_picked":["Havoc","Wild Strike"],"picked":"Twin Strike","floor":1.0},{"not_picked":["Intimidate","Hemokinesis"],"picked":"Cleave","floor":2.0},{"not_picked":["Whirlwind","Reckless Charge"],"picked":"Metallicize","floor":6.0},{"not_picked":["Wild Strike","Twin Strike"],"picked":"Offering","floor":7.0},{"not_picked":["Cleave","Infernal Blade"],"picked":"Sentinel","floor":8.0},{"not_picked":["Second Wind+1","Brutality"],"picked":"True Grit+1","floor":11.0},{"not_picked":["Clothesline","Cleave"],"picked":"Offering+1","floor":12.0},{"not_picked":["Headbutt","Sever Soul"],"picked":"Shrug It Off+1","floor":13.0},{"not_picked":["Juggernaut","Bludgeon"],"picked":"Limit Break+1","floor":16.0},{"not_picked":["Clothesline","Heavy Blade"],"picked":"Headbutt","floor":18.0},{"not_picked":["True Grit+1","Pommel Strike"],"picked":"Wild Strike+1","floor":21.0},{"not_picked":["Iron Wave","Fire Breathing+1"],"picked":"Warcry+1","floor":24.0},{"not_picked":["Clash","Headbutt+1"],"picked":"Warcry+1","floor":27.0},{"not_picked":["Bloodletting+1","Twin Strike"],"picked":"Shockwave+1","floor":30.0},{"not_picked":["Sever Soul+1","Sword Boomerang"],"picked":"Dark Embrace","floor":31.0},{"not_picked":["Impervious+1","Immolate"],"picked":"Demon Form","floor":33.0},{"not_picked":["Wild Strike","Flex+1"],"picked":"True Grit+1","floor":35.0},{"not_picked":["Anger","Entrench+1"],"picked":"Disarm+1","floor":36.0},{"not_picked":["Body Slam","Clothesline+1"],"picked":"Warcry+1","floor":39.0},{"not_picked":["Perfected Strike","Clash+1","Entrench+1"],"picked":"SKIP","floor":40.0},{"not_picked":["Havoc+1","Fire Breathing+1","Headbutt"],"picked":"SKIP","floor":41.0},{"not_picked":["Twin Strike+1","Entrench+1","Infernal Blade+1"],"picked":"SKIP","floor":44.0},{"not_picked":["Perfected Strike","Corruption+1","Dual Wield+1"],"picked":"SKIP","floor":45.0},{"not_picked":["Power Through+1","Second Wind+1"],"picked":"Intimidate+1","floor":46.0},{"not_picked":["Rupture+1","Thunderclap+1"],"picked":"Intimidate+1","floor":48.0}],"player_experience":371773,"relics_obtained":[{"floor":6.0,"key":"MawBank"},{"floor":8.0,"key":"Gremlin Horn"},{"floor":9.0,"key":"Toxic Egg 2"},{"floor":11.0,"key":"Oddly Smooth Stone"},{"floor":24.0,"key":"Ancient Tea Set"},{"floor":26.0,"key":"Gambling Chip"},{"floor":27.0,"key":"Happy Flower"},{"floor":30.0,"key":"War Paint"},{"floor":36.0,"key":"Torii"},{"floor":40.0,"key":"Smiling Mask"},{"floor":43.0,"key":"Mercury Hourglass"},{"floor":45.0,"key":"FossilizedHelix"}],"event_choices":[{"damage_healed":0.0,"max_hp_gain":0.0,"max_hp_loss":0.0,"gold_gain":0.0,"event_name":"Liars Game","player_choice":"Ignored","floor":3.0,"gold_loss":0.0,"damage_taken":0.0},{"damage_healed":0.0,"max_hp_gain":0.0,"max_hp_loss":0.0,"gold_gain":0.0,"event_name":"Big Fish","player_choice":"Box","floor":4.0,"gold_loss":0.0,"damage_taken":0.0,"relics_obtained":["Turnip"],"cards_obtained":["Regret"]},{"damage_healed":0.0,"max_hp_gain":0.0,"max_hp_loss":0.0,"gold_gain":0.0,"event_name":"Drug Dealer","player_choice":"Inject Mutagens","floor":19.0,"gold_loss":0.0,"damage_taken":0.0,"relics_obtained":["MutagenicStrength"]},{"damage_healed":26.0,"max_hp_gain":0.0,"max_hp_loss":0.0,"gold_gain":0.0,"event_name":"The Library","player_choice":"Heal","floor":20.0,"gold_loss":0.0,"damage_taken":0.0},{"cards_removed":["Sentinel"],"damage_healed":0.0,"max_hp_gain":0.0,"max_hp_loss":0.0,"gold_gain":0.0,"event_name":"WeMeetAgain","player_choice":"Gave Card","floor":22.0,"gold_loss":0.0,"damage_taken":0.0,"relics_obtained":["Paper Frog"]},{"damage_healed":0.0,"max_hp_gain":0.0,"max_hp_loss":0.0,"gold_gain":0.0,"event_name":"MindBloom","player_choice":"Fight","floor":36.0,"gold_loss":0.0,"damage_taken":0.0},{"damage_healed":0.0,"max_hp_gain":0.0,"max_hp_loss":4.0,"gold_gain":0.0,"event_name":"Winding Halls","player_choice":"Max HP","floor":37.0,"gold_loss":0.0,"damage_taken":0.0},{"damage_healed":0.0,"max_hp_gain":0.0,"max_hp_loss":0.0,"gold_gain":0.0,"event_name":"The Moai Head","player_choice":"Ignored","floor":47.0,"gold_loss":0.0,"damage_taken":0.0}],"is_beta":false,"boss_relics":[{"not_picked":["Runic Dome","Fusion Hammer"],"picked":"Mark of Pain"},{"not_picked":["Snecko Eye","Eternal Feather"],"picked":"Runic Cube"}],"items_purged_floors":[5,42],"is_endless":false,"potions_floor_spawned":[6,11,12,13,21,24,31,33,36,41,44,45,48],"ascension_level":10}