{"gold_per_floor":[360,23,23,123,135,135,155,185,185,185,185],"floor_reached":11,"playtime":394,"items_purged":["Strike_R"],"score":103,"play_id":"78ee9af2-84fc-4703-be6c-ed244afdbda9","local_time":"20190521215629","is_ascension_mode":true,"campfire_choices":[{"data":"Bash","floor":6,"key":"SMITH"}],"neow_cost":"TEN_PERCENT_HP_LOSS","seed_source_timestamp":172908057158691,"circlet_count":0,"master_deck":["Strike_R","Strike_R","Strike_R","Strike_R","Defend_R","Defend_R","Defend_R","Defend_R","Bash+1","Offering"],"relics":["Burning Blood","Matryoshka","Ginger","Question Card","Self Forming Clay"],"potions_floor_usage":[8,11],"damage_taken":[{"damage":8,"enemies":"2 Louse","floor":1,"turns":3},{"damage":9,"enemies":"Jaw Worm","floor":5,"turns":5},{"damage":6,"enemies":"Cultist","floor":7,"turns":4},{"damage":45,"enemies":"3 Sentries","floor":8,"turns":10},{"damage":44,"enemies":"Lagavulin","floor":11,"turns":6}],"seed_played":"783274632912369409","potions_obtained":[{"floor":5,"key":"PowerPotion"},{"floor":8,"key":"Swift Potion"}],"is_trial":false,"path_per_floor":["M","$","?","?","M","R","M","E","T","?","E"],"character_chosen":"IRONCLAD","items_purchased":["Matryoshka"],"campfire_rested":0,"item_purchase_floors":[2],"current_hp_per_floor":[70,70,75,75,72,72,72,33,33,30,0],"gold":185,"neow_bonus":"TWO_FIFTY_GOLD","is_prod":false,"is_daily":false,"chose_seed":false,"campfire_upgraded":1,"win_rate":0,"timestamp":1558464989,"path_taken":["M","$","?","?","M","R","?","E","T","?","E"],"build_version":"2019-01-23","purchased_purges":1,"victory":false,"max_hp_per_floor":[72,72,77,77,77,77,77,77,77,77,77],"card_choices":[{"not_picked":["Clash","True Grit","Feel No Pain"],"picked":"SKIP","floor":1},{"not_picked":["Cleave","Second Wind","Inflame"],"picked":"SKIP","floor":5},{"not_picked":["Warcry","Wild Strike","Sentinel"],"picked":"SKIP","floor":7},{"not_picked":["Shrug It Off","Twin Strike"],"picked":"Offering","floor":8}],"player_experience":306580,"relics_obtained":[{"floor":8,"key":"Ginger"},{"floor":9,"key":"Question Card"}],"event_choices":[{"damage_healed":0,"gold_gain":0,"player_choice":"Donut","damage_taken":0,"max_hp_gain":5,"max_hp_loss":0,"event_name":"Big Fish","floor":3,"gold_loss":0},{"damage_healed":0,"gold_gain":100,"player_choice":"Gold","damage_taken":0,"max_hp_gain":0,"max_hp_loss":0,"event_name":"Wheel of Change","floor":4,"gold_loss":0},{"damage_healed":0,"gold_gain":0,"player_choice":"Success","damage_taken":3,"relics_obtained":["Self Forming Clay"],"max_hp_gain":0,"max_hp_loss":0,"event_name":"Scrap Ooze","floor":10,"gold_loss":0}],"is_beta":false,"boss_relics":[],"items_purged_floors":[2],"is_endless":false,"potions_floor_spawned":[5,8],"killed_by":"Lagavulin","ascension_level":9}