{"gold_per_floor":[113,131,151,151,151,178,196,2,2,2,17,17,17,35,35,130,130,143,159,169,185,185,215,215,215,215,241,268,268,268,280,280,382,382,394,394,253,269,269,269,298,298,298,7,7],"floor_reached":45,"playtime":3179,"items_purged":["Normality"],"score":531,"play_id":"42f3cc56-76c1-4803-a441-82a75324c4ee","local_time":"20190529215658","is_ascension_mode":false,"campfire_choices":[{"floor":10,"key":"REST"},{"floor":13,"key":"REST"},{"data":"Flex","floor":15,"key":"SMITH"},{"floor":25,"key":"REST"},{"floor":29,"key":"REST"},{"data":"Flex","floor":32,"key":"SMITH"},{"floor":40,"key":"REST"},{"floor":42,"key":"REST"}],"neow_cost":"TEN_PERCENT_HP_LOSS","seed_source_timestamp":72271947903854,"circlet_count":0,"master_deck":["Strike_R+1","Strike_R+1","Strike_R+1","Strike_R+1","Strike_R+1","Defend_R+1","Defend_R+1","Defend_R+1","Defend_R+1","Bash","Deep Breath+1","Trip+1","Flex+1","Anger","Sword Boomerang","Juggernaut","Anger","Spot Weakness","Ghostly Armor","Reaper","Shrug It Off+1","Flex+1","Ghostly Armor","Warcry","Flex+1","Writhe","Shrug It Off","Shrug It Off+1","Reaper+1","Pommel Strike+1","Madness","Madness","Anger+1","Cleave+1","Doubt","Flex"],"relics":["Burning Blood","Bag of Preparation","Pocketwatch","TheAbacus","Ornamental Fan","Cursed Key","Frozen Egg 2","Pen Nib","Singing Bowl","Red Mask","Molten Egg 2","Mark of Pain","Sundial","Smiling Mask","Oddly Smooth Stone","Toolbox"],"potions_floor_usage":[11,23,23,27,28,28,33],"damage_taken":[{"damage":11,"enemies":"Jaw Worm","floor":1,"turns":3},{"damage":2,"enemies":"Small Slimes","floor":2,"turns":4},{"damage":0,"enemies":"2 Louse","floor":3,"turns":2},{"damage":39,"enemies":"3 Sentries","floor":6,"turns":9},{"damage":0,"enemies":"Large Slime","floor":7,"turns":4},{"damage":6,"enemies":"Looter","floor":11,"turns":3},{"damage":0,"enemies":"3 Louse","floor":14,"turns":3},{"damage":13,"enemies":"Slime Boss","floor":16,"turns":8},{"damage":0,"enemies":"Chosen","floor":18,"turns":3},{"damage":9,"enemies":"3 Byrds","floor":19,"turns":5},{"damage":18,"enemies":"Shelled Parasite and Fungi","floor":20,"turns":4},{"damage":16,"enemies":"Chosen and Byrds","floor":21,"turns":8},{"damage":30,"enemies":"Slavers","floor":23,"turns":6},{"damage":19,"enemies":"Masked Bandits","floor":27,"turns":5},{"damage":48,"enemies":"Book of Stabbing","floor":28,"turns":6},{"damage":0,"enemies":"Cultist and Chosen","floor":31,"turns":5},{"damage":41,"enemies":"Automaton","floor":33,"turns":10},{"damage":0,"enemies":"3 Shapes","floor":35,"turns":4},{"damage":36,"enemies":"3 Darklings","floor":38,"turns":7},{"damage":88,"enemies":"Nemesis","floor":41,"turns":9},{"damage":58,"enemies":"Maw","floor":45,"turns":7}],"seed_played":"7318309765784472878","potions_obtained":[{"floor":6,"key":"Regen Potion"},{"floor":11,"key":"Explosive Potion"},{"floor":14,"key":"SpeedPotion"},{"floor":16,"key":"GamblersBrew"},{"floor":20,"key":"SteroidPotion"},{"floor":23,"key":"EssenceOfSteel"},{"floor":27,"key":"Regen Potion"},{"floor":28,"key":"Swift Potion"}],"is_trial":false,"path_per_floor":["M","M","M","?","?","E","M","$","T","R","M","$","R","M","R","B",null,"M","M","M","M","?","E","?","R","T","?","E","R","?","M","R","B",null,"M","?","?","M","?","R","E","R","T","$","M"],"character_chosen":"IRONCLAD","items_purchased":["TheAbacus","Toolbox","Flex"],"campfire_rested":6,"item_purchase_floors":[8,44,44],"current_hp_per_floor":[67,71,72,69,55,22,28,28,28,49,54,54,72,72,72,65,72,72,72,60,56,72,54,54,72,72,73,53,74,74,74,74,39,74,74,65,65,58,58,76,22,44,44,44,0],"gold":7,"neow_bonus":"RANDOM_COLORLESS_2","is_prod":false,"is_daily":false,"chose_seed":false,"campfire_upgraded":2,"win_rate":0.0,"timestamp":1559188618,"path_taken":["M","M","M","?","?","E","M","?","T","R","M","?","R","M","R","BOSS","M","M","M","M","?","E","?","R","T","?","E","R","?","M","R","BOSS","M","?","?","?","?","R","E","R","T","$","M"],"build_version":"2019-01-23","purchased_purges":1,"victory":false,"max_hp_per_floor":[72,72,72,72,72,72,72,72,72,72,72,72,72,72,72,72,72,72,72,72,72,72,72,72,72,72,74,74,74,74,74,74,74,74,74,74,74,76,76,76,76,76,76,76,76],"card_choices":[{"not_picked":["Pommel Strike","Cleave"],"picked":"Flex","floor":1},{"not_picked":["Warcry","True Grit"],"picked":"Anger","floor":2},{"not_picked":["Wild Strike","Warcry"],"picked":"Sword Boomerang","floor":3},{"not_picked":["Thunderclap","Wild Strike"],"picked":"Juggernaut","floor":6},{"not_picked":["Havoc","Heavy Blade"],"picked":"Anger","floor":7},{"not_picked":["Power Through","Corruption"],"picked":"Spot Weakness","floor":11},{"not_picked":["Flame Barrier","Hemokinesis"],"picked":"Ghostly Armor","floor":14},{"not_picked":["Berserk","Exhume"],"picked":"Reaper","floor":16},{"not_picked":["Clothesline","Heavy Blade"],"picked":"Shrug It Off+1","floor":18},{"not_picked":["Havoc+1","Burning Pact"],"picked":"Flex+1","floor":19},{"not_picked":["Sever Soul","Battle Trance+1"],"picked":"Ghostly Armor","floor":20},{"not_picked":["Twin Strike","Perfected Strike"],"picked":"Warcry","floor":21},{"not_picked":["Rampage","Armaments"],"picked":"Flex","floor":23},{"not_picked":["Sever Soul","Dropkick","Berserk+1"],"picked":"Singing Bowl","floor":27},{"not_picked":["Disarm","Combust+1"],"picked":"Shrug It Off","floor":28},{"not_picked":["Heavy Blade+1","Havoc"],"picked":"Shrug It Off+1","floor":31},{"not_picked":["Fiend Fire+1","Bludgeon+1"],"picked":"Reaper+1","floor":33},{"not_picked":["Havoc+1","Perfected Strike+1"],"picked":"Pommel Strike+1","floor":35},{"not_picked":["Carnage+1","Whirlwind+1","Pommel Strike+1"],"picked":"Singing Bowl","floor":38},{"not_picked":["Dropkick+1","Carnage+1"],"picked":"Cleave+1","floor":41}],"player_experience":120679,"relics_obtained":[{"floor":6,"key":"Pocketwatch"},{"floor":9,"key":"Ornamental Fan"},{"floor":23,"key":"Frozen Egg 2"},{"floor":26,"key":"Singing Bowl"},{"floor":27,"key":"Red Mask"},{"floor":28,"key":"Molten Egg 2"},{"floor":41,"key":"Smiling Mask"},{"floor":43,"key":"Oddly Smooth Stone"}],"event_choices":[{"damage_healed":0,"gold_gain":0,"player_choice":"Success","damage_taken":3,"relics_obtained":["Bag of Preparation"],"max_hp_gain":0,"max_hp_loss":0,"event_name":"Scrap Ooze","floor":4,"gold_loss":0},{"damage_healed":0,"gold_gain":0,"player_choice":"Entered Light","damage_taken":14,"max_hp_gain":0,"max_hp_loss":0,"event_name":"Shining Light","floor":5,"gold_loss":0,"cards_upgraded":["Deep Breath","Trip"]},{"damage_healed":24,"gold_gain":0,"player_choice":"Heal","damage_taken":0,"max_hp_gain":0,"max_hp_loss":0,"event_name":"The Library","floor":22,"gold_loss":0},{"damage_healed":0,"gold_gain":0,"player_choice":"Opened","damage_taken":0,"relics_obtained":["Pen Nib"],"max_hp_gain":0,"max_hp_loss":0,"event_name":"The Mausoleum","floor":24,"gold_loss":0,"cards_obtained":["Writhe"]},{"damage_healed":0,"gold_gain":0,"player_choice":"Fought Bandits","damage_taken":0,"max_hp_gain":0,"max_hp_loss":0,"event_name":"Masked Bandits","floor":27,"gold_loss":0},{"damage_healed":0,"gold_gain":0,"player_choice":"Simplicity","damage_taken":0,"max_hp_gain":0,"max_hp_loss":0,"event_name":"Back to Basics","floor":30,"gold_loss":0,"cards_upgraded":["Strike_R","Strike_R","Strike_R","Strike_R","Strike_R","Defend_R","Defend_R","Defend_R","Defend_R"]},{"damage_healed":0,"gold_gain":0,"player_choice":"Embrace Madness","damage_taken":9,"max_hp_gain":0,"max_hp_loss":0,"event_name":"Winding Halls","floor":36,"gold_loss":0,"cards_obtained":["Madness","Madness"]},{"damage_healed":0,"gold_gain":0,"player_choice":"Paid Gold","damage_taken":0,"relics_obtained":["Sundial"],"max_hp_gain":0,"max_hp_loss":0,"event_name":"WeMeetAgain","floor":37,"gold_loss":141},{"damage_healed":0,"gold_gain":0,"player_choice":"Copied","damage_taken":0,"max_hp_gain":0,"max_hp_loss":0,"event_name":"Duplicator","floor":39,"gold_loss":0,"cards_obtained":["Anger"]}],"is_beta":false,"boss_relics":[{"not_picked":["Tiny House","White Beast Statue"],"picked":"Cursed Key"},{"not_picked":["Philosopher\u0027s Stone","Black Star"],"picked":"Mark of Pain"}],"items_purged_floors":[44],"is_endless":false,"potions_floor_spawned":[6,11,14,16,20,21,23,27,28],"killed_by":"Maw","ascension_level":0}