{"gold_per_floor":[119,119,44,58,8,41,41,41,41,41,41,52,82,104,116,128],"floor_reached":16,"playtime":575,"items_purged":["Strike_R"],"score":151,"play_id":"1b952437-d6e6-489b-b970-2f1f0482fad6","local_time":"20190516170507","is_ascension_mode":true,"campfire_choices":[{"data":"Body Slam","floor":7.0,"key":"SMITH"},{"data":"Body Slam","floor":10.0,"key":"SMITH"},{"floor":15,"key":"REST"}],"neow_cost":"NONE","seed_source_timestamp":2510958619673030,"circlet_count":0,"master_deck":["Strike_R","Strike_R","Strike_R","Defend_R","Defend_R","Defend_R","Defend_R","Bash","Body Slam+1","Body Slam+1"],"special_seed":0,"relics":["White Beast Statue","Gremlin Horn","Peace Pipe","Orichalcum","MawBank"],"potions_floor_usage":[14],"damage_taken":[{"damage":8.0,"enemies":"2 Louse","floor":1.0,"turns":4.0},{"damage":4.0,"enemies":"Jaw Worm","floor":4.0,"turns":5.0},{"damage":20.0,"enemies":"3 Sentries","floor":6.0,"turns":10.0},{"damage":0.0,"enemies":"Small Slimes","floor":12.0,"turns":3.0},{"damage":52.0,"enemies":"Gremlin Nob","floor":13.0,"turns":5.0},{"damage":3,"enemies":"Exordium Thugs","floor":14,"turns":6},{"damage":43,"enemies":"Hexaghost","floor":16,"turns":9}],"seed_played":"1931531240665873357","potions_obtained":[{"floor":1.0,"key":"Explosive Potion"},{"floor":4.0,"key":"SpeedPotion"},{"floor":6.0,"key":"Regen Potion"},{"floor":12.0,"key":"AttackPotion"},{"floor":13.0,"key":"SkillPotion"},{"floor":14,"key":"FairyPotion"}],"is_trial":false,"path_per_floor":["M","?","$","M","?","E","R","?","T","R","?","M","E","M","R","B"],"character_chosen":"IRONCLAD","items_purchased":[],"campfire_rested":1,"item_purchase_floors":[],"current_hp_per_floor":[64,69,69,65,65,45,45,45,45,45,45,45,7,4,29,0],"gold":128,"neow_bonus":"BOSS_RELIC","is_prod":false,"is_daily":false,"chose_seed":false,"campfire_upgraded":2,"win_rate":0,"timestamp":1558015507,"path_taken":["M","?","?","M","?","E","R","?","T","R","?","M","E","M","R","BOSS"],"build_version":"2019-01-23","purchased_purges":1,"victory":false,"max_hp_per_floor":[80,85,85,85,85,85,85,85,85,85,85,85,85,85,85,85],"card_choices":[{"not_picked":["Perfected Strike","Armaments"],"picked":"Body Slam","floor":1.0},{"not_picked":["Anger","Twin Strike","Disarm"],"picked":"SKIP","floor":4.0},{"not_picked":["Flex","Warcry"],"picked":"Body Slam","floor":6.0},{"not_picked":["Pommel Strike","Iron Wave","Rampage"],"picked":"SKIP","floor":12.0},{"not_picked":["Battle Trance","Flame Barrier","Twin Strike"],"picked":"SKIP","floor":13.0},{"not_picked":["Cleave","Dual Wield","Seeing Red"],"picked":"SKIP","floor":14}],"player_experience":299202,"relics_obtained":[{"floor":6.0,"key":"Gremlin Horn"},{"floor":9.0,"key":"Peace Pipe"},{"floor":13.0,"key":"MawBank"}],"event_choices":[{"damage_healed":0.0,"max_hp_gain":5.0,"max_hp_loss":0.0,"gold_gain":0.0,"event_name":"Big Fish","player_choice":"Donut","floor":2.0,"gold_loss":0.0,"damage_taken":0.0},{"cards_removed":["Strike_R"],"damage_healed":0.0,"max_hp_gain":0.0,"max_hp_loss":0.0,"gold_gain":0.0,"event_name":"The Cleric","player_choice":"Card Removal","floor":5.0,"gold_loss":50.0,"damage_taken":0.0},{"damage_healed":0.0,"max_hp_gain":0.0,"max_hp_loss":0.0,"gold_gain":0.0,"event_name":"Golden Idol","player_choice":"Ignored","floor":8.0,"gold_loss":0.0,"damage_taken":0.0},{"damage_healed":0.0,"max_hp_gain":0.0,"max_hp_loss":0.0,"gold_gain":0.0,"event_name":"Dead Adventurer","player_choice":"Searched \u00271\u0027 times","floor":11.0,"gold_loss":0.0,"damage_taken":0.0,"relics_obtained":["Orichalcum"]}],"is_beta":false,"boss_relics":[],"items_purged_floors":[3],"is_endless":false,"potions_floor_spawned":[1,4,6,12,13,14],"killed_by":"Hexaghost","ascension_level":8}