{"gold_per_floor":[119,139,214,229,229,229,244,278,301,301,187,206,216,276,276,380,380,390,423,154,254,254,280,32,32,56,56,76,94,104,19,19,114,114,128,141,141,157,13,13,48,48,48,80,80,97,117,137,137,137],"floor_reached":51,"playtime":11350,"items_purged":["Strike_R","Decay"],"score":737,"play_id":"c2937520-c25b-445e-8d45-f38c898c1ddd","local_time":"20190530013139","is_ascension_mode":false,"campfire_choices":[{"data":"Bash","floor":6,"key":"SMITH"},{"data":"Armaments","floor":10,"key":"SMITH"},{"data":"Limit Break","floor":15,"key":"SMITH"},{"data":"Shockwave","floor":27,"key":"SMITH"},{"data":"Barricade","floor":32,"key":"SMITH"},{"data":"True Grit","floor":40,"key":"SMITH"},{"data":"Shrug It Off","floor":42,"key":"SMITH"},{"data":"Spot Weakness","floor":49,"key":"SMITH"}],"neow_cost":"NONE","seed_source_timestamp":76940206518269,"circlet_count":0,"master_deck":["Strike_R","Strike_R","Strike_R+1","Defend_R","Defend_R","Defend_R","Defend_R","Bash+1","Reaper","Headbutt","Spot Weakness+1","Flame Barrier","Whirlwind+1","Armaments+1","Pummel","Juggernaut","Barricade+1","Limit Break+1","Reaper","Metallicize","Metallicize","Body Slam","True Grit+1","Shockwave+1","Iron Wave+1","Body Slam+1","Shrug It Off+1","Impervious","Shrug It Off+1","Double Tap","True Grit+1","Corruption","Offering","Thinking Ahead"],"relics":["Burning Blood","Whetstone","Ancient Tea Set","Tiny Chest","Philosopher\u0027s Stone","Red Mask","Chemical X","Torii","Question Card","Meat on the Bone","Pen Nib","Red Skull","Anchor","Runic Pyramid","Oddly Smooth Stone","Juzu Bracelet","Self Forming Clay"],"potions_floor_usage":[14,16,16,16,16,19,23,23,46,50,50],"damage_taken":[{"damage":3,"enemies":"Small Slimes","floor":1,"turns":3},{"damage":1,"enemies":"2 Louse","floor":2,"turns":3},{"damage":6,"enemies":"Jaw Worm","floor":4,"turns":5},{"damage":20,"enemies":"Gremlin Gang","floor":7,"turns":5},{"damage":22,"enemies":"3 Sentries","floor":8,"turns":7},{"damage":9,"enemies":"2 Fungi Beasts","floor":12,"turns":6},{"damage":9,"enemies":"Blue Slaver","floor":13,"turns":4},{"damage":27,"enemies":"Gremlin Nob","floor":14,"turns":4},{"damage":5,"enemies":"Slime Boss","floor":16,"turns":6},{"damage":23,"enemies":"Shell Parasite","floor":18,"turns":6},{"damage":16,"enemies":"Masked Bandits","floor":19,"turns":7},{"damage":8,"enemies":"Colosseum Slavers","floor":21,"turns":4},{"damage":46,"enemies":"Colosseum Nobs","floor":21,"turns":4},{"damage":8,"enemies":"Book of Stabbing","floor":23,"turns":5},{"damage":1,"enemies":"Chosen","floor":28,"turns":5},{"damage":4,"enemies":"Shelled Parasite and Fungi","floor":29,"turns":9},{"damage":0,"enemies":"3 Cultists","floor":30,"turns":2},{"damage":26,"enemies":"Automaton","floor":33,"turns":7},{"damage":0,"enemies":"3 Shapes","floor":35,"turns":5},{"damage":1,"enemies":"Orb Walker","floor":36,"turns":4},{"damage":1,"enemies":"Jaw Worm Horde","floor":38,"turns":3},{"damage":8,"enemies":"Giant Head","floor":41,"turns":9},{"damage":0,"enemies":"Nemesis","floor":44,"turns":5},{"damage":6,"enemies":"Transient","floor":46,"turns":5},{"damage":6,"enemies":"Spire Growth","floor":47,"turns":4},{"damage":6,"enemies":"3 Darklings","floor":48,"turns":5},{"damage":26,"enemies":"Awakened One","floor":50,"turns":9}],"seed_played":"442815699043299649","potions_obtained":[{"floor":2,"key":"Strength Potion"},{"floor":4,"key":"Swift Potion"},{"floor":12,"key":"EntropicBrew"},{"floor":13,"key":"EssenceOfSteel"},{"floor":16,"key":"SteroidPotion"},{"floor":21,"key":"GamblersBrew"},{"floor":30,"key":"Poison Potion"},{"floor":33,"key":"GamblersBrew"},{"floor":35,"key":"Poison Potion"}],"is_trial":false,"path_per_floor":["M","M","?","M","?","R","M","E","T","R","$","M","M","E","R","B",null,"M","?","$","?","?","E","$","?","T","R","M","M","M","?","R","B",null,"M","M","?","M","$","R","E","R","T","E","?","M","M","M","R","B",null],"character_chosen":"IRONCLAD","items_purchased":["Pummel","Chemical X","Body Slam","True Grit","Pen Nib","Corruption","EssenceOfSteel"],"campfire_rested":0,"item_purchase_floors":[11,20,20,20,24,39,39],"current_hp_per_floor":[80,80,69,76,81,81,81,81,81,81,81,81,78,57,57,58,85,84,85,85,55,55,53,53,53,53,53,64,82,85,85,85,65,85,85,85,85,85,85,85,85,85,85,85,85,85,85,85,85,65],"gold":137,"neow_bonus":"ONE_RANDOM_RARE_CARD","is_prod":false,"is_daily":false,"chose_seed":false,"campfire_upgraded":8,"win_rate":0.0,"timestamp":1559201499,"path_taken":["M","M","?","M","?","R","M","E","T","R","$","M","M","E","R","BOSS","M","?","$","?","?","E","$","?","T","R","?","M","?","?","R","BOSS","M","M","?","?","$","R","E","R","T","E","?","M","M","M","R","BOSS"],"build_version":"2019-01-23","purchased_purges":2,"victory":true,"max_hp_per_floor":[80,80,80,80,85,85,85,85,85,85,85,85,85,85,85,85,85,85,85,85,85,85,85,85,85,85,85,85,85,85,85,85,85,85,85,85,85,85,85,85,85,85,85,85,85,85,85,85,85,85],"card_choices":[{"not_picked":["Iron Wave","Dual Wield"],"picked":"Headbutt","floor":1},{"not_picked":["Body Slam","Carnage"],"picked":"Spot Weakness","floor":2},{"not_picked":["Armaments","Flex"],"picked":"Flame Barrier","floor":4},{"not_picked":["Wild Strike","Shrug It Off"],"picked":"Whirlwind","floor":7},{"not_picked":["Warcry","Inflame"],"picked":"Armaments","floor":8},{"not_picked":["Flex","True Grit"],"picked":"Juggernaut","floor":12},{"not_picked":["Cleave","Flex"],"picked":"Barricade","floor":13},{"not_picked":["Armaments","Body Slam"],"picked":"Limit Break","floor":14},{"not_picked":["Juggernaut","Bludgeon"],"picked":"Reaper","floor":16},{"not_picked":["Fire Breathing+1","Entrench"],"picked":"Metallicize","floor":18},{"not_picked":["True Grit","Sword Boomerang"],"picked":"Metallicize","floor":19},{"not_picked":["Heavy Blade+1","Rage"],"picked":"Shockwave","floor":21},{"not_picked":["Headbutt","Heavy Blade","Sword Boomerang"],"picked":"Iron Wave+1","floor":23},{"not_picked":["Ghostly Armor","Intimidate","Combust"],"picked":"Body Slam+1","floor":28},{"not_picked":["Iron Wave","Rage+1","Wild Strike","Seeing Red"],"picked":"SKIP","floor":29},{"not_picked":["Body Slam","Pommel Strike","Rage"],"picked":"Shrug It Off+1","floor":30},{"not_picked":["Limit Break","Bludgeon","Dark Embrace"],"picked":"Impervious","floor":33},{"not_picked":["Bloodletting","Seeing Red+1","Anger"],"picked":"Shrug It Off","floor":35},{"not_picked":["Second Wind+1","Sword Boomerang","Perfected Strike+1","Twin Strike+1"],"picked":"SKIP","floor":36},{"not_picked":["Cleave+1","Wild Strike","Double Tap"],"picked":"True Grit+1","floor":38},{"not_picked":["Twin Strike","Intimidate","Perfected Strike","Cleave"],"picked":"SKIP","floor":41},{"not_picked":["Body Slam","Perfected Strike","Anger"],"picked":"Offering","floor":44},{"not_picked":["Bandage Up","Panacea","Blind"],"picked":"Thinking Ahead","floor":45},{"not_picked":["Burning Pact","Flex+1","Warcry+1","Heavy Blade+1"],"picked":"SKIP","floor":46},{"not_picked":["Dual Wield+1","Dropkick","Seeing Red+1","Infernal Blade"],"picked":"SKIP","floor":47},{"not_picked":["Combust+1","Burning Pact","Dual Wield","Twin Strike+1"],"picked":"SKIP","floor":48}],"player_experience":123858,"relics_obtained":[{"floor":8,"key":"Whetstone"},{"floor":9,"key":"Ancient Tea Set"},{"floor":14,"key":"Tiny Chest"},{"floor":19,"key":"Red Mask"},{"floor":21,"key":"Torii"},{"floor":21,"key":"Question Card"},{"floor":23,"key":"Meat on the Bone"},{"floor":26,"key":"Red Skull"},{"floor":41,"key":"Oddly Smooth Stone"},{"floor":43,"key":"Juzu Bracelet"},{"floor":44,"key":"Self Forming Clay"}],"event_choices":[{"damage_healed":0,"gold_gain":75,"player_choice":"Gather Gold","damage_taken":11,"max_hp_gain":0,"max_hp_loss":0,"event_name":"World of Goop","floor":3,"gold_loss":0},{"damage_healed":0,"gold_gain":0,"player_choice":"Donut","damage_taken":0,"max_hp_gain":5,"max_hp_loss":0,"event_name":"Big Fish","floor":5,"gold_loss":0},{"damage_healed":0,"gold_gain":0,"player_choice":"Fought Bandits","damage_taken":0,"max_hp_gain":0,"max_hp_loss":0,"event_name":"Masked Bandits","floor":19,"gold_loss":0},{"damage_healed":0,"gold_gain":0,"player_choice":"Fight","damage_taken":0,"max_hp_gain":0,"max_hp_loss":0,"event_name":"Colosseum","floor":21,"gold_loss":0},{"damage_healed":0,"gold_gain":0,"player_choice":"Fought Nobs","damage_taken":0,"max_hp_gain":0,"max_hp_loss":0,"event_name":"Colosseum","floor":21,"gold_loss":0},{"damage_healed":0,"gold_gain":0,"player_choice":"Smashed Altar","damage_taken":0,"max_hp_gain":0,"max_hp_loss":0,"event_name":"Forgotten Altar","floor":22,"gold_loss":0,"cards_obtained":["Decay"]},{"damage_healed":0,"gold_gain":0,"player_choice":"Ignored","damage_taken":0,"max_hp_gain":0,"max_hp_loss":0,"event_name":"Ghosts","floor":25,"gold_loss":0},{"damage_healed":0,"gold_gain":0,"player_choice":"Obtained Relic","damage_taken":0,"relics_obtained":["Anchor"],"max_hp_gain":0,"max_hp_loss":0,"event_name":"Addict","floor":31,"gold_loss":85},{"damage_healed":0,"gold_gain":0,"cards_transformed":["Strike_R"],"player_choice":"Transformed","damage_taken":0,"max_hp_gain":0,"max_hp_loss":0,"event_name":"Transmorgrifier","floor":37,"gold_loss":0,"cards_obtained":["Double Tap"]},{"damage_healed":0,"gold_gain":0,"player_choice":"Memory 1","damage_taken":0,"max_hp_gain":0,"max_hp_loss":0,"event_name":"SensoryStone","floor":45,"gold_loss":0}],"is_beta":false,"boss_relics":[{"not_picked":["Black Star","Velvet Choker"],"picked":"Philosopher\u0027s Stone"},{"not_picked":["Orrery","Cursed Key"],"picked":"Runic Pyramid"}],"items_purged_floors":[11,24],"is_endless":false,"potions_floor_spawned":[2,4,12,13,16,21,21,30,33,35,41],"ascension_level":0}