{"gold_per_floor":[210,210,227,240,87,115,115,135,184,201,213,231,231,250,250,355,355,371,97,112,112,86,86,102,102,102,102,118,143,177,188,188,188],"floor_reached":33,"playtime":2064,"items_purged":[],"score":271,"play_id":"2b66980a-3af5-4a38-a816-2813c9198d0a","local_time":"20190601155850","is_ascension_mode":false,"campfire_choices":[{"floor":7,"key":"REST"},{"floor":13,"key":"REST"},{"floor":15,"key":"REST"},{"floor":23,"key":"REST"},{"floor":25,"key":"RECALL"},{"floor":27,"key":"REST"},{"floor":32,"key":"REST"}],"neow_cost":"NONE","seed_source_timestamp":9562445951104,"circlet_count":0,"master_deck":["Defend_G","Defend_G","Defend_G","Defend_G","Defend_G","Strike_G","Strike_G","Strike_G","Strike_G","Strike_G","Survivor","Neutralize","Poisoned Stab","Deadly Poison","Dagger Throw","Dash","Backflip","Choke","Deadly Poison","Catalyst","After Image","Terror+1","All Out Attack","Poisoned Stab","Sucker Punch","Normality","Bane","Writhe","Crippling Poison"],"relics":["Ring of the Snake","Lantern","Blue Candle","Cursed Key","Gremlin Horn","Ancient Tea Set","Kunai","Blood Vial","Meat on the Bone"],"potions_floor_usage":[6,16,16,24,30,30,30,31],"damage_taken":[{"damage":0,"enemies":"Small Slimes","floor":1,"turns":3},{"damage":0,"enemies":"Jaw Worm","floor":3,"turns":4},{"damage":0,"enemies":"Cultist","floor":4,"turns":3},{"damage":30,"enemies":"Gremlin Nob","floor":6,"turns":5},{"damage":2,"enemies":"Blue Slaver","floor":8,"turns":3},{"damage":0,"enemies":"Looter","floor":10,"turns":3},{"damage":0,"enemies":"2 Fungi Beasts","floor":11,"turns":4},{"damage":20,"enemies":"Exordium Thugs","floor":12,"turns":5},{"damage":8,"enemies":"Lots of Slimes","floor":14,"turns":5},{"damage":48,"enemies":"Hexaghost","floor":16,"turns":9},{"damage":5,"enemies":"3 Byrds","floor":18,"turns":6},{"damage":16,"enemies":"2 Thieves","floor":20,"turns":4},{"damage":9,"enemies":"Shelled Parasite and Fungi","floor":24,"turns":3},{"damage":11,"enemies":"Snake Plant","floor":28,"turns":4},{"damage":21,"enemies":"Slavers","floor":30,"turns":6},{"damage":12,"enemies":"Centurion and Healer","floor":31,"turns":6},{"damage":85,"enemies":"Collector","floor":33,"turns":6}],"seed_played":"-77980321456633596","potions_obtained":[{"floor":4,"key":"GhostInAJar"},{"floor":6,"key":"SteroidPotion"},{"floor":10,"key":"FearPotion"},{"floor":14,"key":"Strength Potion"},{"floor":16,"key":"Strength Potion"},{"floor":20,"key":"Explosive Potion"},{"floor":28,"key":"PowerPotion"},{"floor":30,"key":"AttackPotion"}],"is_trial":false,"path_per_floor":["M","?","M","M","$","E","R","M","T","M","M","M","R","M","R","B",null,"M","$","M","?","$","R","M","R","T","R","M","T","E","M","R","B"],"character_chosen":"THE_SILENT","items_purchased":["Lantern","Gremlin Horn","All Out Attack","Poisoned Stab"],"campfire_rested":6,"item_purchase_floors":[5,19,19,22],"current_hp_per_floor":[70,75,75,75,75,45,67,65,65,65,65,45,67,59,75,27,75,70,70,54,54,54,75,66,66,66,75,64,64,45,47,69,0],"gold":188,"neow_bonus":"HUNDRED_GOLD","is_prod":false,"is_daily":false,"chose_seed":false,"campfire_upgraded":0,"win_rate":0,"timestamp":1559426330,"path_taken":["M","?","M","M","$","E","R","M","T","M","M","M","R","M","R","BOSS","M","$","M","?","$","R","M","R","T","R","M","?","E","M","R","BOSS"],"build_version":"2019-01-23","purchased_purges":0,"victory":false,"max_hp_per_floor":[70,75,75,75,75,75,75,75,75,75,75,75,75,75,75,75,75,75,75,75,75,75,75,75,75,75,75,75,75,75,75,75,75],"card_choices":[{"not_picked":["Outmaneuver","Escape Plan"],"picked":"Poisoned Stab","floor":1},{"not_picked":["Dagger Spray","Bane"],"picked":"Deadly Poison","floor":3},{"not_picked":["Accuracy","Underhanded Strike"],"picked":"Dagger Throw","floor":4},{"not_picked":["Tactician","Doppelganger"],"picked":"Dash","floor":6},{"not_picked":["Flying Knee","Flechettes"],"picked":"Backflip","floor":8},{"not_picked":["Poisoned Stab","Blade Dance","Dagger Throw"],"picked":"SKIP","floor":10},{"not_picked":["PiercingWail","Cloak And Dagger"],"picked":"Choke","floor":11},{"not_picked":["Backflip","Reflex"],"picked":"Deadly Poison","floor":12},{"not_picked":["Escape Plan","Dagger Throw"],"picked":"Catalyst","floor":14},{"not_picked":["A Thousand Cuts","Storm of Steel"],"picked":"After Image","floor":16},{"not_picked":["Underhanded Strike","Reflex"],"picked":"Terror+1","floor":18},{"not_picked":["Outmaneuver","Terror","Backflip"],"picked":"SKIP","floor":20},{"not_picked":["Cloak And Dagger","Tactician+1"],"picked":"Sucker Punch","floor":24},{"not_picked":["Terror","Underhanded Strike+1"],"picked":"Bane","floor":28},{"not_picked":["Cloak And Dagger","Deflect"],"picked":"Crippling Poison","floor":30},{"not_picked":["Dodge and Roll","Terror","Predator"],"picked":"SKIP","floor":31}],"player_experience":140454,"relics_obtained":[{"floor":6,"key":"Blue Candle"},{"floor":26,"key":"Kunai"},{"floor":29,"key":"Blood Vial"},{"floor":30,"key":"Meat on the Bone"}],"event_choices":[{"damage_healed":0,"gold_gain":0,"player_choice":"Donut","damage_taken":0,"max_hp_gain":5,"max_hp_loss":0,"event_name":"Big Fish","floor":2,"gold_loss":0},{"damage_healed":0,"gold_gain":0,"player_choice":"Opened","damage_taken":0,"relics_obtained":["Ancient Tea Set"],"max_hp_gain":0,"max_hp_loss":0,"event_name":"The Mausoleum","floor":21,"gold_loss":0}],"is_beta":false,"boss_relics":[{"not_picked":["Snecko Eye","Lizard Tail"],"picked":"Cursed Key"}],"items_purged_floors":[],"is_endless":false,"potions_floor_spawned":[4,6,10,14,16,20,28,30],"killed_by":"Collector","ascension_level":0}