{"gold_per_floor":[119,119,129,29,44,75,75,75,144,167,167,202,212,229,229,326,326,337,237,337,158,176,176,176,176,200,200,50,60,91,105,105,105],"floor_reached":33,"playtime":1183,"items_purged":["Strike_R","Defend_R","Defend_R","Strike_R"],"score":369,"play_id":"1676643b-bb8d-4b3e-ae79-8ea6e41faac9","local_time":"20190516144816","is_ascension_mode":true,"campfire_choices":[{"data":"Searing Blow","floor":7,"key":"SMITH"},{"data":"Searing Blow+2","floor":15,"key":"SMITH"},{"data":"Searing Blow+3","floor":23,"key":"SMITH"},{"data":"Corruption","floor":25,"key":"SMITH"},{"data":"Searing Blow+4","floor":27,"key":"SMITH"},{"floor":32,"key":"REST"}],"neow_cost":"NONE","seed_source_timestamp":2502193079616303,"circlet_count":0,"master_deck":["Strike_R","Strike_R","Defend_R","Defend_R","Bash","Thunderclap","Shockwave","Sword Boomerang","Armaments","Searing Blow+5","Armaments","Armaments","Corruption+1","Clash+1","Barricade","Iron Wave+1"],"relics":["Burning Blood","NeowsBlessing","Bronze Scales","Molten Egg 2","Ancient Tea Set","Gremlin Horn","Runic Dome","Girya","Letter Opener","Red Skull"],"potions_floor_usage":[12,12,16,16,22,31,31],"damage_taken":[{"damage":0,"enemies":"2 Louse","floor":1,"turns":1},{"damage":0,"enemies":"Cultist","floor":3,"turns":1},{"damage":0,"enemies":"Jaw Worm","floor":5,"turns":1},{"damage":25,"enemies":"Gremlin Nob","floor":6,"turns":5},{"damage":20,"enemies":"Lagavulin","floor":12,"turns":5},{"damage":10,"enemies":"Blue Slaver","floor":13,"turns":4},{"damage":4,"enemies":"Red Slaver","floor":14,"turns":4},{"damage":14,"enemies":"Slime Boss","floor":16,"turns":9},{"damage":7,"enemies":"Chosen","floor":18,"turns":3},{"damage":26,"enemies":"Colosseum Slavers","floor":20,"turns":4},{"damage":33,"enemies":"Colosseum Nobs","floor":20,"turns":5},{"damage":2,"enemies":"3 Byrds","floor":22,"turns":2},{"damage":1,"enemies":"Centurion and Healer","floor":29,"turns":3},{"damage":30,"enemies":"Slavers","floor":30,"turns":4},{"damage":3,"enemies":"Cultist and Chosen","floor":31,"turns":3},{"damage":55,"enemies":"Champ","floor":33,"turns":6}],"seed_played":"2665051957807029528","potions_obtained":[{"floor":1,"key":"SkillPotion"},{"floor":3,"key":"Regen Potion"},{"floor":12,"key":"Swift Potion"},{"floor":13,"key":"Explosive Potion"},{"floor":16,"key":"SteroidPotion"},{"floor":20,"key":"AttackPotion"},{"floor":30,"key":"Poison Potion"}],"is_trial":false,"path_per_floor":["M","?","M","$","M","E","R","$","T","T","?","E","M","M","R","B",null,"M","$","?","$","M","R","?","R","T","R","$","M","E","M","R","B"],"character_chosen":"IRONCLAD","items_purchased":["Sword Boomerang","Armaments"],"campfire_rested":1,"item_purchase_floors":[4,21],"current_hp_per_floor":[78,78,80,80,80,61,61,61,61,61,61,56,52,54,54,46,72,71,71,24,24,28,28,28,28,28,28,28,33,9,12,36,0],"gold":105,"neow_bonus":"THREE_ENEMY_KILL","is_prod":false,"is_daily":false,"chose_seed":false,"campfire_upgraded":5,"win_rate":0,"timestamp":1558007296,"path_taken":["M","?","?","$","?","E","R","$","T","?","?","E","?","M","R","BOSS","M","?","?","$","M","R","?","R","T","R","$","M","E","?","R","BOSS"],"build_version":"2019-01-23","purchased_purges":4,"victory":false,"max_hp_per_floor":[80,80,80,80,80,80,80,80,80,80,80,80,80,80,80,80,80,80,80,80,80,80,80,80,80,80,80,80,80,80,80,80,80],"card_choices":[{"not_picked":["Feel No Pain","Iron Wave"],"picked":"Thunderclap","floor":1},{"not_picked":["Armaments","Twin Strike"],"picked":"Shockwave","floor":3},{"not_picked":["Ghostly Armor","Havoc"],"picked":"Armaments","floor":5},{"not_picked":["Pommel Strike","Sword Boomerang"],"picked":"Searing Blow","floor":6},{"not_picked":["Evolve","Shrug It Off","Barricade"],"picked":"SKIP","floor":12},{"not_picked":["Blood for Blood+1","True Grit","Havoc"],"picked":"SKIP","floor":13},{"not_picked":["Perfected Strike+1","Havoc","Warcry"],"picked":"SKIP","floor":14},{"not_picked":["Cleave+1","Twin Strike+1"],"picked":"Armaments","floor":18},{"not_picked":["Shockwave","Clothesline+1","Second Wind"],"picked":"SKIP","floor":22},{"not_picked":["Sever Soul+1","Cleave+1"],"picked":"Clash+1","floor":29},{"not_picked":["Disarm","Evolve"],"picked":"Barricade","floor":30},{"not_picked":["Shockwave","Iron Wave+1","Corruption"],"picked":"SKIP","floor":31},{"not_picked":["Shockwave","Corruption"],"picked":"Iron Wave+1","floor":31}],"player_experience":295501,"relics_obtained":[{"floor":6,"key":"Bronze Scales"},{"floor":9,"key":"Molten Egg 2"},{"floor":10,"key":"Ancient Tea Set"},{"floor":12,"key":"Gremlin Horn"},{"floor":20,"key":"Girya"},{"floor":20,"key":"Letter Opener"},{"floor":30,"key":"Red Skull"}],"event_choices":[{"damage_healed":0,"gold_gain":0,"player_choice":"Bought 0 Potions","damage_taken":0,"max_hp_gain":0,"max_hp_loss":0,"event_name":"The Woman in Blue","floor":2,"gold_loss":0},{"damage_healed":0,"gold_gain":0,"player_choice":"Upgraded","damage_taken":0,"max_hp_gain":0,"max_hp_loss":0,"event_name":"Upgrade Shrine","floor":11,"gold_loss":0,"cards_upgraded":["Searing Blow"]},{"damage_healed":0,"gold_gain":0,"player_choice":"Fight","damage_taken":0,"max_hp_gain":0,"max_hp_loss":0,"event_name":"Colosseum","floor":20,"gold_loss":0},{"damage_healed":0,"gold_gain":0,"player_choice":"Fought Nobs","damage_taken":0,"max_hp_gain":0,"max_hp_loss":0,"event_name":"Colosseum","floor":20,"gold_loss":0},{"damage_healed":0,"gold_gain":0,"cards_transformed":["Strike_R"],"player_choice":"Transformed","damage_taken":0,"max_hp_gain":0,"max_hp_loss":0,"event_name":"Transmorgrifier","floor":24,"gold_loss":0,"cards_obtained":["Corruption"]}],"is_beta":false,"boss_relics":[{"not_picked":["Astrolabe","Busted Crown"],"picked":"Runic Dome"}],"items_purged_floors":[4,19,21,28],"is_endless":false,"potions_floor_spawned":[1,3,12,13,16,20,20,30],"killed_by":"Champ","ascension_level":7}