{"gold_per_floor":[114,114,114,189,209,209,238,248,248,263,65,65,65,14,14,115,115,126,126,57,57,57,57,77,89,89,89,188,223,148,159,159,159],"floor_reached":33,"playtime":974,"items_purged":["Strike_R","Strike_R"],"score":261,"play_id":"6e731e73-ad7d-4ab3-bc27-07975055c039","local_time":"20190220223005","is_ascension_mode":false,"campfire_choices":[{"floor":6.0,"key":"RECALL"},{"floor":13.0,"key":"REST"},{"data":"Cleave","floor":15.0,"key":"SMITH"},{"floor":23.0,"key":"REST"},{"data":"Whirlwind","floor":27.0,"key":"SMITH"},{"floor":32,"key":"REST"}],"neow_cost":"NONE","seed_source_timestamp":0,"circlet_count":0,"master_deck":["Strike_R","Strike_R","Defend_R","Defend_R","Defend_R","Bash","Cleave+1","Immolate","Whirlwind+1"],"special_seed":0,"relics":["Burning Blood","HushsDoor","D6","BelialBook","Brimstone","Sozu","PillsDrop","Matryoshka","Potion Belt"],"potions_floor_usage":[],"damage_taken":[{"damage":10.0,"enemies":"Small Slimes","floor":1.0,"turns":3.0},{"damage":6.0,"enemies":"Jaw Worm","floor":5.0,"turns":3.0},{"damage":26.0,"enemies":"Lagavulin","floor":7.0,"turns":7.0},{"damage":12.0,"enemies":"2 Louse","floor":8.0,"turns":3.0},{"damage":13.0,"enemies":"Blue Slaver","floor":10.0,"turns":5.0},{"damage":48.0,"enemies":"Hexaghost","floor":16.0,"turns":5.0},{"damage":31.0,"enemies":"3 Byrds","floor":18.0,"turns":3.0},{"damage":11.0,"enemies":"2 Thieves","floor":24.0,"turns":2.0},{"damage":12.0,"enemies":"Centurion and Healer","floor":25.0,"turns":3.0},{"damage":35.0,"enemies":"Slavers","floor":29.0,"turns":2.0},{"damage":6.0,"enemies":"Cultist and Chosen","floor":31.0,"turns":3.0},{"damage":58,"enemies":"Monstro","floor":33,"turns":3}],"seed_played":"6281617450381465867","potions_obtained":[{"floor":7.0,"key":"Weak Potion"},{"floor":8.0,"key":"Weak Potion"},{"floor":16.0,"key":"Swift Potion"}],"is_trial":false,"path_per_floor":["M","?","?","?","M","R","E","M","T","M","$","?","R","$","R","B",null,"M","?","$","?","T","R","M","M","T","R","?","E","$","M","R","B"],"character_chosen":"IRONCLAD","items_purchased":["Brimstone","Cleave","Immolate","Whirlwind"],"campfire_rested":3,"item_purchase_floors":[11,14,17,20],"current_hp_per_floor":[84,77,77,66,66,66,46,40,40,33,33,33,59,59,59,17,80,55,39,39,39,39,63,58,52,52,52,52,23,23,26,50,0],"gold":159,"neow_bonus":"TEN_PERCENT_HP_BONUS","is_prod":false,"is_daily":false,"chose_seed":false,"campfire_upgraded":2,"win_rate":0,"timestamp":1550694605,"path_taken":["M","?","?","?","M","R","E","M","T","?","$","?","R","$","R","BOSS","M","?","$","?","?","R","M","M","T","R","?","E","$","M","R","BOSS"],"build_version":"2019-01-23","purchased_purges":2,"victory":false,"max_hp_per_floor":[88,88,88,88,88,88,88,88,88,88,88,88,88,88,88,88,80,80,80,80,80,80,80,80,80,80,80,80,80,80,83,83,83],"card_choices":[{"not_picked":[],"picked":"DoctorFetus","floor":0.0},{"not_picked":["Fire Breathing","Disarm","Sentinel"],"picked":"SKIP","floor":1.0},{"not_picked":["Shrug It Off","Clothesline","Havoc"],"picked":"SKIP","floor":5.0},{"not_picked":["Feed","Perfected Strike","Bomb"],"picked":"SKIP","floor":7.0},{"not_picked":["Body Slam","Headbutt","Hemokinesis"],"picked":"SKIP","floor":8.0},{"not_picked":["Reckless Charge","True Grit","Ghostly Armor"],"picked":"SKIP","floor":10.0},{"not_picked":["Wild Strike","Burning Pact","Evolve"],"picked":"SKIP","floor":18.0},{"not_picked":["Fire Breathing","Second Wind","Feel No Pain"],"picked":"SKIP","floor":24.0},{"not_picked":["Corruption","Heavy Blade","Armaments"],"picked":"SKIP","floor":25.0},{"not_picked":["Hemokinesis","Metallicize+1","Dark Embrace"],"picked":"SKIP","floor":29.0},{"not_picked":["True Grit","Pommel Strike+1","Armaments"],"picked":"SKIP","floor":31.0}],"player_experience":273459,"relics_obtained":[{"floor":7.0,"key":"BelialBook"},{"floor":22.0,"key":"PillsDrop"},{"floor":26.0,"key":"Matryoshka"},{"floor":29.0,"key":"Potion Belt"}],"event_choices":[{"cards_removed":["Strike_R"],"damage_healed":0.0,"max_hp_gain":0.0,"max_hp_loss":0.0,"gold_gain":0.0,"event_name":"Golden Wing","player_choice":"Card Removal","floor":2.0,"gold_loss":0.0,"damage_taken":7.0},{"cards_removed":["Defend_R"],"damage_healed":0.0,"max_hp_gain":0.0,"max_hp_loss":0.0,"gold_gain":0.0,"event_name":"Living Wall","player_choice":"Forget","floor":3.0,"gold_loss":0.0,"damage_taken":0.0},{"damage_healed":0.0,"max_hp_gain":0.0,"max_hp_loss":0.0,"gold_gain":75.0,"event_name":"World of Goop","player_choice":"Gather Gold","floor":4.0,"gold_loss":0.0,"damage_taken":11.0},{"cards_removed":["DoctorFetus"],"damage_healed":0.0,"max_hp_gain":0.0,"max_hp_loss":0.0,"gold_gain":0.0,"event_name":"Purifier","player_choice":"Purged","floor":12.0,"gold_loss":0.0,"damage_taken":0.0},{"damage_healed":0.0,"max_hp_gain":0.0,"max_hp_loss":0.0,"gold_gain":0.0,"event_name":"Cursed Tome","player_choice":"Obtained Book","floor":19.0,"gold_loss":0.0,"damage_taken":16.0},{"damage_healed":0.0,"max_hp_gain":0.0,"max_hp_loss":0.0,"gold_gain":0.0,"event_name":"Ghosts","player_choice":"Ignored","floor":21.0,"gold_loss":0.0,"damage_taken":0.0},{"damage_healed":0.0,"max_hp_gain":0.0,"max_hp_loss":0.0,"gold_gain":99.0,"event_name":"Nest","player_choice":"Stole From Cult","floor":28.0,"gold_loss":0.0,"damage_taken":0.0}],"is_beta":false,"boss_relics":[{"not_picked":["Snecko Eye","Black Star"],"picked":"Sozu"},{"not_picked":[]}],"items_purged_floors":[17,30],"is_endless":false,"potions_floor_spawned":[7,8,16,25,29,31],"killed_by":"Monstro","ascension_level":0}