{"gold_per_floor":[115,115,115,169,182,198,213,72,121,121,196,239,239,262,262,381,381,381,381,381,381,381,381,381,114,114,14,14,14,14,14,14,14,14,14,14,14,14,14,14,14,14,14,14,14,14,14,14,14,14],"floor_reached":50,"playtime":3143,"items_purged":["Strike_B","Defend_B"],"score":444,"play_id":"a64c974e-c91d-4e7a-b170-c7ebf60ffeab","local_time":"20180727185249","is_ascension_mode":false,"campfire_choices":[{"data":"Zap","floor":10.0,"key":"SMITH"},{"floor":13.0,"key":"REST"},{"floor":15.0,"key":"REST"},{"floor":28,"key":"REST"},{"data":"Apotheosis","floor":30,"key":"SMITH"},{"floor":32,"key":"REST"},{"floor":40,"key":"REST"},{"floor":42,"key":"REST"},{"floor":49,"key":"REST"}],"neow_cost":"NONE","seed_source_timestamp":0,"circlet_count":0,"master_deck":["Strike_B+1","Defend_B","Defend_B","Defend_B","Zap+1","Dualcast","All For One","Steam","Echo Form","Go for the Eyes","All For One","Hologram+1","Good Instincts","Zap","Beam Cell+1","Apotheosis+1","Creative AI","Hologram","Steam+1","Loop+1"],"special_seed":0,"relics":["FrozenCore","Golden Idol","Bag of Marbles","Whetstone","Gremlin Horn","Ectoplasm","Bottled Flame","Mummified Hand"],"potions_floor_usage":[33,38,38,44,44,50,50],"damage_taken":[{"damage":6.0,"enemies":"Jaw Worm","floor":1.0,"turns":3.0},{"damage":0.0,"enemies":"Small Slimes","floor":5.0,"turns":3.0},{"damage":0.0,"enemies":"Cultist","floor":6.0,"turns":2.0},{"damage":8.0,"enemies":"2 Fungi Beasts","floor":7.0,"turns":3.0},{"damage":14.0,"enemies":"3 Sentries","floor":12.0,"turns":5.0},{"damage":14.0,"enemies":"Exordium Thugs","floor":14.0,"turns":3.0},{"damage":12.0,"enemies":"Slime Boss","floor":16.0,"turns":10.0},{"damage":12.0,"enemies":"Shell Parasite","floor":18.0,"turns":5.0},{"damage":15.0,"enemies":"Chosen","floor":19.0,"turns":5.0},{"damage":19.0,"enemies":"Centurion and Healer","floor":23.0,"turns":9.0},{"damage":15,"enemies":"3 Cultists","floor":24,"turns":5},{"damage":33,"enemies":"Champ","floor":33,"turns":9},{"damage":17,"enemies":"Orb Walker","floor":35,"turns":5},{"damage":0,"enemies":"Flame Bruiser 1 Orb","floor":36,"turns":5},{"damage":13,"enemies":"Sphere and 2 Shapes","floor":37,"turns":6},{"damage":0,"enemies":"Maw","floor":38,"turns":7},{"damage":11,"enemies":"Spire Growth","floor":39,"turns":5},{"damage":11,"enemies":"3 Darklings","floor":44,"turns":6},{"damage":14,"enemies":"Maw","floor":45,"turns":6},{"damage":16,"enemies":"Flame Bruiser 2 Orb","floor":48,"turns":7},{"damage":62,"enemies":"Awakened One","floor":50,"turns":3}],"seed_played":"7889189974499973961","potions_obtained":[{"floor":6.0,"key":"Swift Potion"},{"floor":12.0,"key":"Explosive Potion"},{"floor":16.0,"key":"Explosive Potion"},{"floor":18.0,"key":"SpeedPotion"},{"floor":33,"key":"Energy Potion"},{"floor":38,"key":"AttackPotion"},{"floor":39,"key":"Explosive Potion"},{"floor":44,"key":"Strength Potion"},{"floor":48,"key":"SkillPotion"}],"is_trial":false,"path_per_floor":["M","?","?","T","M","M","M","$","T","R","?","E","R","M","R","B",null,"M","M","?","?","?","M","M","$","T","$","R","$","R","?","R","B",null,"M","M","M","M","M","R","?","R","T","M","M","?","$","M","R"],"character_chosen":"DEFECT","items_purchased":["Echo Form","Apotheosis"],"campfire_rested":7,"item_purchase_floors":[8,25],"current_hp_per_floor":[69,51,51,51,51,51,43,43,43,43,32,18,40,26,48,36,75,63,48,48,48,48,29,14,14,14,14,36,36,36,36,58,25,75,58,58,45,45,34,56,56,75,75,64,50,50,50,34,56,0],"gold":14,"neow_bonus":"ONE_RANDOM_RARE_CARD","is_prod":false,"is_daily":false,"chose_seed":false,"campfire_upgraded":2,"win_rate":0,"timestamp":1532706769,"path_taken":["M","?","?","?","M","?","M","$","T","R","?","E","R","M","R","BOSS","M","M","?","?","?","M","M","$","T","$","R","$","R","?","R","BOSS","M","?","?","M","M","R","?","R","T","M","M","?","$","M","R","BOSS"],"build_version":"2018-07-26","purchased_purges":2,"victory":false,"max_hp_per_floor":[75,75,75,75,75,75,75,75,75,75,75,75,75,75,75,75,75,75,75,75,75,75,75,75,75,75,75,75,75,75,75,75,75,75,75,75,75,75,75,75,75,75,75,75,75,75,75,75,75,75],"card_choices":[{"not_picked":["Capacitor","Cold Snap"],"picked":"Steam","floor":1.0},{"not_picked":["Consume","Turbo","Melter"],"picked":"SKIP","floor":5.0},{"not_picked":["Consume","Barrage","Streamline"],"picked":"SKIP","floor":6.0},{"not_picked":["Cold Snap","Turbo","Redo"],"picked":"SKIP","floor":7.0},{"not_picked":["Darkness","Sweeping Beam"],"picked":"Go for the Eyes","floor":12.0},{"not_picked":["Barrage","Tempest","Storm"],"picked":"SKIP","floor":14.0},{"not_picked":["Thunder Strike","Fission"],"picked":"All For One","floor":16.0},{"not_picked":["Coolheaded","Cold Snap","Sunder"],"picked":"SKIP","floor":18.0},{"not_picked":["Self Repair","Rip and Tear"],"picked":"Hologram+1","floor":19.0},{"not_picked":["Rebound+1","Melter","Coolheaded"],"picked":"SKIP","floor":23.0},{"not_picked":["Compile Driver+1","Barrage"],"picked":"Beam Cell+1","floor":24},{"not_picked":["Hyperbeam","Multi-Cast"],"picked":"Creative AI","floor":33},{"not_picked":["Cold Snap+1","Coolheaded"],"picked":"Hologram","floor":35},{"not_picked":["Beam Cell+1","Coolheaded+1","Fission"],"picked":"SKIP","floor":36},{"not_picked":["Reinforced Body","Streamline","Leap+1"],"picked":"SKIP","floor":37},{"not_picked":["Hello World","Rebound"],"picked":"Steam+1","floor":38},{"not_picked":["FTL","Beam Cell","Reinforced Body"],"picked":"SKIP","floor":39},{"not_picked":["Fusion","Coolheaded+1"],"picked":"Loop+1","floor":44},{"not_picked":["Chill","Sweeping Beam","Conserve Battery"],"picked":"SKIP","floor":45},{"not_picked":["Streamline+1","Stack+1","Fusion+1"],"picked":"SKIP","floor":48}],"player_experience":184537,"relics_obtained":[{"floor":4.0,"key":"Bag of Marbles"},{"floor":9.0,"key":"Whetstone"},{"floor":12.0,"key":"Gremlin Horn"},{"floor":26,"key":"Bottled Flame"},{"floor":43,"key":"Mummified Hand"}],"event_choices":[{"event_name":"Golden Idol","player_choice":"Take Damage","floor":2.0,"damage_taken":0.0},{"event_name":"Purifier","player_choice":"One Purge","floor":3.0,"damage_taken":0.0},{"event_name":"World of Goop","player_choice":"Gather Gold","floor":11.0,"damage_taken":0.0},{"event_name":"Nest","player_choice":"Stole From Cult","floor":20.0,"damage_taken":0.0},{"event_name":"Match and Keep!","player_choice":"2 cards matched","floor":21.0,"damage_taken":0.0},{"event_name":"Vampires","player_choice":"Ignored","floor":22.0,"damage_taken":0.0},{"event_name":"The Mausoleum","player_choice":"No","floor":31,"damage_taken":0},{"event_name":"Falling","player_choice":"Removed Attack","floor":41,"damage_taken":0},{"event_name":"SensoryStone","player_choice":"Memory 1","floor":46,"damage_taken":0}],"is_beta":false,"boss_relics":[{"not_picked":["Calling Bell","Busted Crown"],"picked":"Ectoplasm"},{"not_picked":["Tiny House","White Beast Statue"],"picked":"FrozenCore"}],"items_purged_floors":[25,27],"is_endless":false,"potions_floor_spawned":[6,12,16,18,33,38,39,44,48],"killed_by":"Awakened One","ascension_level":0}