{"gold_per_floor":[117,117,117,133,133,133,151,174,174,174,99,99,122,141,141,264,264,264],"floor_reached":18,"playtime":468,"items_purged":["Strike_R"],"score":152,"play_id":"3bbe0237-0464-4ba2-8ace-ec8c155116b6","local_time":"20190529002808","is_ascension_mode":false,"campfire_choices":[{"data":"Strike_R","floor":6,"key":"SMITH"},{"data":"Sword Boomerang","floor":10,"key":"SMITH"},{"data":"Strike_R","floor":12,"key":"SMITH"},{"floor":15,"key":"REST"}],"neow_cost":"NONE","seed_source_timestamp":786768746426452,"circlet_count":0,"master_deck":["Strike_R","Strike_R+1","Strike_R","Strike_R+1","Defend_R","Defend_R","Defend_R","Defend_R","Bash+1","Sword Boomerang+1"],"relics":["Burning Blood","NeowsBlessing","Golden Idol","Lizard Tail"],"potions_floor_usage":[8,16,16,16,16,16,16,16,16],"damage_taken":[{"damage":0,"enemies":"Cultist","floor":1,"turns":1},{"damage":0,"enemies":"Small Slimes","floor":4,"turns":1},{"damage":0,"enemies":"2 Louse","floor":7,"turns":1},{"damage":23,"enemies":"Lots of Slimes","floor":8,"turns":6},{"damage":18,"enemies":"2 Fungi Beasts","floor":13,"turns":3},{"damage":14,"enemies":"Blue Slaver","floor":14,"turns":4},{"damage":22,"enemies":"The Guardian","floor":16,"turns":5},{"damage":23,"enemies":"3 Byrds","floor":18,"turns":3}],"seed_played":"7276682195153191146","potions_obtained":[{"floor":1,"key":"BloodPotion"},{"floor":13,"key":"EntropicBrew"},{"floor":14,"key":"SkillPotion"},{"floor":16,"key":"Strength Potion"}],"is_trial":false,"path_per_floor":["M","?","?","M","?","R","M","M","T","R","$","R","M","M","R","B",null,"M"],"character_chosen":"IRONCLAD","items_purchased":[],"campfire_rested":1,"item_purchase_floors":[],"current_hp_per_floor":[80,60,65,71,71,71,77,68,68,68,68,68,56,48,73,71,85,62],"gold":264,"neow_bonus":"THREE_ENEMY_KILL","is_prod":false,"is_daily":false,"chose_seed":false,"campfire_upgraded":3,"win_rate":0,"timestamp":1559078888,"path_taken":["M","?","?","M","?","R","M","?","T","R","$","R","M","M","R","BOSS","M"],"build_version":"2019-01-23","purchased_purges":1,"victory":false,"max_hp_per_floor":[80,80,85,85,85,85,85,85,85,85,85,85,85,85,85,85,85,85],"card_choices":[{"not_picked":["Havoc","Rupture","Flex"],"picked":"SKIP","floor":1},{"not_picked":["Body Slam","Sword Boomerang","Power Through"],"picked":"SKIP","floor":4},{"not_picked":["Blood for Blood","Thunderclap","Iron Wave"],"picked":"SKIP","floor":7},{"not_picked":["Headbutt","Ghostly Armor"],"picked":"Sword Boomerang","floor":8},{"not_picked":["Pommel Strike","Impervious","Sword Boomerang"],"picked":"SKIP","floor":13},{"not_picked":["Iron Wave","Twin Strike","Rupture"],"picked":"SKIP","floor":14}],"player_experience":326637,"relics_obtained":[],"event_choices":[{"damage_healed":0,"gold_gain":0,"player_choice":"Take Damage","damage_taken":20,"relics_obtained":["Golden Idol"],"max_hp_gain":0,"max_hp_loss":0,"event_name":"Golden Idol","floor":2,"gold_loss":0},{"damage_healed":0,"gold_gain":0,"player_choice":"Donut","damage_taken":0,"max_hp_gain":5,"max_hp_loss":0,"event_name":"Big Fish","floor":3,"gold_loss":0},{"damage_healed":0,"gold_gain":0,"player_choice":"Upgraded","damage_taken":0,"max_hp_gain":0,"max_hp_loss":0,"event_name":"Upgrade Shrine","floor":5,"gold_loss":0,"cards_upgraded":["Bash"]}],"is_beta":false,"boss_relics":[{"not_picked":["Calling Bell","Runic Cube"],"picked":"Lizard Tail"}],"items_purged_floors":[11],"is_endless":false,"potions_floor_spawned":[1,13,14,16],"killed_by":"3 Byrds","ascension_level":0}