{"path_per_floor":["M","M","M","M","M","E","R","M","T","?","R","?","E","M","R","B",null,"M","$","M","?","M","R","$","R","T","M","R","T","R","$","R"],"character_chosen":"THE_SILENT","items_purchased":["Toxic Egg 2","Leg Sweep+1"],"gold_per_floor":[117,132,145,159,172,201,201,220,220,220,220,220,259,275,275,398,398,416,90,106,106,121,121,44,44,44,65,65,65,65,65,65,65],"floor_reached":33,"campfire_rested":3,"playtime":1482,"item_purchase_floors":[19,24],"current_hp_per_floor":[70,70,70,70,70,40,40,40,40,23,44,44,25,19,40,37,70,68,68,46,46,46,46,46,46,46,28,28,28,49,49,49,0],"items_purged":["Strike_G"],"gold":65,"score":283,"play_id":"6d91270b-e628-4d3b-a266-83e310547b04","local_time":"20180622230202","is_prod":false,"is_daily":false,"chose_seed":false,"is_ascension_mode":true,"campfire_upgraded":5,"win_rate":0,"timestamp":1529679722,"campfire_choices":[{"data":"Neutralize","floor":7,"key":"SMITH"},{"floor":11,"key":"REST"},{"floor":15,"key":"REST"},{"data":"Glass Knife","floor":23,"key":"SMITH"},{"data":"Masterful Stab","floor":25,"key":"SMITH"},{"data":"Dagger Throw","floor":28,"key":"SMITH"},{"floor":30,"key":"REST"},{"data":"Dodge and Roll","floor":32,"key":"SMITH"}],"path_taken":["M","M","M","M","M","E","R","M","T","?","R","?","E","M","R","BOSS","M","$","M","?","M","R","$","R","T","M","R","?","R","?","R","BOSS"],"build_version":"2018-06-21","seed_source_timestamp":656619512649245,"purchased_purges":1,"circlet_count":0,"victory":false,"master_deck":["Defend_G","Defend_G","Defend_G","Defend_G","Defend_G","Strike_G","Strike_G","Strike_G","Survivor","Neutralize+1","Dagger Throw+1","Masterful Stab+1","Dagger Spray+1","Dodge and Roll+1","Terror+1","Glass Knife+1","Escape Plan","Cloak And Dagger+1","Injury","Calculated Gamble+1","Leg Sweep+1","Dodge and Roll+1"],"max_hp_per_floor":[70,70,70,70,70,70,70,70,70,70,70,70,70,70,70,70,70,70,70,70,70,70,70,70,70,70,70,70,70,70,70,70,70],"relics":["Ring of the Snake","Dodecahedron","Toolbox","Golden Idol","Tough Bandages","Sozu","Toxic Egg 2","Boot","Lantern"],"card_choices":[{"not_picked":["Predator","Acrobatics"],"picked":"Dagger Throw","floor":1},{"not_picked":["Deflect","Prepared"],"picked":"Masterful Stab","floor":2},{"not_picked":["Flying Knee","Masterful Stab","Dagger Throw"],"picked":"SKIP","floor":3},{"not_picked":["PiercingWail","Outmaneuver"],"picked":"Dagger Spray","floor":4},{"not_picked":["Bane","Catalyst"],"picked":"Dodge and Roll","floor":5},{"not_picked":["Poisoned Stab","Dodge and Roll"],"picked":"Terror","floor":6},{"not_picked":["Dodge and Roll","Dagger Throw","Heel Hook"],"picked":"SKIP","floor":8},{"not_picked":["Quick Slash","Heel Hook","Flying Knee"],"picked":"SKIP","floor":13},{"not_picked":["PiercingWail","Noxious Fumes","Bouncing Flask"],"picked":"SKIP","floor":14},{"not_picked":["Doppelganger","A Thousand Cuts"],"picked":"Glass Knife","floor":16},{"not_picked":["Crippling Poison","Bane"],"picked":"Escape Plan","floor":18},{"not_picked":["Deflect+1","Quick Slash"],"picked":"Cloak And Dagger+1","floor":20},{"not_picked":["PiercingWail+1","Underhanded Strike"],"picked":"Calculated Gamble+1","floor":22},{"not_picked":["Flying Knee","Backflip+1"],"picked":"Dodge and Roll+1","floor":27}],"player_experience":144038,"potions_floor_usage":[5,8,8,16,16,16],"damage_taken":[{"damage":0,"enemies":"Small Slimes","floor":1,"turns":5},{"damage":0,"enemies":"Jaw Worm","floor":2,"turns":4},{"damage":0,"enemies":"2 Louse","floor":3,"turns":2},{"damage":0,"enemies":"Blue Slaver","floor":4,"turns":3},{"damage":0,"enemies":"2 Fungi Beasts","floor":5,"turns":2},{"damage":30,"enemies":"Lagavulin","floor":6,"turns":9},{"damage":0,"enemies":"Gremlin Gang","floor":8,"turns":3},{"damage":19,"enemies":"3 Sentries","floor":13,"turns":8},{"damage":6,"enemies":"Looter","floor":14,"turns":4},{"damage":3,"enemies":"Slime Boss","floor":16,"turns":8},{"damage":2,"enemies":"Shell Parasite","floor":18,"turns":4},{"damage":22,"enemies":"Chosen","floor":20,"turns":5},{"damage":0,"enemies":"3 Cultists","floor":22,"turns":4},{"damage":18,"enemies":"Sentry and Sphere","floor":27,"turns":6},{"damage":67,"enemies":"Champ","floor":33,"turns":13}],"relics_obtained":[{"floor":6,"key":"Dodecahedron"},{"floor":9,"key":"Toolbox"},{"floor":13,"key":"Tough Bandages"},{"floor":26,"key":"Boot"},{"floor":29,"key":"Lantern"}],"event_choices":[{"event_name":"Golden Idol","player_choice":"Take Damage","floor":10,"damage_taken":0},{"event_name":"Living Wall","player_choice":"Grow","floor":12,"damage_taken":0},{"event_name":"Accursed Blacksmith","player_choice":"Forge","floor":21,"damage_taken":0}],"boss_relics":[{"not_picked":["Ectoplasm","Coffee Dripper"],"picked":"Sozu"}],"items_purged_floors":[19],"is_endless":false,"potions_floor_spawned":[1,3,4,6,13,14,18],"seed_played":"-6619953879144085942","killed_by":"Champ","ascension_level":2,"potions_obtained":[{"floor":1,"key":"Ancient Potion"},{"floor":3,"key":"SkillPotion"},{"floor":4,"key":"SkillPotion"},{"floor":6,"key":"Explosive Potion"},{"floor":13,"key":"Strength Potion"},{"floor":14,"key":"GhostInAJar"}],"is_trial":false}