{"gold_per_floor":[117,134,134,147,225,255,255,270,270,281,0,0,10,29,29,129,129,139,79,79],"floor_reached":20,"playtime":1515,"items_purged":[],"score":176,"play_id":"0ce667c3-6286-4929-9436-c30e6a51dd2d","local_time":"20190529210342","is_ascension_mode":false,"campfire_choices":[{"data":"Evolve","floor":7.0,"key":"SMITH"},{"floor":15.0,"key":"REST"}],"neow_cost":"TEN_PERCENT_HP_LOSS","seed_source_timestamp":0,"circlet_count":0,"master_deck":["Strike_R","Strike_R","Defend_R","Defend_R","Defend_R","Defend_R","Bash","Perfected Strike","Havoc","Entrench","True Grit","Heavy Blade","Pommel Strike","Evolve+1","Clothesline","Anger","Armaments","Rage","Cleave","Juggernaut","Body Slam","Pommel Strike+1"],"special_seed":0,"relics":["Black Blood","Strawberry","Juzu Bracelet","Membership Card","Oddly Smooth Stone"],"potions_floor_usage":[],"damage_taken":[{"damage":8.0,"enemies":"Jaw Worm","floor":1.0,"turns":3.0},{"damage":1.0,"enemies":"2 Louse","floor":2.0,"turns":4.0},{"damage":0.0,"enemies":"Small Slimes","floor":4.0,"turns":3.0},{"damage":17.0,"enemies":"3 Sentries","floor":6.0,"turns":6.0},{"damage":18.0,"enemies":"Blue Slaver","floor":8.0,"turns":6.0},{"damage":4.0,"enemies":"2 Fungi Beasts","floor":10.0,"turns":4.0},{"damage":12.0,"enemies":"Lots of Slimes","floor":13.0,"turns":5.0},{"damage":19.0,"enemies":"Exordium Wildlife","floor":14.0,"turns":8.0},{"damage":54.0,"enemies":"Slime Boss","floor":16.0,"turns":13.0},{"damage":33.0,"enemies":"3 Byrds","floor":18.0,"turns":8.0},{"damage":26.0,"enemies":"2 Thieves","floor":19.0,"turns":4.0},{"damage":42,"enemies":"Snecko","floor":20,"turns":7}],"seed_played":"6998222624461706280","potions_obtained":[{"floor":1.0,"key":"EntropicBrew"},{"floor":4.0,"key":"Explosive Potion"},{"floor":10.0,"key":"Swift Potion"},{"floor":14.0,"key":"SteroidPotion"},{"floor":16.0,"key":"SpeedPotion"}],"is_trial":false,"path_per_floor":["M","M","?","M","?","E","R","M","T","M","$","?","M","M","R","B",null,"M","M","M"],"character_chosen":"IRONCLAD","items_purchased":["Membership Card","Oddly Smooth Stone","Armaments"],"campfire_rested":1,"item_purchase_floors":[11,11,11],"current_hp_per_floor":[70,72,72,72,72,68,68,56,56,58,58,79,73,60,79,31,79,56,40,0],"gold":79,"neow_bonus":"TRANSFORM_TWO_CARDS","is_prod":false,"is_daily":false,"chose_seed":false,"campfire_upgraded":1,"win_rate":0.0,"timestamp":1559185422,"path_taken":["M","M","?","M","?","E","R","M","T","M","$","?","M","M","R","BOSS","M","M","M"],"build_version":"2019-01-23","purchased_purges":0,"victory":false,"max_hp_per_floor":[72,72,72,72,72,79,79,79,79,79,79,79,79,79,79,79,79,79,79,79],"card_choices":[{"not_picked":["Sever Soul","Seeing Red"],"picked":"Entrench","floor":1.0},{"not_picked":["Headbutt","Clash"],"picked":"True Grit","floor":2.0},{"not_picked":["True Grit","Corruption"],"picked":"Pommel Strike","floor":4.0},{"not_picked":["Perfected Strike","Berserk"],"picked":"Evolve","floor":6.0},{"not_picked":["Reckless Charge","Shrug It Off"],"picked":"Clothesline","floor":8.0},{"not_picked":["Havoc","Headbutt"],"picked":"Anger","floor":10.0},{"not_picked":["Second Wind","Infernal Blade"],"picked":"Rage","floor":13.0},{"not_picked":["True Grit","Intimidate"],"picked":"Cleave","floor":14.0},{"not_picked":["Brutality","Impervious"],"picked":"Juggernaut","floor":16.0},{"not_picked":["Flex","Cleave"],"picked":"Body Slam","floor":18.0},{"not_picked":["Sword Boomerang+1","Bloodletting"],"picked":"Pommel Strike+1","floor":19.0}],"player_experience":119164,"relics_obtained":[{"floor":6.0,"key":"Strawberry"},{"floor":9.0,"key":"Juzu Bracelet"}],"event_choices":[{"damage_healed":0.0,"max_hp_gain":0.0,"max_hp_loss":0.0,"gold_gain":0.0,"cards_transformed":["Strike_R"],"event_name":"Living Wall","player_choice":"Change","floor":3.0,"gold_loss":0.0,"damage_taken":0.0,"cards_obtained":["Heavy Blade"]},{"damage_healed":0.0,"max_hp_gain":0.0,"max_hp_loss":0.0,"gold_gain":78.0,"event_name":"Golden Wing","player_choice":"Gained Gold","floor":5.0,"gold_loss":0.0,"damage_taken":0.0},{"damage_healed":26.0,"max_hp_gain":0.0,"max_hp_loss":0.0,"gold_gain":0.0,"event_name":"Big Fish","player_choice":"Banana","floor":12.0,"gold_loss":0.0,"damage_taken":0.0}],"is_beta":false,"boss_relics":[{"not_picked":["Black Star","Runic Dome"],"picked":"Black Blood"}],"items_purged_floors":[],"is_endless":false,"potions_floor_spawned":[1,4,10,14,16],"killed_by":"Snecko","ascension_level":0}