{"gold_per_floor":[113,113,113,15,38,38,77,96,147,147,178,278,278,301,301,427,427,442,457,14,29,29,69,69,108,162,162,162,178,178,201,201,327,327,341,1340,1340,1354,517,517,517,548,548,563,563,584,584],"floor_reached":47,"playtime":4662,"items_purged":["Injury","Strike_G","Defend_G"],"score":865,"play_id":"a70dec80-cce3-490c-91b0-1a3e41b05b43","local_time":"20190505092646","is_ascension_mode":true,"campfire_choices":[{"data":"Sucker Punch","floor":6.0,"key":"SMITH"},{"data":"Quick Slash","floor":10.0,"key":"SMITH"},{"data":"Dagger Spray","floor":13.0,"key":"SMITH"},{"floor":15.0,"key":"REST"},{"data":"Adrenaline","floor":24.0,"key":"SMITH"},{"data":"Deadly Poison","floor":27,"key":"SMITH"},{"data":"Deadly Poison","floor":30,"key":"SMITH"},{"floor":32,"key":"REST"},{"data":"Leg Sweep","floor":40,"key":"SMITH"},{"data":"Envenom","floor":45,"key":"SMITH"}],"neow_cost":"NONE","seed_source_timestamp":22823984548105,"circlet_count":0,"master_deck":["AscendersBane","Defend_G","Defend_G","Defend_G+1","Survivor","Neutralize+1","Sucker Punch+1","Well Laid Plans","Quick Slash+1","Dagger Spray+1","Deadly Poison+1","Adrenaline+1","Backstab+1","Deadly Poison+1","Blur","Deadly Poison","Backflip","Deflect+1","Blur","Bite","Bite","Bite","Bite","Bite","Caltrops+1","Corpse Explosion","Deflect+1","Leg Sweep+1","Dark Shackles","Envenom+1","Calculated Gamble+1"],"special_seed":0,"relics":["Ring of the Serpent","NeowsBlessing","Golden Idol","Happy Flower","Orichalcum","Ginger","Bronze Scales","Omamori","Snake Skull","White Beast Statue","HandDrill","Ancient Tea Set","Boot","Dodecahedron","Pantograph"],"potions_floor_usage":[25,33,33,42,42,47,47],"damage_taken":[{"damage":0.0,"enemies":"Cultist","floor":1.0,"turns":1.0},{"damage":0.0,"enemies":"2 Louse","floor":5.0,"turns":1.0},{"damage":0.0,"enemies":"Lagavulin","floor":7.0,"turns":1.0},{"damage":2.0,"enemies":"Small Slimes","floor":8.0,"turns":4.0},{"damage":12.0,"enemies":"Gremlin Nob","floor":11.0,"turns":5.0},{"damage":2.0,"enemies":"Red Slaver","floor":14.0,"turns":3.0},{"damage":47.0,"enemies":"Hexaghost","floor":16.0,"turns":13.0},{"damage":10.0,"enemies":"Spheric Guardian","floor":18.0,"turns":5.0},{"damage":0.0,"enemies":"Chosen","floor":19.0,"turns":4.0},{"damage":3.0,"enemies":"Centurion and Healer","floor":21.0,"turns":6.0},{"damage":18.0,"enemies":"Gremlin Leader","floor":23.0,"turns":6.0},{"damage":8,"enemies":"Slavers","floor":25,"turns":6},{"damage":0,"enemies":"Snake Plant","floor":29,"turns":3},{"damage":5,"enemies":"Snecko","floor":31,"turns":5},{"damage":65,"enemies":"Automaton","floor":33,"turns":11},{"damage":28,"enemies":"3 Darklings","floor":35,"turns":2},{"damage":2,"enemies":"Orb Walker","floor":38,"turns":4},{"damage":42,"enemies":"Nemesis","floor":42,"turns":9},{"damage":3,"enemies":"Maw","floor":44,"turns":7},{"damage":0,"enemies":"3 Darklings","floor":46,"turns":1},{"damage":72,"enemies":"Giant Head","floor":47,"turns":8}],"seed_played":"-1175858347848661290","potions_obtained":[{"floor":1.0,"key":"SpeedPotion"},{"floor":5.0,"key":"SneckoOil"},{"floor":21.0,"key":"SpeedPotion"},{"floor":29,"key":"SpeedPotion"},{"floor":35,"key":"SpeedPotion"},{"floor":38,"key":"Regen Potion"},{"floor":42,"key":"Fire Potion"},{"floor":44,"key":"Energy Potion"}],"is_trial":false,"path_per_floor":["M","?","?","$","M","R","E","M","T","R","E","?","R","M","R","B",null,"M","M","$","M","?","E","R","E","T","R","?","M","R","M","R","B",null,"M","?","?","M","$","R","?","E","T","M","R","M","E"],"character_chosen":"THE_SILENT","items_purchased":["Sucker Punch","Blur","Bronze Scales","GhostInAJar","Deadly Poison","HandDrill","Ancient Tea Set","Boot","Leg Sweep","Dark Shackles","Energy Potion"],"campfire_rested":2,"item_purchase_floors":[4,20,20,20,20,39,39,39,39,39,39],"current_hp_per_floor":[63,63,49,49,49,49,49,47,47,47,35,35,35,33,54,7,54,44,44,44,41,41,23,23,15,15,15,15,21,21,24,45,6,54,32,32,32,40,40,40,40,29,29,42,42,42,0],"gold":584,"neow_bonus":"THREE_ENEMY_KILL","is_prod":false,"is_daily":false,"chose_seed":false,"campfire_upgraded":8,"win_rate":0,"timestamp":1557066406,"path_taken":["M","?","?","$","M","R","E","M","T","R","E","?","R","M","R","BOSS","M","M","$","M","?","E","R","E","T","R","?","M","R","M","R","BOSS","M","?","?","M","$","R","?","E","T","M","R","M","E"],"build_version":"2019-01-23","purchased_purges":3,"victory":false,"max_hp_per_floor":[70,70,70,70,70,70,70,70,70,70,70,70,70,70,70,70,70,70,70,70,70,70,70,70,70,70,70,70,70,70,70,70,70,70,70,70,66,66,66,66,66,66,66,66,66,66,66],"card_choices":[{"not_picked":["Distraction","Masterful Stab","Prepared"],"picked":"SKIP","floor":1.0},{"not_picked":["Underhanded Strike","Slice"],"picked":"Well Laid Plans","floor":5.0},{"not_picked":["Flechettes","Catalyst"],"picked":"Quick Slash","floor":7.0},{"not_picked":["Quick Slash","Tactician","Bane"],"picked":"SKIP","floor":8.0},{"not_picked":["Escape Plan","Slice"],"picked":"Dagger Spray","floor":11.0},{"not_picked":["Bane","Dagger Spray"],"picked":"Deadly Poison","floor":14.0},{"not_picked":["Glass Knife","Corpse Explosion"],"picked":"Adrenaline","floor":16.0},{"not_picked":["Dagger Spray","Acrobatics"],"picked":"Backstab+1","floor":18.0},{"not_picked":["Masterful Stab","Flying Knee"],"picked":"Deadly Poison","floor":19.0},{"not_picked":["Underhanded Strike+1","Calculated Gamble"],"picked":"Backflip","floor":21.0},{"not_picked":["A Thousand Cuts","Deadly Poison"],"picked":"Deflect+1","floor":23.0},{"not_picked":["Backflip","Underhanded Strike"],"picked":"Blur","floor":25},{"not_picked":["Flying Knee","Predator","Cloak And Dagger"],"picked":"SKIP","floor":29},{"not_picked":["Backflip","Dodge and Roll"],"picked":"Caltrops+1","floor":31},{"not_picked":["A Thousand Cuts","Night Terror"],"picked":"Corpse Explosion","floor":33},{"not_picked":["Dagger Throw+1","Sucker Punch+1"],"picked":"Deflect+1","floor":35},{"not_picked":["Dodge and Roll","Quick Slash","Underhanded Strike+1"],"picked":"SKIP","floor":38},{"not_picked":["Escape Plan+1","PiercingWail"],"picked":"Envenom","floor":42},{"not_picked":["Underhanded Strike","Tactician","Sucker Punch"],"picked":"SKIP","floor":44},{"not_picked":["Choke","Dagger Throw+1"],"picked":"Calculated Gamble+1","floor":46}],"player_experience":391115,"relics_obtained":[{"floor":7.0,"key":"Happy Flower"},{"floor":9.0,"key":"Orichalcum"},{"floor":11.0,"key":"Ginger"},{"floor":23.0,"key":"Omamori"},{"floor":25,"key":"Snake Skull"},{"floor":26,"key":"Blood Vial"},{"floor":42,"key":"Dodecahedron"},{"floor":43,"key":"Pantograph"}],"event_choices":[{"damage_healed":0.0,"max_hp_gain":0.0,"max_hp_loss":0.0,"gold_gain":0.0,"event_name":"Golden Idol","player_choice":"Take Wound","floor":2.0,"gold_loss":0.0,"damage_taken":0.0,"relics_obtained":["Golden Idol"],"cards_obtained":["Injury"]},{"damage_healed":0.0,"max_hp_gain":0.0,"max_hp_loss":0.0,"gold_gain":0.0,"event_name":"Shining Light","player_choice":"Entered Light","floor":3.0,"gold_loss":0.0,"damage_taken":14.0,"cards_upgraded":["Defend_G","Neutralize"]},{"damage_healed":0.0,"max_hp_gain":0.0,"max_hp_loss":0.0,"gold_gain":100.0,"event_name":"Golden Shrine","player_choice":"Pray","floor":12.0,"gold_loss":0.0,"damage_taken":0.0},{"damage_healed":0.0,"max_hp_gain":0.0,"max_hp_loss":0.0,"gold_gain":0.0,"event_name":"The Mausoleum","player_choice":"Ignored","floor":22.0,"gold_loss":0.0,"damage_taken":0.0},{"damage_healed":0,"gold_gain":0,"player_choice":"Became a vampire (Vial)","damage_taken":0,"max_hp_gain":0,"max_hp_loss":0,"event_name":"Vampires","floor":28,"relics_lost":["Blood Vial"],"gold_loss":0,"cards_obtained":["Bite","Bite","Bite","Bite","Bite"]},{"damage_healed":0,"gold_gain":999,"player_choice":"Gold","damage_taken":0,"max_hp_gain":0,"max_hp_loss":0,"event_name":"MindBloom","floor":36,"gold_loss":0,"cards_obtained":["Normality","Normality"]},{"damage_healed":0,"gold_gain":0,"player_choice":"Max HP","damage_taken":0,"max_hp_gain":0,"max_hp_loss":4,"event_name":"Winding Halls","floor":37,"gold_loss":0},{"cards_removed":["Defend_G"],"damage_healed":0,"gold_gain":0,"player_choice":"Purged","damage_taken":0,"max_hp_gain":0,"max_hp_loss":0,"event_name":"Purifier","floor":41,"gold_loss":0}],"is_beta":false,"boss_relics":[{"not_picked":["Astrolabe","Velvet Choker"],"picked":"Ring of the Serpent"},{"not_picked":["Eternal Feather","Snecko Eye"],"picked":"White Beast Statue"}],"items_purged_floors":[4,20,39],"is_endless":false,"potions_floor_spawned":[1,5,21,23,29,35,38,42,44,46],"killed_by":"Giant Head","ascension_level":11}