{"gold_per_floor":[11,286,306,306,24,199,3,3,28,51,0,13,28,51,51,177,177,190,190,7,7,20,64,64,64,64,64,64,88,103,29,29,29],"floor_reached":33,"playtime":2233,"items_purged":["Regret","Doubt"],"score":255,"play_id":"c3984172-f92d-4e79-85c5-5f247880994a","local_time":"20190518202322","is_ascension_mode":false,"campfire_choices":[{"data":"Seeing Red","floor":15,"key":"SMITH"},{"floor":24,"key":"REST"},{"floor":25,"key":"REST"},{"floor":32,"key":"REST"}],"neow_cost":"NO_GOLD","seed_source_timestamp":135015519732060,"circlet_count":0,"master_deck":["Strike_R","Strike_R","Strike_R","Defend_R","Defend_R","Defend_R","Bash","Cleave","Flex","Inflame","Dropkick","Thunderclap","Sever Soul","Armaments","Shrug It Off","Sword Boomerang","Whirlwind","Flame Barrier","Seeing Red+1","Juggernaut","Armaments+1","Clothesline+1","Clothesline+1","Heavy Blade+1","Searing Blow","Rampage","Anger+1","Uppercut+1","Shame","Twin Strike","Armaments+1","Uppercut"],"relics":["Burning Blood","WingedGreaves","Golden Idol","Oddly Smooth Stone","Astrolabe","Orichalcum","MutagenicStrength","Bag of Preparation","Bottled Tornado","Bag of Marbles","Self Forming Clay"],"potions_floor_usage":[16,16,23,33],"damage_taken":[{"damage":6,"enemies":"Jaw Worm","floor":1,"turns":5},{"damage":7,"enemies":"Cultist","floor":3,"turns":4},{"damage":3,"enemies":"Small Slimes","floor":10,"turns":3},{"damage":5,"enemies":"Looter","floor":12,"turns":3},{"damage":13,"enemies":"Blue Slaver","floor":13,"turns":3},{"damage":6,"enemies":"2 Fungi Beasts","floor":14,"turns":2},{"damage":48,"enemies":"Hexaghost","floor":16,"turns":12},{"damage":15,"enemies":"Shell Parasite","floor":18,"turns":9},{"damage":18,"enemies":"Spheric Guardian","floor":22,"turns":4},{"damage":56,"enemies":"Gremlin Leader","floor":23,"turns":8},{"damage":14,"enemies":"Cultist and Chosen","floor":29,"turns":5},{"damage":24,"enemies":"Shelled Parasite and Fungi","floor":30,"turns":6},{"damage":72,"enemies":"Automaton","floor":33,"turns":6}],"seed_played":"-2106058170891137759","potions_obtained":[{"floor":1,"key":"Fire Potion"},{"floor":12,"key":"GamblersBrew"},{"floor":22,"key":"LiquidBronze"},{"floor":29,"key":"BloodPotion"}],"is_trial":false,"path_per_floor":["M","?","M","?","$","?","$","?","T","M","$","M","M","M","R","B",null,"M","?","$","?","M","E","R","R","T","?","T","M","M","$","R","B"],"character_chosen":"IRONCLAD","items_purchased":["Inflame","Dropkick","Thunderclap","Block Potion","Sever Soul","Armaments","Sword Boomerang","Orichalcum","Rampage","Uppercut"],"campfire_rested":3,"item_purchase_floors":[5,5,5,5,7,7,11,20,20,31],"current_hp_per_floor":[80,80,79,79,79,79,79,72,72,75,75,76,69,69,69,27,80,71,71,71,71,59,9,33,57,57,57,57,49,31,31,55,0],"gold":29,"neow_bonus":"ONE_RARE_RELIC","is_prod":false,"is_daily":false,"chose_seed":false,"campfire_upgraded":1,"win_rate":0.0,"timestamp":1558232602,"path_taken":["M","?","?","?","$","?","$","?","T","M","?","M","M","M","R","BOSS","M","?","$","?","M","E","R","R","T","?","?","M","?","$","R","BOSS"],"build_version":"2019-01-23","purchased_purges":2,"victory":false,"max_hp_per_floor":[80,80,80,80,80,80,80,80,80,80,80,80,80,80,80,80,80,80,80,80,80,80,80,80,80,80,80,80,80,80,80,80,80],"card_choices":[{"not_picked":["Infernal Blade","Perfected Strike"],"picked":"Cleave","floor":1},{"not_picked":["Body Slam","Pommel Strike"],"picked":"Flex","floor":3},{"not_picked":["Body Slam","Clothesline"],"picked":"Shrug It Off","floor":10},{"not_picked":["Flex","Shrug It Off"],"picked":"Whirlwind","floor":12},{"not_picked":["Thunderclap","Inflame"],"picked":"Flame Barrier","floor":13},{"not_picked":["Clothesline","Burning Pact"],"picked":"Seeing Red","floor":14},{"not_picked":["Double Tap","Reaper"],"picked":"Juggernaut","floor":16},{"not_picked":["Cleave","Pummel"],"picked":"Heavy Blade+1","floor":18},{"not_picked":["Sever Soul","Sword Boomerang"],"picked":"Anger+1","floor":22},{"not_picked":["Thunderclap","Fire Breathing"],"picked":"Uppercut+1","floor":23},{"not_picked":["Rampage","Perfected Strike"],"picked":"Twin Strike","floor":29},{"not_picked":["Pommel Strike","Twin Strike"],"picked":"Armaments+1","floor":30}],"player_experience":38864,"relics_obtained":[{"floor":9,"key":"Oddly Smooth Stone"},{"floor":23,"key":"Bag of Preparation"},{"floor":26,"key":"Bottled Tornado"},{"floor":28,"key":"Self Forming Clay"}],"event_choices":[{"damage_healed":0,"gold_gain":275,"player_choice":"Desecrate","damage_taken":0,"max_hp_gain":0,"max_hp_loss":0,"event_name":"Golden Shrine","floor":2,"gold_loss":0,"cards_obtained":["Regret"]},{"damage_healed":0,"gold_gain":0,"player_choice":"Take Wound","damage_taken":0,"relics_obtained":["Golden Idol"],"max_hp_gain":0,"max_hp_loss":0,"event_name":"Golden Idol","floor":4,"gold_loss":0,"cards_obtained":["Injury"]},{"damage_healed":0,"gold_gain":175,"player_choice":"AGREE","damage_taken":0,"max_hp_gain":0,"max_hp_loss":0,"event_name":"Liars Game","floor":6,"gold_loss":0,"cards_obtained":["Doubt"]},{"cards_removed":["Injury"],"damage_healed":0,"gold_gain":0,"player_choice":"Card Removal","damage_taken":7,"max_hp_gain":0,"max_hp_loss":0,"event_name":"Golden Wing","floor":8,"gold_loss":0},{"damage_healed":0,"gold_gain":0,"player_choice":"Read","damage_taken":0,"max_hp_gain":0,"max_hp_loss":0,"event_name":"The Library","floor":19,"gold_loss":0,"cards_obtained":["Searing Blow"]},{"damage_healed":0,"gold_gain":0,"player_choice":"Inject Mutagens","damage_taken":0,"relics_obtained":["MutagenicStrength"],"max_hp_gain":0,"max_hp_loss":0,"event_name":"Drug Dealer","floor":21,"gold_loss":0},{"damage_healed":0,"gold_gain":0,"player_choice":"Stole Relic","damage_taken":0,"relics_obtained":["Bag of Marbles"],"max_hp_gain":0,"max_hp_loss":0,"event_name":"Addict","floor":27,"gold_loss":0,"cards_obtained":["Shame"]}],"is_beta":false,"boss_relics":[{"not_picked":["Sozu","Philosopher\u0027s Stone"],"picked":"Astrolabe"}],"items_purged_floors":[5,7],"is_endless":false,"potions_floor_spawned":[1,12,22,29],"killed_by":"Automaton","ascension_level":0}