{"gold_per_floor":[110,110,110,130,149,178,197,15,62,92,107,107,135,155,155,234,234,247,247,217,229,16,16,50,50,73,73,73,84,84,95,95,95],"floor_reached":33,"playtime":1634,"items_purged":["Strike_R"],"score":485,"play_id":"b971f97f-55fa-46bb-b346-6a3de00c69f7","local_time":"20190524013822","is_ascension_mode":true,"campfire_choices":[{"data":"Shockwave","floor":12.0,"key":"SMITH"},{"data":"Shockwave","floor":15.0,"key":"SMITH"},{"data":"Fiend Fire","floor":23.0,"key":"SMITH"},{"data":"Metallicize","floor":28.0,"key":"SMITH"},{"data":"Inflame","floor":30.0,"key":"SMITH"},{"floor":32,"key":"REST"}],"neow_cost":"TEN_PERCENT_HP_LOSS","seed_source_timestamp":0,"circlet_count":0,"master_deck":["AscendersBane","Strike_R","Strike_R","Strike_R","Strike_R","Defend_R","Defend_R","Defend_R","Defend_R","Bash","The Bomb","Dramatic Entrance","Feel No Pain+1","Metallicize+1","Twin Strike","True Grit","Inflame+1","Shockwave+1","Battle Trance","Infernal Blade","Barricade","Shockwave+1","Feed","Evolve+1","Havoc+1","Fiend Fire+1","Uppercut","True Grit","Feel No Pain"],"special_seed":0,"relics":["Black Blood","Sundial","Omamori","Juzu Bracelet","Mummified Hand","Pen Nib","Bag of Marbles"],"potions_floor_usage":[31],"damage_taken":[{"damage":6.0,"enemies":"Cultist","floor":1.0,"turns":4.0},{"damage":10.0,"enemies":"Small Slimes","floor":4.0,"turns":4.0},{"damage":2.0,"enemies":"2 Louse","floor":5.0,"turns":3.0},{"damage":11.0,"enemies":"Lagavulin","floor":6.0,"turns":8.0},{"damage":21.0,"enemies":"Gremlin Gang","floor":7.0,"turns":3.0},{"damage":13.0,"enemies":"Gremlin Nob","floor":10.0,"turns":3.0},{"damage":4.0,"enemies":"Looter","floor":11.0,"turns":3.0},{"damage":9.0,"enemies":"3 Sentries","floor":13.0,"turns":5.0},{"damage":11.0,"enemies":"3 Louse","floor":14.0,"turns":2.0},{"damage":19.0,"enemies":"The Guardian","floor":16.0,"turns":10.0},{"damage":10.0,"enemies":"3 Byrds","floor":18.0,"turns":5.0},{"damage":14.0,"enemies":"Shell Parasite","floor":21.0,"turns":6.0},{"damage":49.0,"enemies":"Slavers","floor":24.0,"turns":3.0},{"damage":25.0,"enemies":"Chosen and Byrds","floor":29.0,"turns":7.0},{"damage":22,"enemies":"Snake Plant","floor":31,"turns":5},{"damage":39,"enemies":"Champ","floor":33,"turns":12}],"seed_played":"1788586347518276060","potions_obtained":[{"floor":1.0,"key":"LiquidBronze"},{"floor":5.0,"key":"EssenceOfSteel"},{"floor":7.0,"key":"Poison Potion"},{"floor":11.0,"key":"Energy Potion"},{"floor":13.0,"key":"PowerPotion"},{"floor":20.0,"key":"Weak Potion"},{"floor":20.0,"key":"LiquidBronze"},{"floor":29.0,"key":"Weak Potion"}],"is_trial":false,"path_per_floor":["M","?","?","M","M","E","M","$","T","E","M","R","E","M","R","B",null,"M","?","?","M","$","R","E","?","T","?","R","M","R","M","R","B"],"character_chosen":"IRONCLAD","items_purchased":["Inflame","Shockwave","Fire Potion","Fiend Fire"],"campfire_rested":1,"item_purchase_floors":[8,8,8,22],"current_hp_per_floor":[68,68,68,64,68,63,48,48,48,41,43,43,40,35,35,22,57,60,60,60,56,56,56,17,17,17,40,40,25,25,13,34,0],"gold":95,"neow_bonus":"RANDOM_COLORLESS_2","is_prod":false,"is_daily":false,"chose_seed":false,"campfire_upgraded":5,"win_rate":0,"timestamp":1558679902,"path_taken":["M","?","?","M","M","E","M","$","T","E","M","R","E","M","R","BOSS","M","?","?","M","$","R","E","?","T","?","R","M","R","M","R","BOSS"],"build_version":"2019-01-23","purchased_purges":1,"victory":false,"max_hp_per_floor":[68,68,68,68,68,68,68,68,68,68,68,68,68,68,68,68,68,71,71,71,71,71,71,71,71,71,71,71,71,71,71,71,71],"card_choices":[{"not_picked":["Flex","Corruption"],"picked":"Feel No Pain","floor":1.0},{"not_picked":["Power Through","Perfected Strike"],"picked":"Metallicize","floor":4.0},{"not_picked":["Body Slam","Flex"],"picked":"Twin Strike","floor":5.0},{"not_picked":["Seeing Red","Anger"],"picked":"True Grit","floor":6.0},{"not_picked":["Flex","Thunderclap","Iron Wave"],"picked":"SKIP","floor":7.0},{"not_picked":["Havoc","Armaments"],"picked":"Battle Trance","floor":10.0},{"not_picked":["Clash","Body Slam"],"picked":"Infernal Blade","floor":11.0},{"not_picked":["Battle Trance","Searing Blow"],"picked":"Barricade","floor":13.0},{"not_picked":["Heavy Blade","Armaments"],"picked":"Shockwave","floor":14.0},{"not_picked":["Juggernaut","Brutality"],"picked":"Feed","floor":16.0},{"not_picked":["Power Through","Infernal Blade"],"picked":"Evolve+1","floor":18.0},{"not_picked":["Clash","Flex"],"picked":"Havoc+1","floor":21.0},{"not_picked":["Demon Form","Sword Boomerang"],"picked":"Uppercut","floor":24.0},{"not_picked":["Pommel Strike","Sword Boomerang"],"picked":"True Grit","floor":29.0},{"not_picked":["Body Slam","Uppercut"],"picked":"Feel No Pain","floor":31}],"player_experience":478387,"relics_obtained":[{"floor":6.0,"key":"Sundial"},{"floor":9.0,"key":"Omamori"},{"floor":10.0,"key":"Juzu Bracelet"},{"floor":13.0,"key":"Mummified Hand"},{"floor":24.0,"key":"Pen Nib"},{"floor":26.0,"key":"Bag of Marbles"}],"event_choices":[{"damage_healed":0.0,"max_hp_gain":0.0,"max_hp_loss":0.0,"gold_gain":0.0,"event_name":"Liars Game","player_choice":"Ignored","floor":2.0,"gold_loss":0.0,"damage_taken":0.0},{"damage_healed":0.0,"max_hp_gain":0.0,"max_hp_loss":0.0,"gold_gain":0.0,"event_name":"Living Wall","player_choice":"Grow","floor":3.0,"gold_loss":0.0,"damage_taken":0.0,"cards_upgraded":["Feel No Pain"]},{"damage_healed":0.0,"max_hp_gain":0.0,"max_hp_loss":0.0,"gold_gain":0.0,"event_name":"N\u0027loth","player_choice":"Ignored","floor":19.0,"gold_loss":0.0,"damage_taken":0.0},{"damage_healed":0.0,"max_hp_gain":0.0,"max_hp_loss":0.0,"gold_gain":0.0,"event_name":"The Woman in Blue","player_choice":"Bought 2 Potions","floor":20.0,"gold_loss":0.0,"damage_taken":0.0},{"damage_healed":0.0,"max_hp_gain":0.0,"max_hp_loss":0.0,"gold_gain":0.0,"event_name":"Cursed Tome","player_choice":"Ignored","floor":25.0,"gold_loss":0.0,"damage_taken":0.0},{"damage_healed":23.0,"max_hp_gain":0.0,"max_hp_loss":0.0,"gold_gain":0.0,"event_name":"The Library","player_choice":"Heal","floor":27.0,"gold_loss":0.0,"damage_taken":0.0}],"is_beta":false,"boss_relics":[{"not_picked":["Orrery","Black Star"],"picked":"Black Blood"}],"items_purged_floors":[22],"is_endless":false,"potions_floor_spawned":[1,5,7,11,13,29],"killed_by":"Champ","ascension_level":14}