{"gold_per_floor":[110,110,122,138,216,250,250,325,351,23,23,79,91,40,40,40],"floor_reached":16,"playtime":538,"items_purged":[],"score":200,"play_id":"3a988184-ffc6-49a2-9b49-1c0b9b332050","local_time":"20190531184758","is_ascension_mode":true,"campfire_choices":[{"data":"Perfected Strike","floor":7.0,"key":"SMITH"},{"data":"Feel No Pain","floor":11.0,"key":"SMITH"},{"data":"Armaments","floor":15.0,"key":"SMITH"}],"neow_cost":"CURSE","seed_source_timestamp":1142428060662877,"circlet_count":0,"master_deck":["AscendersBane","Strike_R","Strike_R","Strike_R","Strike_R","Strike_R","Defend_R","Defend_R","Defend_R","Defend_R","Bash","Good Instincts","Flash of Steel","Reckless Charge","Feel No Pain+1","Hemokinesis","Perfected Strike+1","Headbutt","Feed","Reckless Charge","Armaments+1"],"special_seed":0,"relics":["Burning Blood","Matryoshka","Centennial Puzzle","Mercury Hourglass","Pen Nib","Frozen Egg 2","Tiny Chest"],"potions_floor_usage":[],"damage_taken":[{"damage":6.0,"enemies":"2 Louse","floor":1.0,"turns":3.0},{"damage":2.0,"enemies":"Jaw Worm","floor":3.0,"turns":4.0},{"damage":6.0,"enemies":"Cultist","floor":4.0,"turns":4.0},{"damage":51.0,"enemies":"Gremlin Nob","floor":6.0,"turns":5.0},{"damage":9.0,"enemies":"3 Sentries","floor":12.0,"turns":5.0},{"damage":3.0,"enemies":"Large Slime","floor":13.0,"turns":3.0},{"damage":30,"enemies":"The Guardian","floor":16,"turns":5}],"seed_played":"208241805593623236","potions_obtained":[{"floor":4.0,"key":"BloodPotion"},{"floor":6.0,"key":"Regen Potion"},{"floor":12.0,"key":"FearPotion"}],"is_trial":false,"path_per_floor":["M","?","M","M","T","E","R","?","T","$","R","E","M","$","R","B"],"character_chosen":"IRONCLAD","items_purchased":["Frozen Egg 2","Headbutt","Armaments"],"campfire_rested":0,"item_purchase_floors":[10,10,14],"current_hp_per_floor":[68,61,65,65,65,27,27,16,16,16,16,27,30,30,30,0],"gold":40,"neow_bonus":"RANDOM_COLORLESS_2","is_prod":false,"is_daily":false,"chose_seed":false,"campfire_upgraded":3,"win_rate":0,"timestamp":1559346478,"path_taken":["M","?","M","M","?","E","R","?","T","$","R","E","?","$","R","BOSS"],"build_version":"2019-01-23","purchased_purges":0,"victory":false,"max_hp_per_floor":[75,75,75,75,75,75,75,75,75,75,75,75,75,75,75,75],"card_choices":[{"not_picked":["Havoc","Disarm"],"picked":"Reckless Charge","floor":1.0},{"not_picked":["Armaments","True Grit"],"picked":"Feel No Pain","floor":3.0},{"not_picked":["Havoc","True Grit"],"picked":"Hemokinesis","floor":4.0},{"not_picked":["Evolve","Bloodletting"],"picked":"Perfected Strike","floor":6.0},{"not_picked":["Disarm","Cleave"],"picked":"Feed","floor":12.0},{"not_picked":["Shrug It Off","Heavy Blade"],"picked":"Reckless Charge","floor":13.0}],"player_experience":507542,"relics_obtained":[{"floor":5.0,"key":"Matryoshka"},{"floor":6.0,"key":"Centennial Puzzle"},{"floor":9.0,"key":"Mercury Hourglass"},{"floor":9.0,"key":"Pen Nib"},{"floor":12.0,"key":"Tiny Chest"}],"event_choices":[{"cards_removed":["Normality"],"damage_healed":0.0,"max_hp_gain":0.0,"max_hp_loss":0.0,"gold_gain":0.0,"event_name":"Golden Wing","player_choice":"Card Removal","floor":2.0,"gold_loss":0.0,"damage_taken":7.0},{"damage_healed":0.0,"max_hp_gain":0.0,"max_hp_loss":0.0,"gold_gain":75.0,"event_name":"World of Goop","player_choice":"Gather Gold","floor":8.0,"gold_loss":0.0,"damage_taken":11.0}],"is_beta":false,"boss_relics":[],"items_purged_floors":[],"is_endless":false,"potions_floor_spawned":[4,6,12],"killed_by":"The Guardian","ascension_level":17}