{"gold_per_floor":[116,29,43,61,75,75,95,95,95,107,134,149,181,198,198,274,274,287,212,3,16,26,26,26],"floor_reached":24,"playtime":1091,"items_purged":[],"score":577,"play_id":"fd96c8be-bb95-45e8-89e5-55379f310932","local_time":"20190531232319","is_ascension_mode":true,"campfire_choices":[{"data":"Combust","floor":6.0,"key":"SMITH"},{"data":"Inflame","floor":8.0,"key":"SMITH"},{"floor":15.0,"key":"REST"},{"data":"Shockwave","floor":23.0,"key":"SMITH"}],"neow_cost":"NONE","seed_source_timestamp":0,"circlet_count":0,"master_deck":["AscendersBane","Strike_R","Strike_R","Strike_R","Strike_R","Defend_R","Defend_R","Defend_R","Defend_R","Bash+1","Headbutt","Combust+1","Spot Weakness","Carnage","Inflame+1","Inflame","True Grit","Perfected Strike","Disarm","Limit Break","Shockwave+1","Pommel Strike","Armaments+1"],"special_seed":0,"relics":["Burning Blood","Shuriken","Orichalcum","Question Card","Philosopher\u0027s Stone","Bag of Marbles"],"potions_floor_usage":[],"damage_taken":[{"damage":14.0,"enemies":"2 Louse","floor":1.0,"turns":3.0},{"damage":6.0,"enemies":"Small Slimes","floor":3.0,"turns":3.0},{"damage":2.0,"enemies":"Cultist","floor":4.0,"turns":3.0},{"damage":6.0,"enemies":"Looter","floor":5.0,"turns":2.0},{"damage":7.0,"enemies":"Exordium Thugs","floor":7.0,"turns":4.0},{"damage":17.0,"enemies":"Blue Slaver","floor":10.0,"turns":3.0},{"damage":38.0,"enemies":"Lagavulin","floor":11.0,"turns":8.0},{"damage":10.0,"enemies":"Red Slaver","floor":12.0,"turns":3.0},{"damage":21.0,"enemies":"Gremlin Nob","floor":13.0,"turns":4.0},{"damage":0.0,"enemies":"2 Fungi Beasts","floor":14.0,"turns":4.0},{"damage":27.0,"enemies":"Hexaghost","floor":16.0,"turns":9.0},{"damage":24.0,"enemies":"Spheric Guardian","floor":18.0,"turns":4.0},{"damage":18.0,"enemies":"Shell Parasite","floor":21.0,"turns":4.0},{"damage":17.0,"enemies":"Snake Plant","floor":22.0,"turns":3.0},{"damage":30,"enemies":"Sentry and Sphere","floor":24,"turns":5}],"seed_played":"884589771329084172","potions_obtained":[{"floor":5.0,"key":"Explosive Potion"},{"floor":7.0,"key":"Regen Potion"},{"floor":13.0,"key":"PowerPotion"},{"floor":16.0,"key":"Ancient Potion"},{"floor":18.0,"key":"Swift Potion"}],"is_trial":false,"path_per_floor":["M","$","M","M","M","R","M","R","T","M","E","M","E","M","R","B",null,"M","?","$","M","M","R","M"],"character_chosen":"IRONCLAD","items_purchased":["Combust","Shockwave","Bag of Marbles"],"campfire_rested":1,"item_purchase_floors":[2,20,20],"current_hp_per_floor":[60,60,60,64,64,64,63,63,63,52,35,31,16,22,44,23,62,44,44,44,32,21,21,0],"gold":26,"neow_bonus":"UPGRADE_CARD","is_prod":false,"is_daily":false,"chose_seed":false,"campfire_upgraded":3,"win_rate":0,"timestamp":1559362999,"path_taken":["M","$","M","M","M","R","M","R","T","M","E","M","E","M","R","BOSS","M","?","$","M","M","R","M"],"build_version":"2019-01-23","purchased_purges":0,"victory":false,"max_hp_per_floor":[75,75,75,75,75,75,75,75,75,75,75,75,75,75,75,75,75,75,75,75,75,75,75,75],"card_choices":[{"not_picked":["True Grit","Clothesline"],"picked":"Headbutt","floor":1.0},{"not_picked":["Pommel Strike","Sword Boomerang"],"picked":"Spot Weakness","floor":3.0},{"not_picked":["Second Wind","Heavy Blade"],"picked":"Carnage","floor":4.0},{"not_picked":["Flex","Thunderclap"],"picked":"Inflame","floor":5.0},{"not_picked":["Second Wind","Uppercut"],"picked":"Inflame","floor":7.0},{"not_picked":["Entrench","Headbutt"],"picked":"True Grit","floor":10.0},{"not_picked":["Armaments","Heavy Blade"],"picked":"Perfected Strike","floor":11.0},{"not_picked":["Ghostly Armor","Clothesline"],"picked":"Disarm","floor":12.0},{"not_picked":["Berserk","Bloodletting","Second Wind"],"picked":"SKIP","floor":13.0},{"not_picked":["Sentinel","Clash","Rampage","Power Through"],"picked":"SKIP","floor":14.0},{"not_picked":["Fiend Fire","Feed","Exhume"],"picked":"Limit Break","floor":16.0},{"not_picked":["Bloodletting","Searing Blow","Dropkick","Spot Weakness"],"picked":"SKIP","floor":18.0},{"not_picked":["Body Slam","Second Wind","Iron Wave"],"picked":"Pommel Strike","floor":21.0},{"not_picked":["Rupture","Thunderclap","Carnage"],"picked":"Armaments+1","floor":22.0}],"player_experience":510418,"relics_obtained":[{"floor":9.0,"key":"Shuriken"},{"floor":11.0,"key":"Orichalcum"},{"floor":13.0,"key":"Question Card"}],"event_choices":[{"cards_removed":["Strike_R"],"damage_healed":0.0,"max_hp_gain":0.0,"max_hp_loss":0.0,"gold_gain":0.0,"event_name":"Beggar","player_choice":"Gave Gold","floor":19.0,"gold_loss":75.0,"damage_taken":0.0}],"is_beta":false,"boss_relics":[{"not_picked":["Pandora\u0027s Box","Astrolabe"],"picked":"Philosopher\u0027s Stone"}],"items_purged_floors":[],"is_endless":false,"potions_floor_spawned":[5,7,13,16,18],"killed_by":"Sentry and Sphere","ascension_level":17}