{"gold_per_floor":[116,17,92,109,109,135,135,164,164,498,498,498,513,513,513,610,610,624,624,635,30,44,44,44,44,44,44,59,59,70,89,89,89],"floor_reached":33,"playtime":904,"items_purged":["Strike_R","Strike_R"],"score":432,"play_id":"cdb68cc1-eba5-4bd0-883d-8fb2158de6b2","local_time":"20190522135244","is_ascension_mode":true,"campfire_choices":[{"data":"Cleave","floor":7,"key":"SMITH"},{"floor":15,"key":"REST"},{"floor":23,"key":"REST"},{"data":"Inflame","floor":27,"key":"SMITH"},{"floor":29,"key":"REST"},{"data":"Bash","floor":32,"key":"SMITH"}],"neow_cost":"NONE","seed_source_timestamp":229777980888670,"circlet_count":0,"master_deck":["AscendersBane","Strike_R+1","Strike_R+1","Defend_R","Defend_R","Defend_R","Bash+1","Cleave+1","Cleave","Offering","Inflame+1","True Grit","Pommel Strike+1"],"relics":["Burning Blood","NeowsBlessing","The Courier","Paper Frog","Pear","Old Coin","Turnip","Pocketwatch","Sozu","Sling","Ancient Tea Set","Bronze Scales","Regal Pillow","Bottled Tornado"],"potions_floor_usage":[8,16,16,18],"damage_taken":[{"damage":0,"enemies":"2 Louse","floor":1,"turns":1},{"damage":0,"enemies":"Jaw Worm","floor":4,"turns":1},{"damage":0,"enemies":"Gremlin Nob","floor":6,"turns":1},{"damage":30,"enemies":"3 Sentries","floor":8,"turns":6},{"damage":32,"enemies":"Gremlin Nob","floor":10,"turns":4},{"damage":0,"enemies":"Small Slimes","floor":13,"turns":2},{"damage":50,"enemies":"The Guardian","floor":16,"turns":9},{"damage":34,"enemies":"Spheric Guardian","floor":18,"turns":4},{"damage":20,"enemies":"Shell Parasite","floor":20,"turns":2},{"damage":30,"enemies":"Snake Plant","floor":22,"turns":3},{"damage":11,"enemies":"Sentry and Sphere","floor":28,"turns":4},{"damage":6,"enemies":"Centurion and Healer","floor":30,"turns":3},{"damage":18,"enemies":"Chosen and Byrds","floor":31,"turns":3},{"damage":120,"enemies":"Automaton","floor":33,"turns":6}],"seed_played":"7306806043759943647","potions_obtained":[{"floor":1,"key":"Energy Potion"},{"floor":4,"key":"SpeedPotion"},{"floor":10,"key":"Strength Potion"},{"floor":16,"key":"Regen Potion"}],"is_trial":false,"path_per_floor":["M","$","?","M","?","E","R","E","T","E","?","T","M","T","R","B",null,"M","?","M","$","M","R","?","?","T","R","M","R","M","M","R","B"],"character_chosen":"IRONCLAD","items_purchased":["Cleave","Sling","Ancient Tea Set","Bronze Scales","Regal Pillow"],"campfire_rested":3,"item_purchase_floors":[2,21,21,21,21],"current_hp_per_floor":[78,78,67,73,73,79,79,55,65,39,21,21,27,27,54,10,70,54,54,40,40,16,58,58,58,58,58,53,90,90,78,78,0],"gold":89,"neow_bonus":"THREE_ENEMY_KILL","is_prod":false,"is_daily":false,"chose_seed":false,"campfire_upgraded":3,"win_rate":0,"timestamp":1558522364,"path_taken":["M","$","?","M","?","E","R","E","T","E","?","?","M","?","R","BOSS","M","?","M","$","M","R","?","?","T","R","M","R","?","M","R","BOSS"],"build_version":"2019-01-23","purchased_purges":2,"victory":false,"max_hp_per_floor":[80,80,80,80,80,80,80,80,90,90,90,90,90,90,90,90,90,90,90,90,90,90,90,90,90,90,90,90,90,90,90,90,90],"card_choices":[{"not_picked":["Power Through","Warcry"],"picked":"Cleave","floor":1},{"not_picked":["Thunderclap","Second Wind","Heavy Blade"],"picked":"SKIP","floor":4},{"not_picked":["Flex","Limit Break","Sever Soul"],"picked":"SKIP","floor":6},{"not_picked":["Flame Barrier","Burning Pact","Flex"],"picked":"SKIP","floor":8},{"not_picked":["Fire Breathing","Shrug It Off","Hemokinesis"],"picked":"SKIP","floor":10},{"not_picked":["Headbutt","Body Slam","Clothesline"],"picked":"SKIP","floor":13},{"not_picked":["Fiend Fire","Impervious"],"picked":"Offering","floor":16},{"not_picked":["Burning Pact+1","Headbutt+1","True Grit"],"picked":"SKIP","floor":18},{"not_picked":["Dropkick","Heavy Blade","Headbutt"],"picked":"SKIP","floor":20},{"not_picked":["Searing Blow","Metallicize","Anger"],"picked":"SKIP","floor":22},{"not_picked":["True Grit+1","Infernal Blade","Dual Wield"],"picked":"SKIP","floor":28},{"not_picked":["Reckless Charge","Disarm","Havoc+1"],"picked":"SKIP","floor":30},{"not_picked":["True Grit","Dropkick"],"picked":"Pommel Strike+1","floor":31}],"player_experience":310119,"relics_obtained":[{"floor":6,"key":"The Courier"},{"floor":8,"key":"Paper Frog"},{"floor":9,"key":"Pear"},{"floor":10,"key":"Old Coin"},{"floor":12,"key":"Turnip"},{"floor":14,"key":"Pocketwatch"},{"floor":26,"key":"Bottled Tornado"}],"event_choices":[{"damage_healed":0,"gold_gain":75,"player_choice":"Gather Gold","damage_taken":11,"max_hp_gain":0,"max_hp_loss":0,"event_name":"World of Goop","floor":3,"gold_loss":0},{"cards_removed":["Strike_R"],"damage_healed":0,"gold_gain":0,"player_choice":"Forget","damage_taken":0,"max_hp_gain":0,"max_hp_loss":0,"event_name":"Living Wall","floor":5,"gold_loss":0},{"damage_healed":0,"gold_gain":0,"player_choice":"Entered Light","damage_taken":18,"max_hp_gain":0,"max_hp_loss":0,"event_name":"Shining Light","floor":11,"gold_loss":0,"cards_upgraded":["Strike_R","Strike_R"]},{"damage_healed":0,"gold_gain":0,"player_choice":"Read","damage_taken":0,"max_hp_gain":0,"max_hp_loss":0,"event_name":"The Library","floor":19,"gold_loss":0,"cards_obtained":["Inflame"]},{"damage_healed":0,"gold_gain":0,"player_choice":"Ignored","damage_taken":0,"max_hp_gain":0,"max_hp_loss":0,"event_name":"Vampires","floor":24,"gold_loss":0},{"damage_healed":0,"gold_gain":0,"cards_transformed":["Defend_R"],"player_choice":"Transformed","damage_taken":0,"max_hp_gain":0,"max_hp_loss":0,"event_name":"Transmorgrifier","floor":25,"gold_loss":0,"cards_obtained":["True Grit"]}],"is_beta":false,"boss_relics":[{"not_picked":["Runic Pyramid","Calling Bell"],"picked":"Sozu"}],"items_purged_floors":[2,21],"is_endless":false,"potions_floor_spawned":[1,4,10,16,20,22,31],"killed_by":"Automaton","ascension_level":10}