{"gold_per_floor":[11,11,27,102,115,115,141,141,168,179,179,179,214,225,225,225],"floor_reached":16,"playtime":509,"items_purged":[],"score":110,"play_id":"b9485eee-73c1-47c5-b3ed-d4a487876b29","local_time":"20190601211432","is_ascension_mode":false,"campfire_choices":[{"data":"Impervious","floor":6,"key":"SMITH"},{"floor":8,"key":"REST"},{"floor":11,"key":"REST"},{"floor":15,"key":"REST"}],"neow_cost":"NO_GOLD","seed_source_timestamp":1120742757191328,"circlet_count":0,"master_deck":["Strike_R","Strike_R","Strike_R","Strike_R","Defend_R","Defend_R","Defend_R","Defend_R","Bash+1","Impervious+1","Body Slam"],"relics":["Burning Blood","Blood Vial","Omamori","Bag of Preparation"],"potions_floor_usage":[13,16],"damage_taken":[{"damage":2,"enemies":"2 Louse","floor":1,"turns":4},{"damage":10,"enemies":"Cultist","floor":3,"turns":4},{"damage":6,"enemies":"Small Slimes","floor":5,"turns":3},{"damage":26,"enemies":"3 Sentries","floor":7,"turns":11},{"damage":24,"enemies":"Gremlin Gang","floor":10,"turns":7},{"damage":58,"enemies":"Lagavulin","floor":13,"turns":7},{"damage":18,"enemies":"2 Fungi Beasts","floor":14,"turns":4},{"damage":16,"enemies":"The Guardian","floor":16,"turns":5}],"seed_played":"7098734189608356556","potions_obtained":[{"floor":5,"key":"SpeedPotion"},{"floor":13,"key":"Fire Potion"}],"is_trial":false,"path_per_floor":["M","?","M","?","M","R","E","R","T","M","R","?","E","M","R","B"],"character_chosen":"IRONCLAD","items_purchased":[],"campfire_rested":3,"item_purchase_floors":[],"current_hp_per_floor":[80,80,76,68,68,68,48,72,72,56,80,80,28,18,42,28],"gold":225,"neow_bonus":"THREE_RARE_CARDS","is_prod":false,"is_daily":false,"chose_seed":false,"campfire_upgraded":1,"win_rate":0,"timestamp":1559412872,"path_taken":["M","?","M","?","?","R","E","R","T","?","R","?","E","M","R","BOSS"],"build_version":"2019-01-23","purchased_purges":0,"victory":false,"max_hp_per_floor":[80,80,80,80,80,80,80,80,80,80,80,80,80,80,80,80],"card_choices":[{"not_picked":["Reaper","Berserk"],"picked":"Impervious","floor":0},{"not_picked":["Clothesline","Blood for Blood","Fire Breathing"],"picked":"SKIP","floor":1},{"not_picked":["Hemokinesis","Heavy Blade","Iron Wave"],"picked":"SKIP","floor":3},{"not_picked":["Hemokinesis","Armaments","Cleave"],"picked":"SKIP","floor":5},{"not_picked":["Pummel","Rage","Dropkick"],"picked":"SKIP","floor":7},{"not_picked":["Clothesline","Perfected Strike","Evolve"],"picked":"SKIP","floor":10},{"not_picked":["Ghostly Armor","Clothesline","Warcry"],"picked":"SKIP","floor":13},{"not_picked":["Perfected Strike","Heavy Blade"],"picked":"Body Slam","floor":14}],"player_experience":339704,"relics_obtained":[{"floor":7,"key":"Blood Vial"},{"floor":9,"key":"Omamori"},{"floor":13,"key":"Bag of Preparation"}],"event_choices":[{"damage_healed":0,"gold_gain":0,"player_choice":"Grow","damage_taken":0,"max_hp_gain":0,"max_hp_loss":0,"event_name":"Living Wall","floor":2,"gold_loss":0,"cards_upgraded":["Bash"]},{"damage_healed":0,"gold_gain":75,"player_choice":"Touch","damage_taken":8,"max_hp_gain":0,"max_hp_loss":0,"event_name":"FaceTrader","floor":4,"gold_loss":0},{"cards_removed":["Strike_R"],"damage_healed":0,"gold_gain":0,"player_choice":"Purged","damage_taken":0,"max_hp_gain":0,"max_hp_loss":0,"event_name":"Purifier","floor":12,"gold_loss":0}],"is_beta":false,"boss_relics":[],"items_purged_floors":[],"is_endless":false,"potions_floor_spawned":[5,13],"killed_by":"The Guardian","ascension_level":0}