{"gold_per_floor":[115,115,35,35,35,73,73,88,88,109,109,125,140,158,158,283,283,283,283,283,2,2,2,2,2,2,2,2,2,2,2],"floor_reached":31,"playtime":3023,"items_purged":[],"score":268,"play_id":"15089086-49ba-4a92-946d-c2f8821e3ffe","local_time":"20190518141111","is_ascension_mode":false,"campfire_choices":[{"floor":11,"key":"REST"},{"floor":15,"key":"REST"},{"floor":27,"key":"REST"}],"neow_cost":"NONE","seed_source_timestamp":111896109436663,"circlet_count":0,"master_deck":["Strike_B+1","Strike_B+1","Strike_B","Defend_B","Defend_B","Defend_B","Defend_B","Zap","Dualcast","Steam","Go for the Eyes","Cold Snap","Loop","Injury","Cold Snap","Cold Snap","Conserve Battery","Gash","Cold Snap","Echo Form","Electrodynamics","Sweeping Beam","Storm+1","White Noise","Blizzard","Flash of Steel","Shame","Force Field","Hologram","Capacitor","Capacitor","Reprogram+1"],"relics":["Cracked Core","Golden Idol","Whetstone","Girya","Ectoplasm","Bag of Marbles","Centennial Puzzle","Unceasing Top","Ancient Tea Set"],"potions_floor_usage":[7,16,16,19,25,25],"damage_taken":[{"damage":2,"enemies":"Small Slimes","floor":1,"turns":3},{"damage":44,"enemies":"3 Sentries","floor":6,"turns":10},{"damage":0,"enemies":"Cultist","floor":8,"turns":3},{"damage":4,"enemies":"2 Louse","floor":10,"turns":2},{"damage":14,"enemies":"Gremlin Gang","floor":12,"turns":8},{"damage":17,"enemies":"3 Louse","floor":13,"turns":3},{"damage":0,"enemies":"Exordium Wildlife","floor":14,"turns":3},{"damage":23,"enemies":"The Guardian","floor":16,"turns":17},{"damage":11,"enemies":"Chosen","floor":18,"turns":5},{"damage":7,"enemies":"Shell Parasite","floor":19,"turns":5},{"damage":0,"enemies":"Cultist and Chosen","floor":20,"turns":5},{"damage":21,"enemies":"Centurion and Healer","floor":23,"turns":5},{"damage":7,"enemies":"Snecko","floor":24,"turns":5},{"damage":22,"enemies":"Snake Plant","floor":25,"turns":7},{"damage":3,"enemies":"Centurion and Healer","floor":29,"turns":5},{"damage":8,"enemies":"Snecko","floor":30,"turns":5},{"damage":26,"enemies":"Shelled Parasite and Fungi","floor":31,"turns":6}],"seed_played":"5864209410736510836","potions_obtained":[{"floor":1,"key":"Regen Potion"},{"floor":7,"key":"Strength Potion"},{"floor":7,"key":"Fruit Juice"},{"floor":7,"key":"Block Potion"},{"floor":16,"key":"Dexterity Potion"},{"floor":18,"key":"Block Potion"},{"floor":24,"key":"SpeedPotion"},{"floor":25,"key":"Swift Potion"},{"floor":29,"key":"Swift Potion"}],"is_trial":false,"path_per_floor":["M","?","$","?","?","E","?","M","T","M","R","M","M","M","R","B",null,"M","M","M","$","?","M","M","M","T","R","T","M","M","M"],"character_chosen":"DEFECT","items_purchased":["Cold Snap","Loop","Bag of Marbles","Blizzard","Flash of Steel"],"campfire_rested":3,"item_purchase_floors":[3,3,21,21,21],"current_hp_per_floor":[73,73,73,73,73,29,34,34,34,30,54,40,23,23,47,39,80,69,62,62,62,62,41,34,12,12,36,36,33,25,0],"gold":2,"neow_bonus":"THREE_CARDS","is_prod":false,"is_daily":false,"chose_seed":false,"campfire_upgraded":0,"win_rate":0.0,"timestamp":1558210271,"path_taken":["M","?","$","?","?","E","?","M","T","M","R","M","M","M","R","BOSS","M","M","?","$","?","M","M","M","T","R","?","M","M","M"],"build_version":"2019-01-23","purchased_purges":0,"victory":false,"max_hp_per_floor":[75,75,75,75,75,75,80,80,80,80,80,80,80,80,80,80,80,80,80,80,80,80,80,80,80,80,80,80,80,80,80],"card_choices":[{"not_picked":["Stack","Leap"],"picked":"Steam","floor":0},{"not_picked":["Compile Driver","Stack"],"picked":"Go for the Eyes","floor":1},{"not_picked":["Tempest","Coolheaded"],"picked":"Cold Snap","floor":6},{"not_picked":["Leap","Redo"],"picked":"Cold Snap","floor":8},{"not_picked":["Beam Cell","Leap"],"picked":"Conserve Battery","floor":10},{"not_picked":["Force Field","Redo"],"picked":"Gash","floor":12},{"not_picked":["Redo","Hologram"],"picked":"Cold Snap","floor":13},{"not_picked":["Barrage","Defragment"],"picked":"Echo Form","floor":14},{"not_picked":["Seek","Fission"],"picked":"Electrodynamics","floor":16},{"not_picked":["Go for the Eyes","Loop"],"picked":"Sweeping Beam","floor":18},{"not_picked":["Loop","Ball Lightning"],"picked":"Storm+1","floor":19},{"not_picked":["Hologram","Steam+1"],"picked":"White Noise","floor":20},{"not_picked":["Skim","Loop"],"picked":"Force Field","floor":23},{"not_picked":["Compile Driver","Storm+1"],"picked":"Hologram","floor":24},{"not_picked":["Heatsinks","Compile Driver"],"picked":"Capacitor","floor":25},{"not_picked":["Storm","Hello World"],"picked":"Capacitor","floor":29},{"not_picked":["Sweeping Beam","Gash"],"picked":"Reprogram+1","floor":30}],"player_experience":21676,"relics_obtained":[{"floor":6,"key":"Whetstone"},{"floor":9,"key":"Girya"},{"floor":26,"key":"Unceasing Top"},{"floor":28,"key":"Ancient Tea Set"}],"event_choices":[{"cards_removed":["Strike_B"],"damage_healed":0,"gold_gain":0,"player_choice":"Purged","damage_taken":0,"max_hp_gain":0,"max_hp_loss":0,"event_name":"Purifier","floor":2,"gold_loss":0},{"damage_healed":0,"gold_gain":0,"player_choice":"Ignored","damage_taken":0,"max_hp_gain":0,"max_hp_loss":0,"event_name":"Golden Wing","floor":4,"gold_loss":0},{"damage_healed":0,"gold_gain":0,"player_choice":"Take Wound","damage_taken":0,"relics_obtained":["Golden Idol"],"max_hp_gain":0,"max_hp_loss":0,"event_name":"Golden Idol","floor":5,"gold_loss":0,"cards_obtained":["Injury"]},{"damage_healed":0,"gold_gain":0,"player_choice":"Got Potions","damage_taken":0,"max_hp_gain":0,"max_hp_loss":0,"event_name":"Lab","floor":7,"gold_loss":0},{"damage_healed":0,"gold_gain":0,"player_choice":"Stole Relic","damage_taken":0,"relics_obtained":["Centennial Puzzle"],"max_hp_gain":0,"max_hp_loss":0,"event_name":"Addict","floor":22,"gold_loss":0,"cards_obtained":["Shame"]}],"is_beta":false,"boss_relics":[{"not_picked":["Snecko Eye","Fusion Hammer"],"picked":"Ectoplasm"}],"items_purged_floors":[],"is_endless":false,"potions_floor_spawned":[1,14,16,18,24,25,29],"killed_by":"Shelled Parasite and Fungi","ascension_level":0}