{"gold_per_floor":[117,117,192,192,367,393,393,408,432,152,152,163,173,189,189,289,289,302,202,202,221,233,148,148,148,148,161,188,63,63,80,80,180,180,198,198,48,48,48,73,73,107,133,133,133,150,165,165,165,165],"floor_reached":51,"playtime":2602,"items_purged":["Strike_R","Doubt","Strike_R","Strike_R"],"score":923,"play_id":"d6c32886-3b5e-4c0b-a4d2-c30a90c1bb0f","local_time":"20180728174422","is_ascension_mode":true,"campfire_choices":[{"data":"Armaments","floor":7.0,"key":"SMITH"},{"data":"Bash","floor":11.0,"key":"SMITH"},{"data":"Burning Pact","floor":15.0,"key":"SMITH"},{"floor":32.0,"key":"REST"},{"floor":45,"key":"REST"},{"floor":49,"key":"REST"}],"neow_cost":"NONE","seed_source_timestamp":521561360785606,"circlet_count":0,"master_deck":["Strike_R","Defend_R","Defend_R","Bash+1","Armaments+1","Thunderclap","Dropkick","Dropkick","Burning Pact+1","Dark Embrace","Offering+1","Corruption+1","Flex+1","Madness+1","Madness+1","Inflame+1","Sentinel+1"],"special_seed":0,"relics":["Burning Blood","NeowsBlessing","Sundial","Champion Belt","Dream Catcher","Sozu","Toxic Egg 2","Nloth\u0027s Gift","Self Forming Clay","Orrery","StoneCalendar","Orichalcum","Art of War"],"potions_floor_usage":[],"damage_taken":[{"damage":0.0,"enemies":"2 Louse","floor":1.0,"turns":1.0},{"damage":0.0,"enemies":"Lagavulin","floor":6.0,"turns":1.0},{"damage":0.0,"enemies":"Jaw Worm","floor":8.0,"turns":1.0},{"damage":0.0,"enemies":"Small Slimes","floor":12.0,"turns":2.0},{"damage":5.0,"enemies":"Blue Slaver","floor":13.0,"turns":3.0},{"damage":4.0,"enemies":"Exordium Thugs","floor":14.0,"turns":4.0},{"damage":48.0,"enemies":"Hexaghost","floor":16.0,"turns":11.0},{"damage":9.0,"enemies":"3 Byrds","floor":18.0,"turns":4.0},{"damage":3.0,"enemies":"Chosen","floor":21.0,"turns":3.0},{"damage":8.0,"enemies":"Snecko","floor":22.0,"turns":4.0},{"damage":23.0,"enemies":"Centurion and Healer","floor":27.0,"turns":7.0},{"damage":19.0,"enemies":"Slavers","floor":28.0,"turns":6.0},{"damage":7.0,"enemies":"Chosen and Byrds","floor":31.0,"turns":4.0},{"damage":5.0,"enemies":"Champ","floor":33.0,"turns":2.0},{"damage":5.0,"enemies":"Flame Bruiser 1 Orb","floor":35.0,"turns":1.0},{"damage":41,"enemies":"Nemesis","floor":40,"turns":4},{"damage":12,"enemies":"2 Orb Walkers","floor":42,"turns":2},{"damage":27,"enemies":"3 Darklings","floor":46,"turns":2},{"damage":5,"enemies":"Maw","floor":47,"turns":1},{"damage":27,"enemies":"Donu and Deca","floor":50,"turns":3}],"seed_played":"2880072715071120528","potions_obtained":[{"floor":8.0,"key":"SteroidPotion"},{"floor":13.0,"key":"Explosive Potion"},{"floor":16.0,"key":"AttackPotion"}],"is_trial":false,"path_per_floor":["M","?","?","?","?","E","R","M","T","$","R","M","M","M","R","B",null,"M","$","?","M","M","?","?","?","T","M","E","$","?","M","R","B",null,"M","?","$","?","?","E","$","E","T","?","R","M","M","?","R","B"],"character_chosen":"IRONCLAD","items_purchased":["DollysMirror"],"campfire_rested":3,"item_purchase_floors":[10],"current_hp_per_floor":[80,73,62,55,55,61,61,67,67,67,67,73,74,76,76,34,80,77,77,61,64,62,62,62,62,62,45,32,32,32,31,55,56,80,80,80,80,80,70,35,35,29,29,29,53,32,33,33,57,36],"gold":165,"neow_bonus":"THREE_ENEMY_KILL","is_prod":false,"is_daily":false,"chose_seed":false,"campfire_upgraded":3,"win_rate":0,"timestamp":1532789062,"path_taken":["M","?","?","?","?","E","R","M","T","$","R","M","M","M","R","BOSS","M","$","?","M","M","?","?","?","T","M","E","$","?","?","R","BOSS","M","?","$","?","?","E","$","E","T","?","R","M","?","?","R","BOSS"],"build_version":"2018-07-26","purchased_purges":4,"victory":true,"max_hp_per_floor":[80,80,80,80,80,80,80,80,80,80,80,80,80,80,80,80,80,80,80,80,80,80,80,80,80,80,80,80,80,80,80,80,80,80,80,80,80,80,80,80,80,80,80,80,80,80,80,80,80,80],"card_choices":[{"not_picked":["Seeing Red","Feel No Pain"],"picked":"Armaments","floor":1.0},{"not_picked":["Cleave","Perfected Strike"],"picked":"Thunderclap","floor":6.0},{"not_picked":["Sword Boomerang","Flex"],"picked":"Dropkick","floor":8.0},{"not_picked":["Ghostly Armor","Shrug It Off","Headbutt"],"picked":"SKIP","floor":12.0},{"not_picked":["Cleave","Infernal Blade","Headbutt"],"picked":"SKIP","floor":13.0},{"not_picked":["Power Through","Wild Strike"],"picked":"Burning Pact","floor":14.0},{"not_picked":["Limit Break","Berserk"],"picked":"Dark Embrace","floor":16.0},{"not_picked":["Flex","Twin Strike+1","Clash"],"picked":"SKIP","floor":18.0},{"not_picked":["Evolve","Sentinel","Shrug It Off"],"picked":"SKIP","floor":21.0},{"not_picked":["Twin Strike","Havoc","Cleave"],"picked":"SKIP","floor":22.0},{"not_picked":["Evolve","Power Through+1","Armaments+1"],"picked":"SKIP","floor":27.0},{"not_picked":["Flex+1","Iron Wave","Clothesline"],"picked":"SKIP","floor":28.0},{"not_picked":["Headbutt","Clothesline"],"picked":"Offering+1","floor":31.0},{"not_picked":["Blood for Blood+1","Hemokinesis"],"picked":"Corruption","floor":34.0},{"not_picked":["Inflame","Bloodletting+1"],"picked":"Flex+1","floor":34.0},{"not_picked":["Sentinel+1","Thunderclap+1","Armaments+1"],"picked":"SKIP","floor":35.0},{"not_picked":["Twin Strike+1","Metallicize+1"],"picked":"Inflame+1","floor":40},{"not_picked":["Clothesline+1","Flex+1"],"picked":"Sentinel+1","floor":42},{"not_picked":["Anger+1","Flex+1","Dual Wield+1"],"picked":"SKIP","floor":46},{"not_picked":["Impervious+1","Power Through+1","Burning Pact+1"],"picked":"SKIP","floor":47}],"player_experience":191029,"relics_obtained":[{"floor":6.0,"key":"Champion Belt"},{"floor":9.0,"key":"Dream Catcher"},{"floor":26.0,"key":"Self Forming Clay"},{"floor":40,"key":"StoneCalendar"},{"floor":42,"key":"Orichalcum"},{"floor":43,"key":"Art of War"}],"event_choices":[{"event_name":"Scrap Ooze","player_choice":"success","floor":2.0,"damage_taken":7.0},{"event_name":"World of Goop","player_choice":"Gather Gold","floor":3.0,"damage_taken":0.0},{"event_name":"Golden Wing","player_choice":"Card Removal","floor":4.0,"damage_taken":0.0},{"event_name":"Liars Game","player_choice":"agreed","floor":5.0,"damage_taken":0.0},{"event_name":"Cursed Tome","player_choice":"Obtained Book","floor":20.0,"damage_taken":0.0},{"event_name":"Addict","player_choice":"Obtained Relic","floor":23.0,"damage_taken":0.0},{"event_name":"Vampires","player_choice":"Ignored","floor":24.0,"damage_taken":0.0},{"event_name":"N\u0027loth","player_choice":"Traded a DollysMirror","floor":25.0,"damage_taken":0.0},{"event_name":"Back to Basics","player_choice":"Elegance","floor":30.0,"damage_taken":0.0},{"event_name":"Mysterious Sphere","player_choice":"Ignore","floor":36.0,"damage_taken":0.0},{"event_name":"Match and Keep!","player_choice":"0 cards matched","floor":38.0,"damage_taken":0.0},{"event_name":"Winding Halls","player_choice":"Embrace Madness","floor":39.0,"damage_taken":0.0},{"event_name":"Upgrade Shrine","player_choice":"Upgraded","floor":44,"damage_taken":0},{"event_name":"Falling","player_choice":"Removed Skill","floor":48,"damage_taken":0}],"is_beta":false,"boss_relics":[{"not_picked":["Fusion Hammer","Runic Dome"],"picked":"Sozu"},{"not_picked":["Calling Bell","Runic Pyramid"],"picked":"Orrery"}],"items_purged_floors":[10,19,29,37],"is_endless":false,"potions_floor_spawned":[8,13,16,21,28,33,42,46],"ascension_level":2}