{"gold_per_floor":[116,134,134,148,167,167,92,66,66,81,81,92,12,28,28,124,124],"floor_reached":17,"playtime":724,"items_purged":["Defend_R","Defend_R"],"score":194,"play_id":"78469cd1-8599-487c-89b3-29e86288dbf0","local_time":"20180816092915","is_ascension_mode":true,"campfire_choices":[{"data":"Flex","floor":6,"key":"SMITH"},{"floor":15,"key":"REST"}],"neow_cost":"NONE","seed_source_timestamp":0,"circlet_count":0,"master_deck":["Bash","Impervious","Pommel Strike","Flex+1","Clash","Thunderclap","Perfected Strike","Offering","Armaments","Iron Wave","Burning Pact","Body Slam","Anger","Perfected Strike"],"special_seed":0,"relics":["Burning Blood","The Courier","Pantograph","Pandora\u0027s Box"],"potions_floor_usage":[5,16,16],"damage_taken":[{"damage":7,"enemies":"Small Slimes","floor":1,"turns":4},{"damage":6,"enemies":"Cultist","floor":2,"turns":4},{"damage":3,"enemies":"2 Louse","floor":4,"turns":3},{"damage":51,"enemies":"Exordium Thugs","floor":5,"turns":7},{"damage":6,"enemies":"Looter","floor":10,"turns":2},{"damage":21,"enemies":"Large Slime","floor":12,"turns":4},{"damage":5,"enemies":"Lots of Slimes","floor":14,"turns":4},{"damage":24,"enemies":"Hexaghost","floor":16,"turns":9}],"seed_played":"-8656549579625655573","potions_obtained":[{"floor":2,"key":"EssenceOfSteel"},{"floor":10,"key":"SpeedPotion"},{"floor":12,"key":"EssenceOfSteel"},{"floor":14,"key":"PowerPotion"}],"is_trial":false,"path_per_floor":["M","M","?","M","M","R","$","?","T","M","?","M","$","M","R","B"],"character_chosen":"IRONCLAD","items_purchased":[],"campfire_rested":1,"item_purchase_floors":[],"current_hp_per_floor":[71,71,71,74,29,29,29,29,29,29,29,14,14,15,39,46,72],"gold":124,"neow_bonus":"ONE_RANDOM_RARE_CARD","is_prod":false,"is_daily":false,"chose_seed":false,"campfire_upgraded":1,"win_rate":0,"timestamp":1534400955,"path_taken":["M","M","?","M","M","R","?","?","T","M","?","?","$","M","R","BOSS"],"build_version":"2018-08-09","purchased_purges":2,"victory":false,"max_hp_per_floor":[80,80,80,80,80,80,80,80,80,80,80,80,80,80,80,80,80],"card_choices":[{"not_picked":["Iron Wave","Havoc"],"picked":"Pommel Strike","floor":1},{"not_picked":["Rampage","Thunderclap"],"picked":"Flex","floor":2},{"not_picked":["Immolate","Armaments"],"picked":"Clash","floor":4},{"not_picked":["Burning Pact","Feel No Pain"],"picked":"Thunderclap","floor":5},{"not_picked":["Warcry","Armaments"],"picked":"Perfected Strike","floor":10},{"not_picked":["Sword Boomerang","Searing Blow","Uppercut"],"picked":"SKIP","floor":12},{"not_picked":["Armaments","Cleave","True Grit"],"picked":"SKIP","floor":14},{"not_picked":["Berserk","Exhume"],"picked":"Offering","floor":16}],"player_experience":205458,"relics_obtained":[{"floor":9,"key":"The Courier"}],"event_choices":[{"event_name":"Wheel of Change","player_choice":"Card Removal","floor":3,"damage_taken":0},{"event_name":"World of Goop","player_choice":"Left","floor":8,"damage_taken":0},{"event_name":"WeMeetAgain","player_choice":"Potion","floor":11,"damage_taken":0}],"is_beta":false,"boss_relics":[{"not_picked":["Tiny House","Lizard Tail"],"picked":"Pandora\u0027s Box"}],"items_purged_floors":[7,13],"is_endless":false,"potions_floor_spawned":[2,10,12,14],"ascension_level":6}