{"gold_per_floor":[118,118,118,136,56,82,92,17,41,54,54,54,54,54,54,156,156,168,188,188,88,108,108,108],"floor_reached":24,"playtime":744,"items_purged":["Bloodletting","Defend_R"],"score":194,"play_id":"ef5d48e7-6b30-4af3-a40a-090b1b6dff67","local_time":"20190528234946","is_ascension_mode":false,"campfire_choices":[{"data":"Bash","floor":13,"key":"SMITH"},{"data":"Dropkick","floor":15,"key":"SMITH"}],"neow_cost":"NONE","seed_source_timestamp":784192365469634,"circlet_count":0,"master_deck":["Strike_R","Strike_R","Strike_R","Defend_R","Defend_R","Defend_R","Bash+1","Dropkick+1"],"relics":["Coffee Dripper","Red Skull","Ancient Tea Set","Pear","Orrery"],"potions_floor_usage":[6,16,22],"damage_taken":[{"damage":0,"enemies":"Small Slimes","floor":1,"turns":3},{"damage":0,"enemies":"Cultist","floor":4,"turns":3},{"damage":26,"enemies":"3 Sentries","floor":6,"turns":10},{"damage":1,"enemies":"Jaw Worm","floor":7,"turns":3},{"damage":0,"enemies":"Exordium Wildlife","floor":10,"turns":3},{"damage":50,"enemies":"The Guardian","floor":16,"turns":9},{"damage":21,"enemies":"2 Thieves","floor":18,"turns":5},{"damage":35,"enemies":"Spheric Guardian","floor":19,"turns":6},{"damage":6,"enemies":"3 Cultists","floor":22,"turns":5},{"damage":35,"enemies":"Chosen and Byrds","floor":24,"turns":3}],"seed_played":"2894237769886994106","potions_obtained":[{"floor":1,"key":"LiquidBronze"},{"floor":4,"key":"Dexterity Potion"},{"floor":7,"key":"Fire Potion"},{"floor":18,"key":"PowerPotion"},{"floor":19,"key":"SpeedPotion"}],"is_trial":false,"path_per_floor":["M","?","?","M","$","E","M","$","T","M","$","T","R","$","R","B",null,"M","M","?","$","M","$","M"],"character_chosen":"IRONCLAD","items_purchased":["Dropkick"],"campfire_rested":0,"item_purchase_floors":[5],"current_hp_per_floor":[80,80,80,80,80,54,53,53,53,53,53,63,63,63,63,13,90,69,34,34,34,28,28,0],"gold":108,"neow_bonus":"BOSS_RELIC","is_prod":false,"is_daily":false,"chose_seed":false,"campfire_upgraded":2,"win_rate":0,"timestamp":1559076586,"path_taken":["M","?","?","?","$","E","M","$","T","M","?","?","R","?","R","BOSS","M","M","?","$","?","$","M"],"build_version":"2019-01-23","purchased_purges":2,"victory":false,"max_hp_per_floor":[80,80,80,80,80,80,80,80,80,80,80,90,90,90,90,90,90,90,90,90,90,90,90,90],"card_choices":[{"not_picked":["Anger","Warcry","Sentinel"],"picked":"SKIP","floor":1},{"not_picked":["Flex","Perfected Strike","Bloodletting"],"picked":"SKIP","floor":4},{"not_picked":["Offering","Thunderclap","Flex"],"picked":"SKIP","floor":6},{"not_picked":["Armaments","Hemokinesis","Havoc"],"picked":"SKIP","floor":7},{"not_picked":["Armaments","Reckless Charge","Clothesline"],"picked":"SKIP","floor":10},{"not_picked":["Burning Pact+1","Wild Strike","Spot Weakness"],"picked":"SKIP","floor":18},{"not_picked":["Clash","Iron Wave+1","Pommel Strike+1"],"picked":"SKIP","floor":19},{"not_picked":["Thunderclap+1","Hemokinesis","Carnage"],"picked":"SKIP","floor":22}],"player_experience":325893,"relics_obtained":[{"floor":6,"key":"Red Skull"},{"floor":9,"key":"Ancient Tea Set"},{"floor":12,"key":"Pear"}],"event_choices":[{"damage_healed":0,"gold_gain":0,"player_choice":"Ignored","damage_taken":0,"max_hp_gain":0,"max_hp_loss":0,"event_name":"Shining Light","floor":2,"gold_loss":0},{"damage_healed":0,"gold_gain":0,"cards_transformed":["Strike_R"],"player_choice":"Transformed","damage_taken":0,"max_hp_gain":0,"max_hp_loss":0,"event_name":"Transmorgrifier","floor":3,"gold_loss":0,"cards_obtained":["Bloodletting"]},{"cards_removed":["Strike_R"],"damage_healed":0,"gold_gain":0,"player_choice":"Purged","damage_taken":0,"max_hp_gain":0,"max_hp_loss":0,"event_name":"Purifier","floor":20,"gold_loss":0}],"is_beta":false,"boss_relics":[{"not_picked":["Philosopher\u0027s Stone","Pandora\u0027s Box"],"picked":"Orrery"}],"items_purged_floors":[8,21],"is_endless":false,"potions_floor_spawned":[1,4,7,18,19],"killed_by":"Chosen and Byrds","ascension_level":0}