{"gold_per_floor":[117,135,154,170,180,281,281,281,281,281,15,38,38,51,51,51],"floor_reached":16,"playtime":710,"items_purged":["Strike_R"],"score":102,"play_id":"6363901a-8110-4e91-8746-286e55a5d899","local_time":"20190114001202","is_ascension_mode":false,"campfire_choices":[{"floor":7.0,"key":"REST"},{"data":"Flex","floor":10.0,"key":"SMITH"},{"data":"Offering","floor":10.0,"key":"SMITH"},{"data":"Dual Wield","floor":15.0,"key":"SMITH"},{"data":"Replay:Undeath\u0027s Touch","floor":15.0,"key":"SMITH"}],"neow_cost":"NONE","seed_source_timestamp":741777267576041,"circlet_count":0,"master_deck":["Strike_R","Strike_R","Strike_R","Strike_R","Defend_R","Defend_R","Defend_R","Defend_R","Bash","Replay:Undeath\u0027s Touch+1","Offering+1","Flex+1","Dual Wield+1"],"special_seed":0,"relics":["Burning Blood","NeowsBlessing","halation:PenCase","ReplayTheSpireMod:TigerMarble","Golden Idol","Letter Opener","halation:Sosunser","Gremlin Horn"],"potions_floor_usage":[16],"damage_taken":[{"damage":0.0,"enemies":"2 Louse","floor":1.0,"turns":1.0},{"damage":0.0,"enemies":"Cultist","floor":3.0,"turns":1.0},{"damage":0.0,"enemies":"Small Slimes","floor":4.0,"turns":1.0},{"damage":16.0,"enemies":"Exordium Thugs","floor":5.0,"turns":3.0},{"damage":60.0,"enemies":"Lagavulin","floor":6.0,"turns":6.0},{"damage":9.0,"enemies":"Lots of Slimes","floor":12.0,"turns":3.0},{"damage":6.0,"enemies":"2 Fungi Beasts","floor":14.0,"turns":1.0},{"damage":38,"enemies":"The Guardian","floor":16,"turns":6}],"seed_played":"4048125349036638973","potions_obtained":[{"floor":1.0,"key":"Fire Potion"},{"floor":3.0,"key":"jedi:holywater"},{"floor":5.0,"key":"LiquidBronze"}],"is_trial":false,"path_per_floor":["M","?","M","M","M","E","R","?","T","R","$","M","?","M","R","B"],"character_chosen":"IRONCLAD","items_purchased":["halation:Sosunser"],"campfire_rested":1,"item_purchase_floors":[11],"current_hp_per_floor":[80,80,80,80,70,16,40,40,40,40,40,37,37,37,37,0],"gold":51,"neow_bonus":"THREE_ENEMY_KILL","is_prod":false,"is_daily":false,"chose_seed":false,"campfire_upgraded":4,"win_rate":0,"timestamp":1547417522,"path_taken":["M","?","?","M","M","E","R","?","T","R","$","M","?","?","R","BOSS"],"build_version":"2019-01-10","purchased_purges":1,"victory":false,"max_hp_per_floor":[80,80,80,80,80,80,80,74,74,74,74,74,74,74,74,74],"card_choices":[{"not_picked":["Warcry","Abandon"],"picked":"Replay:Undeath\u0027s Touch","floor":1.0},{"not_picked":["Warcry","Fire Breathing","ReplayTheSpireMod:Corrosion Curse"],"picked":"SKIP","floor":3.0},{"not_picked":["Twin Strike","Thunderclap"],"picked":"Offering","floor":4.0},{"not_picked":["Headbutt","True Grit","Anger"],"picked":"SKIP","floor":5.0},{"not_picked":["Dropkick","Thunderclap"],"picked":"Flex","floor":6.0},{"not_picked":["Carnage","ReplayTheSpireMod:Stacked"],"picked":"Dual Wield","floor":12.0},{"not_picked":["Life Link","Clothesline","Havoc"],"picked":"SKIP","floor":14.0}],"player_experience":262792,"relics_obtained":[{"floor":2.0,"key":"halation:PenCase"},{"floor":6.0,"key":"ReplayTheSpireMod:TigerMarble"},{"floor":9.0,"key":"Letter Opener"}],"event_choices":[{"damage_healed":0.0,"max_hp_gain":0.0,"max_hp_loss":6.0,"gold_gain":0.0,"event_name":"Golden Idol","player_choice":"Lose Max HP","floor":8.0,"gold_loss":0.0,"damage_taken":0.0,"relics_obtained":["Golden Idol"]},{"damage_healed":0.0,"max_hp_gain":0.0,"max_hp_loss":0.0,"gold_gain":0.0,"event_name":"WeMeetAgain","player_choice":"Gave Potion","floor":13.0,"gold_loss":0.0,"damage_taken":0.0,"relics_obtained":["Gremlin Horn"]}],"is_beta":false,"boss_relics":[],"items_purged_floors":[11],"is_endless":false,"potions_floor_spawned":[1,3,5],"killed_by":"The Guardian","ascension_level":0}