{"gold_per_floor":[115,125,125,125,136,170,170,201,201,211,211,227,227,261,261,363,363,378,16,16,16,31,65,80,80,105,105],"floor_reached":27,"playtime":1060,"items_purged":[],"score":326,"play_id":"c8c5977d-5c10-4386-9e82-b0c2e110289d","local_time":"20190604202636","is_ascension_mode":true,"campfire_choices":[{"data":"Combust","floor":7.0,"key":"SMITH"},{"data":"Rupture","floor":11.0,"key":"SMITH"},{"data":"Carnage","floor":13.0,"key":"SMITH"},{"floor":15.0,"key":"REST"},{"data":"Demon Form","floor":25,"key":"SMITH"}],"neow_cost":"NONE","seed_source_timestamp":4987023394872,"circlet_count":0,"master_deck":["Strike_R","Strike_R","Strike_R","Strike_R","Strike_R","Defend_R","Defend_R","Defend_R","Defend_R","Bash","Combust+1","Carnage+1","Battle Trance","Rupture+1","Reckless Charge","Battle Trance","Shrug It Off","Sword Boomerang","Reaper","Demon Form+1","True Grit","Regret","Intimidate","Twin Strike","Ghostly Armor+1","Writhe"],"special_seed":0,"relics":["Burning Blood","Question Card","Kunai","Dodecahedron","Strawberry","Cursed Key","Bag of Preparation","Bottled Lightning","Regal Pillow","Dream Catcher"],"potions_floor_usage":[16,16,23,27,27],"damage_taken":[{"damage":7.0,"enemies":"Small Slimes","floor":1.0,"turns":3.0},{"damage":14.0,"enemies":"2 Louse","floor":2.0,"turns":3.0},{"damage":8.0,"enemies":"Cultist","floor":5.0,"turns":3.0},{"damage":39.0,"enemies":"Lagavulin","floor":6.0,"turns":5.0},{"damage":18.0,"enemies":"3 Sentries","floor":8.0,"turns":4.0},{"damage":8.0,"enemies":"Blue Slaver","floor":10.0,"turns":3.0},{"damage":23.0,"enemies":"Exordium Thugs","floor":12.0,"turns":4.0},{"damage":19.0,"enemies":"Gremlin Nob","floor":14.0,"turns":3.0},{"damage":20,"enemies":"Hexaghost","floor":16,"turns":9},{"damage":17,"enemies":"2 Thieves","floor":18,"turns":4},{"damage":6,"enemies":"Spheric Guardian","floor":22,"turns":3},{"damage":31,"enemies":"Book of Stabbing","floor":23,"turns":5},{"damage":44,"enemies":"Shelled Parasite and Fungi","floor":24,"turns":5},{"damage":42,"enemies":"Chosen and Byrds","floor":27,"turns":4}],"seed_played":"-8265801382373822533","potions_obtained":[{"floor":1.0,"key":"GamblersBrew"},{"floor":6.0,"key":"Explosive Potion"},{"floor":12.0,"key":"Dexterity Potion"},{"floor":14.0,"key":"Weak Potion"},{"floor":16,"key":"Fire Potion"},{"floor":22,"key":"Ancient Potion"},{"floor":23,"key":"FearPotion"}],"is_trial":false,"path_per_floor":["M","M","?","?","M","E","R","E","T","M","R","M","R","E","R","B",null,"M","$","T","?","M","E","M","R","T","M"],"character_chosen":"IRONCLAD","items_purchased":["Demon Form","Bag of Preparation","True Grit","Weak Potion"],"campfire_rested":1,"item_purchase_floors":[19,19,19,19],"current_hp_per_floor":[87,79,79,88,86,53,53,41,41,39,39,22,22,16,44,30,95,89,89,89,89,89,76,38,38,38,0],"gold":105,"neow_bonus":"TEN_PERCENT_HP_BONUS","is_prod":false,"is_daily":false,"chose_seed":false,"campfire_upgraded":4,"win_rate":0,"timestamp":1559697996,"path_taken":["M","M","?","?","M","E","R","E","T","M","R","M","R","E","R","BOSS","M","$","?","?","?","E","M","R","T","M"],"build_version":"2019-01-23","purchased_purges":0,"victory":false,"max_hp_per_floor":[88,88,88,88,88,88,88,88,88,88,88,88,88,95,95,95,95,95,95,95,95,95,95,95,95,95,95],"card_choices":[{"not_picked":["Rupture","Metallicize"],"picked":"Combust","floor":1.0},{"not_picked":["Heavy Blade","Iron Wave"],"picked":"Carnage","floor":2.0},{"not_picked":["Burning Pact","Metallicize"],"picked":"Battle Trance","floor":5.0},{"not_picked":["Havoc","Hemokinesis"],"picked":"Rupture","floor":6.0},{"not_picked":["Juggernaut","Cleave","Sever Soul"],"picked":"Reckless Charge","floor":8.0},{"not_picked":["Searing Blow","Thunderclap","Whirlwind"],"picked":"Battle Trance","floor":10.0},{"not_picked":["Iron Wave","Pommel Strike","Anger"],"picked":"Shrug It Off","floor":12.0},{"not_picked":["Dropkick","Iron Wave","Sever Soul"],"picked":"Sword Boomerang","floor":14.0},{"not_picked":["Exhume","Impervious","Juggernaut"],"picked":"Reaper","floor":16},{"not_picked":["Clothesline","Armaments","Perfected Strike","Bloodletting"],"picked":"SKIP","floor":18},{"not_picked":["Armaments","Hemokinesis","Blood for Blood+1"],"picked":"Intimidate","floor":22},{"not_picked":["Pommel Strike","Body Slam","Second Wind"],"picked":"Twin Strike","floor":23},{"not_picked":["Havoc+1","Shrug It Off","Headbutt"],"picked":"Ghostly Armor+1","floor":24}],"player_experience":11539,"relics_obtained":[{"floor":6.0,"key":"Question Card"},{"floor":8.0,"key":"Kunai"},{"floor":9.0,"key":"Dodecahedron"},{"floor":14.0,"key":"Strawberry"},{"floor":20,"key":"Bottled Lightning"},{"floor":23,"key":"Regal Pillow"},{"floor":26,"key":"Dream Catcher"}],"event_choices":[{"damage_healed":0.0,"max_hp_gain":0.0,"max_hp_loss":0.0,"gold_gain":0.0,"event_name":"Liars Game","player_choice":"Ignored","floor":3.0,"gold_loss":0.0,"damage_taken":0.0},{"damage_healed":9.0,"max_hp_gain":0.0,"max_hp_loss":0.0,"gold_gain":0.0,"event_name":"Wheel of Change","player_choice":"Full Heal","floor":4.0,"gold_loss":0.0,"damage_taken":0.0}],"is_beta":false,"boss_relics":[{"not_picked":["White Beast Statue","Mark of Pain"],"picked":"Cursed Key"}],"items_purged_floors":[],"is_endless":false,"potions_floor_spawned":[1,6,12,14,16,22,23],"killed_by":"Chosen and Byrds","ascension_level":4}