{"gold_per_floor":[119,294,313,329,181,181,207,207,207,222,322,333,161,176,176,278,278,296,296,314,346,365,365,397,397,422,436,53,73,91,91,91,190,190,207,22,39,55,55,89,100,117,117,117,127,227,237,247,247,247],"floor_reached":50,"playtime":2482,"items_purged":["Doubt","Strike_R","Evolve","Bite"],"score":575,"play_id":"bc3015b7-4fed-4af5-9c33-20f6471369fb","local_time":"20181027114332","is_ascension_mode":false,"campfire_choices":[{"data":"Bash","floor":6,"key":"SMITH"},{"data":"Flex","floor":8,"key":"SMITH"},{"floor":15,"key":"REST"},{"floor":23,"key":"REST"},{"floor":32,"key":"REST"},{"data":"Corruption","floor":44,"key":"SMITH"},{"floor":49,"key":"REST"}],"neow_cost":"NONE","seed_source_timestamp":782439304165818,"circlet_count":0,"master_deck":["Defend_R","Defend_R","Defend_R","Defend_R","Bash+1","Cleave","Burning Pact","Sentinel","Sentinel","Flex+1","Whirlwind","Sever Soul","Shockwave","Dark Embrace","Armaments+1","Dual Wield","Sentinel","Inflame","Master of Strategy","Offering","Bite","Bite","Bite","Bite","Demon Form","Inflame","Spot Weakness","Corruption+1","Spot Weakness","Whirlwind","Flex+1","Dropkick","Flex+1"],"relics":["Burning Blood","Dodecahedron","Bronze Scales","Sozu","Enchiridion","Red Mask","Mercury Hourglass","MutagenicStrength","Centennial Puzzle","Cursed Key","Omamori","Darkstone Periapt","Turnip"],"potions_floor_usage":[7,16,16,20,29],"damage_taken":[{"damage":5,"enemies":"Small Slimes","floor":1,"turns":3},{"damage":11,"enemies":"Jaw Worm","floor":3,"turns":4},{"damage":6,"enemies":"Cultist","floor":4,"turns":3},{"damage":35,"enemies":"Lagavulin","floor":7,"turns":6},{"damage":6,"enemies":"3 Louse","floor":10,"turns":2},{"damage":19,"enemies":"Blue Slaver","floor":12,"turns":3},{"damage":13,"enemies":"Red Slaver","floor":14,"turns":2},{"damage":32,"enemies":"Slime Boss","floor":16,"turns":7},{"damage":3,"enemies":"3 Byrds","floor":18,"turns":3},{"damage":14,"enemies":"2 Thieves","floor":20,"turns":2},{"damage":19,"enemies":"Masked Bandits","floor":21,"turns":3},{"damage":12,"enemies":"Snecko","floor":22,"turns":3},{"damage":43,"enemies":"Book of Stabbing","floor":24,"turns":5},{"damage":12,"enemies":"Shelled Parasite and Fungi","floor":27,"turns":3},{"damage":17,"enemies":"Centurion and Healer","floor":29,"turns":4},{"damage":6,"enemies":"Cultist and Chosen","floor":30,"turns":4},{"damage":36,"enemies":"Automaton","floor":33,"turns":4},{"damage":40,"enemies":"3 Darklings","floor":35,"turns":3},{"damage":6,"enemies":"3 Shapes","floor":37,"turns":2},{"damage":6,"enemies":"Maw","floor":38,"turns":4},{"damage":12,"enemies":"Reptomancer","floor":40,"turns":2},{"damage":7,"enemies":"3 Darklings","floor":41,"turns":2},{"damage":6,"enemies":"Transient","floor":42,"turns":5},{"damage":8,"enemies":"Spire Growth","floor":45,"turns":2},{"damage":6,"enemies":"Mind Bloom Boss Battle","floor":46,"turns":4},{"damage":6,"enemies":"Maw","floor":47,"turns":4},{"damage":28,"enemies":"Transient","floor":48,"turns":5},{"damage":61,"enemies":"Time Eater","floor":50,"turns":3}],"seed_played":"-4803532191975172459","potions_obtained":[{"floor":1,"key":"Ancient Potion"},{"floor":4,"key":"Fire Potion"},{"floor":10,"key":"FearPotion"},{"floor":12,"key":"AttackPotion"},{"floor":16,"key":"PowerPotion"}],"is_trial":false,"path_per_floor":["M","?","M","M","$","R","E","R","T","M","?","M","$","M","R","B",null,"M","?","M","?","M","R","E","?","T","M","$","M","M","?","R","B",null,"M","$","M","M","?","E","M","M","T","R","M","?","M","M","R"],"character_chosen":"IRONCLAD","items_purchased":["Sentinel","Corruption","Inflame","Master of Strategy","Inflame"],"campfire_rested":4,"item_purchase_floors":[5,13,28,28,36],"current_hp_per_floor":[80,80,75,75,75,75,46,46,46,46,46,33,33,26,50,24,80,80,64,56,43,37,61,24,24,24,18,18,7,7,7,23,22,56,31,31,31,46,46,42,41,46,46,46,52,56,56,40,56,0],"gold":247,"neow_bonus":"THREE_CARDS","is_prod":false,"is_daily":false,"chose_seed":false,"campfire_upgraded":3,"win_rate":0,"timestamp":1540629812,"path_taken":["M","?","M","M","$","R","E","R","T","M","?","M","$","M","R","BOSS","M","?","M","?","?","R","E","?","T","M","$","M","M","?","R","BOSS","M","$","M","M","?","E","?","M","T","R","M","?","M","M","R","BOSS"],"build_version":"2018-10-25v2","purchased_purges":4,"victory":false,"max_hp_per_floor":[80,80,80,80,80,80,80,80,80,80,80,80,80,80,80,80,80,80,80,80,80,80,80,80,80,80,80,80,80,80,56,56,56,56,56,56,56,56,56,56,56,56,56,56,56,56,56,56,56,56],"card_choices":[{"not_picked":["True Grit","Headbutt"],"picked":"Cleave","floor":0},{"not_picked":["Fire Breathing","Body Slam"],"picked":"Evolve","floor":1},{"not_picked":["Cleave","Disarm"],"picked":"Burning Pact","floor":3},{"not_picked":["Intimidate","Flame Barrier"],"picked":"Sentinel","floor":4},{"not_picked":["Headbutt","Flame Barrier"],"picked":"Flex","floor":7},{"not_picked":["Reaper","Seeing Red"],"picked":"Whirlwind","floor":10},{"not_picked":["Shrug It Off","Warcry"],"picked":"Sever Soul","floor":12},{"not_picked":["Iron Wave","Clothesline"],"picked":"Shockwave","floor":14},{"not_picked":["Bludgeon","Impervious"],"picked":"Dark Embrace","floor":16},{"not_picked":["Clash","True Grit","Clothesline"],"picked":"SKIP","floor":18},{"not_picked":["Power Through","Infernal Blade","Iron Wave"],"picked":"SKIP","floor":20},{"not_picked":["Warcry+1","Battle Trance"],"picked":"Armaments+1","floor":21},{"not_picked":["Perfected Strike","Body Slam","Evolve"],"picked":"SKIP","floor":22},{"not_picked":["True Grit","Headbutt"],"picked":"Dual Wield","floor":24},{"not_picked":["Armaments","Iron Wave"],"picked":"Sentinel","floor":27},{"not_picked":["Disarm","Flex"],"picked":"Offering","floor":29},{"not_picked":["Body Slam","Thunderclap","Searing Blow"],"picked":"SKIP","floor":30},{"not_picked":["Offering","Juggernaut"],"picked":"Demon Form","floor":33},{"not_picked":["Headbutt","Iron Wave","Anger"],"picked":"SKIP","floor":35},{"not_picked":["Clash","Body Slam"],"picked":"Spot Weakness","floor":37},{"not_picked":["Ghostly Armor","Power Through"],"picked":"Corruption","floor":38},{"not_picked":["Immolate","Ghostly Armor+1"],"picked":"Spot Weakness","floor":40},{"not_picked":["Flame Barrier","Disarm"],"picked":"Whirlwind","floor":41},{"not_picked":["Sever Soul","Metallicize","Armaments"],"picked":"SKIP","floor":42},{"not_picked":["Ghostly Armor+1","Infernal Blade+1","Perfected Strike"],"picked":"SKIP","floor":45},{"not_picked":["Havoc+1","Cleave"],"picked":"Flex+1","floor":46},{"not_picked":["Clothesline","Power Through"],"picked":"Dropkick","floor":47},{"not_picked":["Sentinel","Headbutt+1"],"picked":"Flex+1","floor":48}],"player_experience":242833,"relics_obtained":[{"floor":7,"key":"Dodecahedron"},{"floor":9,"key":"Bronze Scales"},{"floor":19,"key":"Enchiridion"},{"floor":21,"key":"Red Mask"},{"floor":24,"key":"Mercury Hourglass"},{"floor":26,"key":"Centennial Puzzle"},{"floor":40,"key":"Omamori"},{"floor":43,"key":"Darkstone Periapt"},{"floor":46,"key":"Turnip"}],"event_choices":[{"damage_healed":0,"gold_gain":175,"player_choice":"AGREE","damage_taken":0,"max_hp_gain":0,"max_hp_loss":0,"event_name":"Liars Game","floor":2,"gold_loss":0,"cards_obtained":["Doubt"]},{"damage_healed":0,"gold_gain":100,"player_choice":"Pray","damage_taken":0,"max_hp_gain":0,"max_hp_loss":0,"event_name":"Golden Shrine","floor":11,"gold_loss":0},{"damage_healed":0,"gold_gain":0,"player_choice":"Obtained Book","damage_taken":16,"max_hp_gain":0,"max_hp_loss":0,"event_name":"Cursed Tome","floor":19,"gold_loss":0},{"damage_healed":0,"gold_gain":0,"player_choice":"Fought Bandits","damage_taken":0,"max_hp_gain":0,"max_hp_loss":0,"event_name":"Masked Bandits","floor":21,"gold_loss":0},{"damage_healed":0,"gold_gain":0,"player_choice":"Inject Mutagens","damage_taken":0,"relics_obtained":["MutagenicStrength"],"max_hp_gain":0,"max_hp_loss":0,"event_name":"Drug Dealer","floor":25,"gold_loss":0},{"damage_healed":0,"gold_gain":0,"player_choice":"Became a vampire","damage_taken":0,"max_hp_gain":0,"max_hp_loss":24,"event_name":"Vampires","floor":31,"gold_loss":0,"cards_obtained":["Bite","Bite","Bite","Bite","Bite"]},{"cards_removed":["Corruption"],"damage_healed":0,"gold_gain":0,"player_choice":"Removed Power","damage_taken":0,"max_hp_gain":0,"max_hp_loss":0,"event_name":"Falling","floor":39,"gold_loss":0},{"damage_healed":0,"gold_gain":0,"player_choice":"Fight","damage_taken":0,"max_hp_gain":0,"max_hp_loss":0,"event_name":"MindBloom","floor":46,"gold_loss":0}],"is_beta":false,"boss_relics":[{"not_picked":["Runic Cube","Busted Crown"],"picked":"Sozu"},{"not_picked":["Snecko Eye","Runic Pyramid"],"picked":"Cursed Key"}],"items_purged_floors":[5,13,28,36],"is_endless":false,"potions_floor_spawned":[1,4,10,12,16,18,21,22,24,37,41,42,46],"killed_by":"Time Eater","ascension_level":0}