{"gold_per_floor":[113,128,139,314,86,86,113,140,189,222,238,272,272,303,303,404,404,421,16,0,0,0,11,23,23,72,102,102,102,102,115,115,213,213,233,143,35,49,68,68,94,104,104,204,204,239,239,255,255,255],"floor_reached":51,"playtime":3429,"items_purged":["Doubt","Strike_R"],"score":1044,"play_id":"dba0973b-c7d3-471d-a572-8ea44dde678b","local_time":"20190607221019","is_ascension_mode":true,"campfire_choices":[{"data":"Armaments","floor":6.0,"key":"SMITH"},{"data":"Combust","floor":13.0,"key":"SMITH"},{"data":"True Grit","floor":15.0,"key":"SMITH"},{"data":"Shockwave","floor":25.0,"key":"SMITH"},{"data":"Flame Barrier","floor":28.0,"key":"SMITH"},{"data":"Uppercut","floor":30.0,"key":"SMITH"},{"floor":32.0,"key":"REST"},{"data":"Limit Break","floor":40.0,"key":"SMITH"},{"floor":45.0,"key":"REST"},{"data":"Combust","floor":47.0,"key":"SMITH"},{"data":"Disarm","floor":49,"key":"SMITH"}],"neow_cost":"NONE","seed_source_timestamp":0,"circlet_count":0,"master_deck":["Strike_R","Strike_R","Defend_R+1","Defend_R","Defend_R","Defend_R+1","Bash","True Grit+1","Armaments+1","Thunderclap","Shrug It Off","Headbutt","Combust+1","Reaper+1","Pommel Strike","Sword Boomerang","True Grit","Barricade","Flame Barrier+1","Shrug It Off","Combust+1","Intimidate","PanicButton","Uppercut+1","Spot Weakness","Shockwave+1","Writhe","Demon Form+1","Regret","Metallicize+1","Limit Break+1","Metallicize+1","Armaments","Twin Strike","Corruption+1","Disarm+1","Ghostly Armor+1","Parasite","Rupture+1","Dual Wield+1","Shockwave+1"],"special_seed":0,"relics":["Burning Blood","Potion Belt","Orichalcum","Bronze Scales","Bottled Lightning","Kunai","War Paint","Cursed Key","Bag of Preparation","Frozen Egg 2","Red Skull","Velvet Choker","Darkstone Periapt","Dodecahedron","Gambling Chip","Pear"],"potions_floor_usage":[50],"damage_taken":[{"damage":2.0,"enemies":"Small Slimes","floor":1.0,"turns":4.0},{"damage":3.0,"enemies":"Jaw Worm","floor":2.0,"turns":4.0},{"damage":6.0,"enemies":"Cultist","floor":3.0,"turns":3.0},{"damage":25.0,"enemies":"Lagavulin","floor":7.0,"turns":8.0},{"damage":15.0,"enemies":"3 Sentries","floor":10.0,"turns":3.0},{"damage":11.0,"enemies":"Large Slime","floor":11.0,"turns":6.0},{"damage":22.0,"enemies":"Gremlin Nob","floor":12.0,"turns":4.0},{"damage":23.0,"enemies":"Lagavulin","floor":14.0,"turns":7.0},{"damage":19.0,"enemies":"Hexaghost","floor":16.0,"turns":11.0},{"damage":11.0,"enemies":"Shell Parasite","floor":18.0,"turns":6.0},{"damage":0.0,"enemies":"2 Thieves","floor":20.0,"turns":4.0},{"damage":19.0,"enemies":"Centurion and Healer","floor":23.0,"turns":8.0},{"damage":21.0,"enemies":"Sentry and Sphere","floor":24.0,"turns":5.0},{"damage":12.0,"enemies":"Book of Stabbing","floor":27.0,"turns":5.0},{"damage":43.0,"enemies":"3 Cultists","floor":31.0,"turns":6.0},{"damage":65.0,"enemies":"Champ","floor":33.0,"turns":12.0},{"damage":1.0,"enemies":"3 Shapes","floor":35.0,"turns":6.0},{"damage":43.0,"enemies":"3 Darklings","floor":38.0,"turns":10.0},{"damage":37.0,"enemies":"4 Shapes","floor":39.0,"turns":5.0},{"damage":14.0,"enemies":"Giant Head","floor":41.0,"turns":8.0},{"damage":38.0,"enemies":"Jaw Worm Horde","floor":42.0,"turns":5.0},{"damage":31.0,"enemies":"Mind Bloom Boss Battle","floor":44.0,"turns":5.0},{"damage":41.0,"enemies":"Reptomancer","floor":46.0,"turns":8.0},{"damage":8,"enemies":"Maw","floor":48,"turns":6},{"damage":78,"enemies":"Time Eater","floor":50,"turns":10}],"seed_played":"2261226561320647221","potions_obtained":[{"floor":2.0,"key":"GamblersBrew"},{"floor":3.0,"key":"Block Potion"},{"floor":7.0,"key":"GamblersBrew"},{"floor":12.0,"key":"LiquidBronze"},{"floor":14.0,"key":"Block Potion"},{"floor":23.0,"key":"Explosive Potion"},{"floor":31.0,"key":"Poison Potion"},{"floor":33.0,"key":"Dexterity Potion"},{"floor":35.0,"key":"Energy Potion"},{"floor":38.0,"key":"Energy Potion"},{"floor":39.0,"key":"FairyPotion"},{"floor":48,"key":"BloodPotion"}],"is_trial":false,"path_per_floor":["M","M","M","?","$","R","E","T","T","E","M","E","R","E","R","B",null,"M","$","M","?","?","M","M","R","T","E","R","T","R","M","R","B",null,"M","?","$","M","M","R","E","M","T","?","R","E","R","M","R","B",null],"character_chosen":"IRONCLAD","items_purchased":["Headbutt","Weak Potion","Combust","Shrug It Off","Combust","Intimidate","Strength Potion","PanicButton","Metallicize+1","Armaments"],"campfire_rested":2,"item_purchase_floors":[5,5,5,19,19,19,19,19,37,37],"current_hp_per_floor":[76,79,79,79,79,79,60,60,60,66,61,45,45,28,28,15,64,59,59,65,65,65,52,45,45,45,49,49,49,49,33,57,22,66,80,80,80,80,49,49,75,43,49,24,49,61,61,90,90,27],"gold":255,"neow_bonus":"TRANSFORM_CARD","is_prod":false,"is_daily":false,"chose_seed":false,"campfire_upgraded":9,"win_rate":0,"timestamp":1559963419,"path_taken":["M","M","M","?","$","R","E","?","T","E","M","E","R","E","R","BOSS","M","$","?","?","?","M","M","R","T","E","R","?","R","M","R","BOSS","M","?","$","?","M","R","E","M","T","?","R","E","R","M","R","BOSS"],"build_version":"2019-01-23","purchased_purges":2,"victory":true,"max_hp_per_floor":[80,80,80,80,80,80,80,80,80,80,80,80,80,80,80,80,80,80,80,80,80,80,80,80,80,80,80,80,80,80,80,80,80,80,80,80,80,80,80,80,80,80,86,86,86,96,96,96,96,96],"card_choices":[{"not_picked":["Body Slam","Hemokinesis"],"picked":"Armaments","floor":1.0},{"not_picked":["Flex","Fire Breathing"],"picked":"Thunderclap","floor":2.0},{"not_picked":["Rage","Wild Strike"],"picked":"Shrug It Off","floor":3.0},{"not_picked":["Metallicize","Headbutt"],"picked":"Reaper","floor":7.0},{"not_picked":["Carnage","Entrench"],"picked":"Pommel Strike","floor":10.0},{"not_picked":["Clothesline","Entrench"],"picked":"Sword Boomerang","floor":11.0},{"not_picked":["Clash","Dual Wield","Bludgeon"],"picked":"SKIP","floor":12.0},{"not_picked":["Flex","Clash"],"picked":"True Grit","floor":14.0},{"not_picked":["Limit Break","Exhume"],"picked":"Barricade","floor":16.0},{"not_picked":["Headbutt","Armaments"],"picked":"Flame Barrier","floor":18.0},{"not_picked":["Clash","Headbutt"],"picked":"Uppercut","floor":20.0},{"not_picked":["Body Slam","Pommel Strike","Iron Wave"],"picked":"SKIP","floor":23.0},{"not_picked":["Entrench","True Grit"],"picked":"Shockwave","floor":24.0},{"not_picked":["Rupture","Shrug It Off"],"picked":"Demon Form","floor":27.0},{"not_picked":["Headbutt+1","Twin Strike+1"],"picked":"Metallicize+1","floor":31.0},{"not_picked":["Fiend Fire","Double Tap"],"picked":"Limit Break","floor":33.0},{"not_picked":["Hemokinesis","Searing Blow+1","Bloodletting"],"picked":"SKIP","floor":35.0},{"not_picked":["Evolve+1","Wild Strike"],"picked":"Twin Strike","floor":38.0},{"not_picked":["Ghostly Armor+1","Intimidate"],"picked":"Corruption+1","floor":39.0},{"not_picked":["Clash+1","Wild Strike"],"picked":"Disarm","floor":41.0},{"not_picked":["Carnage+1","Headbutt"],"picked":"Ghostly Armor+1","floor":42.0},{"not_picked":["Disarm+1","Cleave"],"picked":"Rupture+1","floor":44.0},{"not_picked":["Wild Strike","Headbutt"],"picked":"Dual Wield+1","floor":46.0},{"not_picked":["Cleave","Rage+1"],"picked":"Shockwave+1","floor":48}],"player_experience":40052,"relics_obtained":[{"floor":7.0,"key":"Potion Belt"},{"floor":8.0,"key":"Orichalcum"},{"floor":9.0,"key":"Bronze Scales"},{"floor":10.0,"key":"Bottled Lightning"},{"floor":12.0,"key":"Kunai"},{"floor":14.0,"key":"War Paint"},{"floor":26.0,"key":"Bag of Preparation"},{"floor":27.0,"key":"Frozen Egg 2"},{"floor":29.0,"key":"Red Skull"},{"floor":41.0,"key":"Darkstone Periapt"},{"floor":43.0,"key":"Dodecahedron"},{"floor":44.0,"key":"Gambling Chip"},{"floor":46.0,"key":"Pear"}],"event_choices":[{"damage_healed":0.0,"max_hp_gain":0.0,"max_hp_loss":0.0,"gold_gain":175.0,"event_name":"Liars Game","player_choice":"AGREE","floor":4.0,"gold_loss":0.0,"damage_taken":0.0,"cards_obtained":["Doubt"]},{"damage_healed":0.0,"max_hp_gain":0.0,"max_hp_loss":0.0,"gold_gain":0.0,"event_name":"The Library","player_choice":"Read","floor":21.0,"gold_loss":0.0,"damage_taken":0.0,"cards_obtained":["Spot Weakness"]},{"cards_removed":["Strike_R"],"damage_healed":0.0,"max_hp_gain":0.0,"max_hp_loss":0.0,"gold_gain":0.0,"event_name":"Designer","player_choice":"Upgrade and Remove","floor":36.0,"gold_loss":90.0,"damage_taken":0.0,"cards_upgraded":["Reaper"]},{"damage_healed":0.0,"max_hp_gain":0.0,"max_hp_loss":0.0,"gold_gain":0.0,"event_name":"MindBloom","player_choice":"Fight","floor":44.0,"gold_loss":0.0,"damage_taken":0.0}],"is_beta":false,"boss_relics":[{"not_picked":["Tiny House","Philosopher\u0027s Stone"],"picked":"Cursed Key"},{"not_picked":["Runic Pyramid","Pandora\u0027s Box"],"picked":"Velvet Choker"}],"items_purged_floors":[5,19],"is_endless":false,"potions_floor_spawned":[2,3,7,12,14,23,31,33,35,38,39,48],"ascension_level":6}