{"path_per_floor":["M","$","M","?","?","E","R","?","T","E","$","R","M","M","R","B",null,"M","?","M","$","?","R","M","R","T","R","?","$","M","$","R"],"character_chosen":"DEFECT","items_purchased":["Frozen Egg 2","Doom and Gloom","Self Repair+1","Toolbox","Electrodynamics+1"],"gold_per_floor":[367,68,80,80,255,282,282,282,282,317,6,6,16,29,29,127,127,140,140,152,8,8,8,26,26,26,26,26,26,40,40,40,40],"floor_reached":33,"campfire_rested":0,"playtime":1005,"item_purchase_floors":[2,2,11,11,21],"current_hp_per_floor":[64,64,63,63,63,33,33,33,33,25,25,25,33,47,47,30,68,52,46,39,39,39,39,28,28,28,28,28,28,6,6,6,0],"items_purged":[],"gold":40,"score":289,"play_id":"a5bc4e0a-d653-486d-867d-672efbda130b","local_time":"20180615222036","is_prod":false,"is_daily":false,"chose_seed":false,"is_ascension_mode":true,"campfire_upgraded":4,"win_rate":0,"timestamp":1529072436,"campfire_choices":[{"data":"1","floor":7,"key":"LIFT"},{"data":"Thunder Strike","floor":12,"key":"SMITH"},{"data":"2","floor":15,"key":"LIFT"},{"data":"3","floor":23,"key":"LIFT"},{"data":"RitualDagger","floor":25,"key":"SMITH"},{"data":"Hologram","floor":27,"key":"SMITH"},{"data":"Auto Shields","floor":32,"key":"SMITH"}],"path_taken":["M","$","M","?","?","E","R","?","T","E","$","R","M","M","R","BOSS","M","?","M","?","?","R","M","R","T","R","?","$","M","?","R","BOSS"],"build_version":"2018-06-14v2","seed_source_timestamp":49808151582102,"purchased_purges":0,"victory":false,"master_deck":["Strike_B","Strike_B","Strike_B","Strike_B","Defend_B","Defend_B","Defend_B","Defend_B","Zap+1","Dualcast","Ball Lightning","Doom and Gloom","Streamline","Core Surge","Thunder Strike+1","Self Repair+1","Hologram+1","Storm+1","Echo Form+1","Ball Lightning","RitualDagger+1","Auto Shields+1","Electrodynamics+1","Decay","Creative AI+1"],"max_hp_per_floor":[68,68,68,68,68,68,68,68,68,68,68,68,68,68,68,68,68,68,68,68,68,68,68,68,68,68,68,68,68,68,68,68,68],"relics":["Cracked Core","Frozen Egg 2","Girya","Emotion Chip","Juzu Bracelet","Toolbox","Coffee Dripper","Cables"],"card_choices":[{"not_picked":["Redo","Beam Cell"],"picked":"Ball Lightning","floor":1},{"not_picked":["Meteor Strike","FTL"],"picked":"Streamline","floor":3},{"not_picked":["Beam Cell","Doom and Gloom"],"picked":"Core Surge","floor":6},{"not_picked":["Leap","Scrape"],"picked":"Thunder Strike","floor":10},{"not_picked":["Fusion","Conserve Battery"],"picked":"Hologram","floor":13},{"not_picked":["Beam Cell","Heatsinks+1"],"picked":"Storm+1","floor":14},{"not_picked":["Hyperbeam","Multi-Cast"],"picked":"Echo Form+1","floor":16},{"not_picked":["Sweeping Beam","Rebound"],"picked":"Ball Lightning","floor":18},{"not_picked":["Streamline","Go for the Eyes"],"picked":"Auto Shields","floor":20},{"not_picked":["Leap","Chill","Redo+1"],"picked":"SKIP","floor":24},{"not_picked":["Hologram","Go for the Eyes"],"picked":"Creative AI+1","floor":30}],"player_experience":133214,"potions_floor_usage":[10,30,33,33],"damage_taken":[{"damage":4,"enemies":"2 Louse","floor":1,"turns":4},{"damage":1,"enemies":"Cultist","floor":3,"turns":3},{"damage":30,"enemies":"Lagavulin","floor":6,"turns":5},{"damage":13,"enemies":"3 Sentries","floor":10,"turns":3},{"damage":2,"enemies":"Jaw Worm","floor":13,"turns":2},{"damage":0,"enemies":"Large Slime","floor":14,"turns":4},{"damage":27,"enemies":"Slime Boss","floor":16,"turns":7},{"damage":16,"enemies":"Chosen","floor":18,"turns":3},{"damage":17,"enemies":"Shell Parasite","floor":20,"turns":4},{"damage":21,"enemies":"Centurion and Healer","floor":24,"turns":3},{"damage":38,"enemies":"Snake Plant","floor":30,"turns":3},{"damage":17,"enemies":"Automaton","floor":33,"turns":4}],"relics_obtained":[{"floor":6,"key":"Girya"},{"floor":9,"key":"Emotion Chip"},{"floor":10,"key":"Juzu Bracelet"},{"floor":26,"key":"Cables"}],"event_choices":[{"event_name":"Upgrade Shrine","player_choice":"Upgraded","floor":4,"damage_taken":0},{"event_name":"Liars Game","player_choice":"agreed","floor":5,"damage_taken":0},{"event_name":"Fountain of Cleansing","player_choice":"Removed Curse","floor":8,"damage_taken":0},{"event_name":"Nest","player_choice":"Joined the Cult","floor":19,"damage_taken":0},{"event_name":"Beggar","player_choice":"Ignored","floor":22,"damage_taken":0},{"event_name":"Forgotten Altar","player_choice":"Smashed Altar","floor":28,"damage_taken":0}],"boss_relics":[{"not_picked":["Black Star","Orrery"],"picked":"Coffee Dripper"}],"items_purged_floors":[],"is_endless":false,"potions_floor_spawned":[1,3,6,13,16,20,30],"seed_played":"2776278305840315203","killed_by":"Automaton","ascension_level":3,"potions_obtained":[{"floor":1,"key":"FearPotion"},{"floor":3,"key":"FearPotion"},{"floor":6,"key":"Regen Potion"},{"floor":13,"key":"FairyPotion"},{"floor":16,"key":"Block Potion"},{"floor":20,"key":"Strength Potion"},{"floor":30,"key":"Explosive Potion"}],"is_trial":false}