{"gold_per_floor":[216,216,216,16,34,34,51,81,81,6,19,19,33,66,66,161,161,161,83,53,53,53,53,53,14,14,14,14,14,14,14,14,14,14,14,14,14,14,14,14,14,14,14,14,14,14,14,14,14,14],"floor_reached":51,"playtime":4005,"items_purged":["Strike_R"],"score":1082,"play_id":"d733368e-7ee3-43eb-b7ea-5a22e6d45b00","local_time":"20190510124857","is_ascension_mode":true,"campfire_choices":[{"data":"Armaments","floor":6.0,"key":"SMITH"},{"data":"Inflame","floor":12.0,"key":"SMITH"},{"data":"Body Slam","floor":15.0,"key":"SMITH"},{"data":"Barricade","floor":24.0,"key":"SMITH"},{"data":"Inflame","floor":29.0,"key":"SMITH"},{"data":"Offering","floor":32.0,"key":"SMITH"},{"data":"Armaments","floor":44,"key":"SMITH"},{"data":"Impervious","floor":46,"key":"SMITH"},{"floor":49,"key":"REST"}],"neow_cost":"NONE","seed_source_timestamp":467325919180650,"circlet_count":0,"master_deck":["AscendersBane","Strike_R","Strike_R","Strike_R","Defend_R","Defend_R","Defend_R+1","Bash","True Grit","Armaments+1","Shrug It Off","Twin Strike","Inflame+1","Body Slam+1","Offering+1","Shrug It Off","Ghostly Armor+1","Whirlwind","Barricade+1","Inflame+1","Shrug It Off","Double Tap","Shrug It Off+1","Parasite","Armaments+1","Impervious+1"],"special_seed":0,"relics":["Burning Blood","Orichalcum","Gambling Chip","Torii","Ectoplasm","Nloth\u0027s Gift","Bag of Marbles","War Paint","Busted Crown","Self Forming Clay","Pen Nib"],"potions_floor_usage":[40,48],"damage_taken":[{"damage":20.0,"enemies":"Small Slimes","floor":1.0,"turns":4.0},{"damage":10.0,"enemies":"2 Louse","floor":5.0,"turns":3.0},{"damage":8.0,"enemies":"Jaw Worm","floor":7.0,"turns":4.0},{"damage":24.0,"enemies":"3 Sentries","floor":8.0,"turns":14.0},{"damage":2.0,"enemies":"Large Slime","floor":11.0,"turns":5.0},{"damage":1.0,"enemies":"Exordium Thugs","floor":13.0,"turns":4.0},{"damage":20.0,"enemies":"Lagavulin","floor":14.0,"turns":10.0},{"damage":7.0,"enemies":"Hexaghost","floor":16.0,"turns":8.0},{"damage":6.0,"enemies":"Shell Parasite","floor":18.0,"turns":3.0},{"damage":6.0,"enemies":"2 Thieves","floor":20.0,"turns":4.0},{"damage":6.0,"enemies":"Chosen and Byrds","floor":22.0,"turns":5.0},{"damage":20.0,"enemies":"Slavers","floor":23.0,"turns":6.0},{"damage":7.0,"enemies":"Snake Plant","floor":28.0,"turns":4.0},{"damage":7.0,"enemies":"Shelled Parasite and Fungi","floor":30.0,"turns":8.0},{"damage":7.0,"enemies":"Centurion and Healer","floor":31.0,"turns":6.0},{"damage":45.0,"enemies":"Champ","floor":33.0,"turns":12.0},{"damage":8.0,"enemies":"Orb Walker","floor":35.0,"turns":4.0},{"damage":1.0,"enemies":"3 Shapes","floor":38.0,"turns":6.0},{"damage":6,"enemies":"Writhing Mass","floor":40,"turns":3},{"damage":7,"enemies":"Maw","floor":42,"turns":7},{"damage":16,"enemies":"Giant Head","floor":47,"turns":7},{"damage":6,"enemies":"3 Darklings","floor":48,"turns":3},{"damage":72,"enemies":"Donu and Deca","floor":50,"turns":12}],"seed_played":"-3310768755137472767","potions_obtained":[{"floor":1.0,"key":"Fruit Juice"},{"floor":5.0,"key":"Energy Potion"},{"floor":11.0,"key":"BloodPotion"},{"floor":14.0,"key":"AttackPotion"},{"floor":16.0,"key":"Strength Potion"},{"floor":18.0,"key":"LiquidBronze"},{"floor":23.0,"key":"EssenceOfSteel"},{"floor":28.0,"key":"FairyPotion"},{"floor":35.0,"key":"Energy Potion"},{"floor":47,"key":"Block Potion"}],"is_trial":false,"path_per_floor":["M","?","?","$","M","R","M","E","T","$","M","R","M","E","R","B",null,"M","$","M","?","M","E","R","$","T","?","M","R","M","M","R","B",null,"M","?","?","M","$","M","?","M","T","R","$","R","E","M","R","B",null],"character_chosen":"IRONCLAD","items_purchased":["Orichalcum","True Grit","Ghostly Armor","Inflame"],"campfire_rested":1,"item_purchase_floors":[4,4,19,25],"current_hp_per_floor":[58,63,56,56,57,57,55,37,37,37,41,41,46,41,41,40,78,78,78,78,78,78,64,64,64,64,64,63,63,62,61,61,22,73,71,71,71,76,76,76,76,75,75,75,75,75,65,65,85,19],"gold":14,"neow_bonus":"HUNDRED_GOLD","is_prod":false,"is_daily":false,"chose_seed":false,"campfire_upgraded":8,"win_rate":0,"timestamp":1557510537,"path_taken":["M","?","?","$","M","R","M","E","T","?","M","R","M","E","R","BOSS","M","$","M","?","M","E","R","?","T","?","M","R","M","M","R","BOSS","M","?","?","M","$","M","?","?","T","R","$","R","E","?","R","BOSS"],"build_version":"2019-01-23","purchased_purges":1,"victory":true,"max_hp_per_floor":[80,85,85,85,90,90,90,90,90,90,90,90,90,90,90,90,90,90,90,90,90,90,90,90,90,90,90,90,90,90,90,90,90,90,90,85,85,85,85,85,85,85,85,85,85,85,85,85,85,85],"card_choices":[{"not_picked":["Sword Boomerang","Havoc","Clash"],"picked":"SKIP","floor":1.0},{"not_picked":["Reckless Charge","Havoc"],"picked":"Armaments","floor":5.0},{"not_picked":["Havoc","Clothesline"],"picked":"Shrug It Off","floor":7.0},{"not_picked":["Flex","Searing Blow"],"picked":"Twin Strike","floor":8.0},{"not_picked":["Iron Wave","Flex"],"picked":"Inflame","floor":11.0},{"not_picked":["Warcry","Cleave"],"picked":"Body Slam","floor":13.0},{"not_picked":["Wild Strike","Armaments","Havoc"],"picked":"SKIP","floor":14.0},{"not_picked":["Berserk","Feed"],"picked":"Offering","floor":16.0},{"not_picked":["Anger+1","Armaments"],"picked":"Shrug It Off","floor":18.0},{"not_picked":["Clothesline","Havoc"],"picked":"Whirlwind","floor":20.0},{"not_picked":["Clothesline","Clash","Fire Breathing"],"picked":"SKIP","floor":22.0},{"not_picked":["Wild Strike","Rupture"],"picked":"Barricade","floor":23.0},{"not_picked":["Flex+1","Anger"],"picked":"Shrug It Off","floor":28.0},{"not_picked":["Pummel","Rupture","Twin Strike"],"picked":"SKIP","floor":30.0},{"not_picked":["Heavy Blade","Perfected Strike","Twin Strike+1"],"picked":"SKIP","floor":31.0},{"not_picked":["Exhume","Feed"],"picked":"Double Tap","floor":33.0},{"not_picked":[],"picked":"Shrug It Off+1","floor":35.0},{"not_picked":["Clothesline+1"],"picked":"SKIP","floor":38.0},{"not_picked":[],"picked":"Armaments","floor":40},{"not_picked":[],"picked":"Impervious","floor":42},{"not_picked":["Twin Strike"],"picked":"SKIP","floor":47},{"not_picked":["Headbutt+1"],"picked":"SKIP","floor":48}],"player_experience":406313,"relics_obtained":[{"floor":8.0,"key":"Gambling Chip"},{"floor":9.0,"key":"Torii"},{"floor":14.0,"key":"Paper Frog"},{"floor":23.0,"key":"Bag of Marbles"},{"floor":26.0,"key":"War Paint"},{"floor":43,"key":"Self Forming Clay"},{"floor":47,"key":"Pen Nib"}],"event_choices":[{"damage_healed":0.0,"max_hp_gain":5.0,"max_hp_loss":0.0,"gold_gain":0.0,"event_name":"Big Fish","player_choice":"Donut","floor":2.0,"gold_loss":0.0,"damage_taken":0.0},{"cards_removed":["Strike_R"],"damage_healed":0.0,"max_hp_gain":0.0,"max_hp_loss":0.0,"gold_gain":0.0,"event_name":"Golden Wing","player_choice":"Card Removal","floor":3.0,"gold_loss":0.0,"damage_taken":7.0},{"damage_healed":0.0,"max_hp_gain":0.0,"max_hp_loss":0.0,"gold_gain":0.0,"event_name":"N\u0027loth","player_choice":"Traded Relic","floor":21.0,"relics_lost":["Paper Frog"],"gold_loss":0.0,"damage_taken":0.0,"relics_obtained":["Nloth\u0027s Gift"]},{"cards_removed":["Defend_R"],"damage_healed":0.0,"max_hp_gain":0.0,"max_hp_loss":0.0,"gold_gain":0.0,"event_name":"Wheel of Change","player_choice":"Card Removal","floor":27.0,"gold_loss":0.0,"damage_taken":0.0},{"damage_healed":0.0,"max_hp_gain":0.0,"max_hp_loss":5.0,"gold_gain":0.0,"event_name":"Winding Halls","player_choice":"Max HP","floor":36.0,"gold_loss":0.0,"damage_taken":0.0},{"damage_healed":0.0,"max_hp_gain":0.0,"max_hp_loss":0.0,"gold_gain":0.0,"event_name":"Mysterious Sphere","player_choice":"Ignored","floor":37.0,"gold_loss":0.0,"damage_taken":0.0},{"damage_healed":0,"gold_gain":0,"player_choice":"Ignored","damage_taken":0,"max_hp_gain":0,"max_hp_loss":0,"event_name":"SecretPortal","floor":41,"gold_loss":0}],"is_beta":false,"boss_relics":[{"not_picked":["White Beast Statue","Snecko Eye"],"picked":"Ectoplasm"},{"not_picked":["Astrolabe","Tiny House"],"picked":"Busted Crown"}],"items_purged_floors":[10],"is_endless":false,"potions_floor_spawned":[1,5,11,14,16,18,23,28,35,38,47],"ascension_level":11}