{"gold_per_floor":[114,125,125,40,40,40,76,76,76,101,101,114,289,314,314,440,440,464,499,499,51,64,64,64,82,82,157,201,216,235,41,41,41],"floor_reached":33,"playtime":2483,"items_purged":["Doubt","Injury"],"score":290,"play_id":"f4bc0f3c-9352-4b2c-b2f0-85df4de04043","local_time":"20190519194105","is_ascension_mode":false,"campfire_choices":[{"floor":6,"key":"REST"},{"floor":11,"key":"REST"},{"data":"Fusion","floor":15,"key":"SMITH"},{"floor":23,"key":"REST"},{"floor":32,"key":"REST"}],"neow_cost":"NONE","seed_source_timestamp":34279658630484,"circlet_count":0,"master_deck":["Strike_B+1","Strike_B+1","Strike_B+1","Strike_B+1","Defend_B+1","Defend_B+1","Defend_B+1","Defend_B+1","Zap","Dualcast","Go for the Eyes","Auto Shields","Melter","Stack","Multi-Cast","Barrage","Streamline","Fusion+1","Hyperbeam","Recycle","Static Discharge","Flash of Steel","White Noise","Self Repair+1","Ball Lightning","Redo","Conserve Battery","Mind Blast"],"relics":["Cracked Core","Golden Idol","Strawberry","Matryoshka","Nuclear Battery","Red Mask","Calipers","Bronze Scales","Frozen Egg 2","PreservedInsect","Pear","Pantograph"],"potions_floor_usage":[14,14,18,18,28,30,30],"damage_taken":[{"damage":2,"enemies":"Small Slimes","floor":1,"turns":3},{"damage":0,"enemies":"2 Louse","floor":2,"turns":3},{"damage":15,"enemies":"Gremlin Nob","floor":7,"turns":5},{"damage":11,"enemies":"Jaw Worm","floor":10,"turns":4},{"damage":0,"enemies":"Blue Slaver","floor":12,"turns":4},{"damage":6,"enemies":"Looter","floor":14,"turns":3},{"damage":65,"enemies":"The Guardian","floor":16,"turns":14},{"damage":15,"enemies":"Chosen","floor":18,"turns":6},{"damage":20,"enemies":"Masked Bandits","floor":19,"turns":4},{"damage":17,"enemies":"3 Byrds","floor":22,"turns":6},{"damage":1,"enemies":"Centurion and Healer","floor":25,"turns":6},{"damage":11,"enemies":"Slavers","floor":28,"turns":3},{"damage":22,"enemies":"Chosen and Byrds","floor":29,"turns":5},{"damage":14,"enemies":"Snecko","floor":30,"turns":5},{"damage":100,"enemies":"Automaton","floor":33,"turns":8}],"seed_played":"4101021442242329828","potions_obtained":[{"floor":2,"key":"Dexterity Potion"},{"floor":10,"key":"PowerPotion"},{"floor":12,"key":"EssenceOfSteel"},{"floor":16,"key":"EntropicBrew"},{"floor":19,"key":"FearPotion"},{"floor":29,"key":"Fire Potion"}],"is_trial":false,"path_per_floor":["M","M","?","$","?","R","E","?","T","M","R","M","?","M","R","B",null,"M","?","?","$","M","R","T","M","T","?","E","M","M","$","R","B"],"character_chosen":"DEFECT","items_purchased":["Melter","Stack","Calipers","Flash of Steel","Mind Blast"],"campfire_rested":4,"item_purchase_floors":[4,4,21,21,31],"current_hp_per_floor":[80,80,64,64,64,82,74,74,74,63,89,89,89,83,83,18,89,74,54,54,54,37,63,63,62,72,63,52,40,36,36,65,0],"gold":41,"neow_bonus":"TEN_PERCENT_HP_BONUS","is_prod":false,"is_daily":false,"chose_seed":false,"campfire_upgraded":1,"win_rate":0.0,"timestamp":1558316465,"path_taken":["M","M","?","$","?","R","E","?","T","?","R","M","?","M","R","BOSS","M","?","?","$","M","R","?","M","T","?","E","M","?","?","R","BOSS"],"build_version":"2019-01-23","purchased_purges":2,"victory":false,"max_hp_per_floor":[82,82,82,82,82,82,89,89,89,89,89,89,89,89,89,89,89,89,89,89,89,89,89,89,89,99,99,99,99,99,99,99,99],"card_choices":[{"not_picked":["Compile Driver","Rip and Tear"],"picked":"Go for the Eyes","floor":1},{"not_picked":["Compile Driver","Steam"],"picked":"Auto Shields","floor":2},{"not_picked":["Coolheaded","Stack"],"picked":"Multi-Cast","floor":7},{"not_picked":["Redo","Hologram"],"picked":"Barrage","floor":10},{"not_picked":["Go for the Eyes","Coolheaded"],"picked":"Streamline","floor":12},{"not_picked":["Stack","Sweeping Beam"],"picked":"Fusion","floor":14},{"not_picked":["Machine Learning","Creative AI"],"picked":"Hyperbeam","floor":16},{"not_picked":["Consume","Coolheaded"],"picked":"Recycle","floor":18},{"not_picked":["Undo","Hologram"],"picked":"Static Discharge","floor":19},{"not_picked":["Turbo","Stack"],"picked":"White Noise","floor":22},{"not_picked":["Tempest","Compile Driver"],"picked":"Self Repair+1","floor":25},{"not_picked":["Leap","Steam Power"],"picked":"Ball Lightning","floor":28},{"not_picked":["Coolheaded","Melter+1"],"picked":"Redo","floor":29},{"not_picked":["Steam","Redo"],"picked":"Conserve Battery","floor":30}],"player_experience":47690,"relics_obtained":[{"floor":7,"key":"Strawberry"},{"floor":9,"key":"Matryoshka"},{"floor":19,"key":"Red Mask"},{"floor":24,"key":"Bronze Scales"},{"floor":24,"key":"Frozen Egg 2"},{"floor":26,"key":"PreservedInsect"},{"floor":26,"key":"Pear"},{"floor":28,"key":"Pantograph"}],"event_choices":[{"damage_healed":0,"gold_gain":0,"player_choice":"Entered Light","damage_taken":16,"max_hp_gain":0,"max_hp_loss":0,"event_name":"Shining Light","floor":3,"gold_loss":0,"cards_upgraded":["Defend_B","Defend_B"]},{"damage_healed":0,"gold_gain":0,"player_choice":"Take Wound","damage_taken":0,"relics_obtained":["Golden Idol"],"max_hp_gain":0,"max_hp_loss":0,"event_name":"Golden Idol","floor":5,"gold_loss":0,"cards_obtained":["Injury"]},{"damage_healed":0,"gold_gain":0,"player_choice":"Leave","damage_taken":0,"max_hp_gain":0,"max_hp_loss":0,"event_name":"The Cleric","floor":8,"gold_loss":0},{"damage_healed":0,"gold_gain":175,"player_choice":"AGREE","damage_taken":0,"max_hp_gain":0,"max_hp_loss":0,"event_name":"Liars Game","floor":13,"gold_loss":0,"cards_obtained":["Doubt"]},{"damage_healed":0,"gold_gain":0,"player_choice":"Fought Bandits","damage_taken":0,"max_hp_gain":0,"max_hp_loss":0,"event_name":"Masked Bandits","floor":19,"gold_loss":0},{"damage_healed":0,"gold_gain":0,"player_choice":"Simplicity","damage_taken":0,"max_hp_gain":0,"max_hp_loss":0,"event_name":"Back to Basics","floor":20,"gold_loss":0,"cards_upgraded":["Strike_B","Strike_B","Strike_B","Strike_B","Defend_B","Defend_B"]},{"damage_healed":0,"gold_gain":75,"player_choice":"Touch","damage_taken":9,"max_hp_gain":0,"max_hp_loss":0,"event_name":"FaceTrader","floor":27,"gold_loss":0}],"is_beta":false,"boss_relics":[{"not_picked":["Cursed Key","Velvet Choker"],"picked":"Nuclear Battery"}],"items_purged_floors":[21,31],"is_endless":false,"potions_floor_spawned":[2,10,12,16,19,29],"killed_by":"Automaton","ascension_level":0}