{"gold_per_floor":[117,129,129,146,71,71,129,129,129,29,58,58,68,0,0,95,95,108,127,127],"floor_reached":20,"playtime":841,"items_purged":["Strike_R","Strike_R"],"score":232,"play_id":"5e719aff-a9d2-4b61-a0d7-d08f8658c9e6","local_time":"20190515125514","is_ascension_mode":true,"campfire_choices":[{"data":"Bash","floor":6.0,"key":"SMITH"},{"data":"Shockwave","floor":8.0,"key":"SMITH"},{"floor":15.0,"key":"REST"}],"neow_cost":"NONE","seed_source_timestamp":2409250303562609,"circlet_count":0,"master_deck":["Bash+1","Heavy Blade+1","Shockwave+1","Pommel Strike","Carnage","Armaments","Pummel","Offering","Disarm","Sword Boomerang","Spot Weakness","Feel No Pain"],"special_seed":0,"relics":["Snecko Eye","Pandora\u0027s Box"],"potions_floor_usage":[],"damage_taken":[{"damage":2.0,"enemies":"2 Louse","floor":1.0,"turns":2.0},{"damage":6.0,"enemies":"Cultist","floor":2.0,"turns":4.0},{"damage":0.0,"enemies":"Small Slimes","floor":4.0,"turns":2.0},{"damage":15.0,"enemies":"3 Sentries","floor":7.0,"turns":5.0},{"damage":20.0,"enemies":"Lagavulin","floor":11.0,"turns":4.0},{"damage":1.0,"enemies":"Looter","floor":13.0,"turns":2.0},{"damage":21.0,"enemies":"Hexaghost","floor":16.0,"turns":8.0},{"damage":6.0,"enemies":"Spheric Guardian","floor":18.0,"turns":3.0},{"damage":10.0,"enemies":"Shell Parasite","floor":19.0,"turns":2.0},{"damage":0,"enemies":"Snake Plant","floor":20,"turns":1}],"seed_played":"-5858025380127894720","potions_obtained":[{"floor":4.0,"key":"Poison Potion"},{"floor":7.0,"key":"Ancient Potion"},{"floor":11.0,"key":"FearPotion"},{"floor":13.0,"key":"EssenceOfSteel"},{"floor":16.0,"key":"AttackPotion"}],"is_trial":false,"path_per_floor":["M","M","?","M","$","R","?","R","T","$","E","?","M","$","R","B",null,"M","M","M"],"character_chosen":"IRONCLAD","items_purchased":["Carnage"],"campfire_rested":1,"item_purchase_floors":[14],"current_hp_per_floor":[70,64,64,64,64,64,49,49,49,49,29,29,28,28,52,31,68,62,52,52],"gold":127,"neow_bonus":"BOSS_RELIC","is_prod":false,"is_daily":false,"chose_seed":false,"campfire_upgraded":2,"win_rate":0,"timestamp":1557914114,"path_taken":["M","M","?","?","$","R","?","R","T","$","E","?","M","$","R","BOSS","M","?","M"],"build_version":"2019-01-23","purchased_purges":2,"victory":false,"max_hp_per_floor":[80,80,80,80,80,80,80,80,80,80,80,80,80,80,80,80,80,80,80,80],"card_choices":[{"not_picked":["Sword Boomerang","Reckless Charge","Iron Wave"],"picked":"SKIP","floor":1.0},{"not_picked":["Fire Breathing","Burning Pact"],"picked":"Heavy Blade","floor":2.0},{"not_picked":["Headbutt","Flame Barrier","Cleave"],"picked":"SKIP","floor":4.0},{"not_picked":["Spot Weakness","Headbutt"],"picked":"Shockwave","floor":7.0},{"not_picked":["Anger","Warcry","Flame Barrier"],"picked":"SKIP","floor":11.0},{"not_picked":["Uppercut","Whirlwind"],"picked":"Pommel Strike","floor":13.0},{"not_picked":["Dropkick","Body Slam+1","Clash"],"picked":"SKIP","floor":18.0},{"not_picked":["Disarm+1","Sever Soul","Bloodletting"],"picked":"SKIP","floor":19.0}],"player_experience":290026,"relics_obtained":[],"event_choices":[{"damage_healed":0.0,"max_hp_gain":0.0,"max_hp_loss":0.0,"gold_gain":0.0,"event_name":"WeMeetAgain","player_choice":"Ignored","floor":3.0,"gold_loss":0.0,"damage_taken":0.0},{"damage_healed":0.0,"max_hp_gain":0.0,"max_hp_loss":0.0,"gold_gain":30.0,"event_name":"Dead Adventurer","player_choice":"Searched \u00272\u0027 times","floor":7.0,"gold_loss":0.0,"damage_taken":0.0},{"damage_healed":0.0,"max_hp_gain":0.0,"max_hp_loss":0.0,"gold_gain":0.0,"event_name":"Upgrade Shrine","player_choice":"Upgraded","floor":12.0,"gold_loss":0.0,"damage_taken":0.0,"cards_upgraded":["Heavy Blade"]}],"is_beta":false,"boss_relics":[{"not_picked":["Runic Pyramid","Orrery"],"picked":"Pandora\u0027s Box"}],"items_purged_floors":[5,10],"is_endless":false,"potions_floor_spawned":[4,7,11,13,16],"killed_by":"Snake Plant","ascension_level":7}