{"gold_per_floor":[113,131,131,148,165,190,210,210,210,210,33,52,2,37,37,139,139,157,177,177,187,30,48,62,62,116,132,132,57,75,102,102,197,197,210,229,229,240,1,12,12,43,43,59,59,59,59,59,59,59],"floor_reached":51,"playtime":4315,"items_purged":[],"score":736,"play_id":"2653da14-11e9-4430-bee6-01730646322c","local_time":"20190526152330","is_ascension_mode":false,"campfire_choices":[{"data":"Chill","floor":8,"key":"SMITH"},{"data":"Dualcast","floor":15,"key":"SMITH"},{"data":"Loop","floor":32,"key":"SMITH"},{"floor":41,"key":"REST"},{"floor":45,"key":"REST"},{"data":"Mind Blast","floor":49,"key":"SMITH"}],"neow_cost":"NONE","seed_source_timestamp":75983239358444,"circlet_count":0,"master_deck":["Strike_B+1","Strike_B+1","Strike_B+1","Defend_B+1","Defend_B+1","Defend_B+1","Defend_B+1","Zap+1","Dualcast+1","Coolheaded","Ball Lightning","Doom and Gloom","Self Repair","Compile Driver","Chill+1","Barrage","Cold Snap","Leap","Gash","All For One","Sunder+1","Defragment","Reinforced Body+1","Lockon","Loop+1","Streamline","Turbo+1","Sweeping Beam","Rainbow+1","Beam Cell+1","Conserve Battery+1","Dark Shackles+1","Mind Blast+1","Bandage Up+1","Gash+1","Redo+1","Darkness+1","BootSequence+1","Ball Lightning+1","Sunder","Madness+1","Madness+1","Doubt"],"relics":["FrozenCore","War Paint","Mummified Hand","Dream Catcher","Toxic Egg 2","Runic Pyramid","Happy Flower","PreservedInsect","Bronze Scales","Ancient Tea Set","Sundial","Blood Vial","DataDisk"],"potions_floor_usage":[4,6,16,21,27,36,42,50],"damage_taken":[{"damage":6,"enemies":"Jaw Worm","floor":1,"turns":3},{"damage":0,"enemies":"Cultist","floor":2,"turns":4},{"damage":0,"enemies":"2 Louse","floor":4,"turns":3},{"damage":13,"enemies":"Exordium Thugs","floor":5,"turns":4},{"damage":3,"enemies":"Lagavulin","floor":6,"turns":7},{"damage":0,"enemies":"3 Louse","floor":7,"turns":3},{"damage":0,"enemies":"Blue Slaver","floor":12,"turns":3},{"damage":0,"enemies":"3 Sentries","floor":14,"turns":5},{"damage":20,"enemies":"Slime Boss","floor":16,"turns":8},{"damage":0,"enemies":"Spheric Guardian","floor":18,"turns":4},{"damage":0,"enemies":"Chosen","floor":19,"turns":4},{"damage":4,"enemies":"Shelled Parasite and Fungi","floor":21,"turns":5},{"damage":0,"enemies":"3 Cultists","floor":23,"turns":5},{"damage":0,"enemies":"Snecko","floor":24,"turns":4},{"damage":6,"enemies":"Shelled Parasite and Fungi","floor":27,"turns":5},{"damage":0,"enemies":"Cultist and Chosen","floor":30,"turns":5},{"damage":9,"enemies":"Book of Stabbing","floor":31,"turns":3},{"damage":23,"enemies":"Champ","floor":33,"turns":12},{"damage":19,"enemies":"3 Darklings","floor":35,"turns":4},{"damage":2,"enemies":"3 Shapes","floor":36,"turns":3},{"damage":0,"enemies":"Sphere and 2 Shapes","floor":38,"turns":4},{"damage":21,"enemies":"Spire Growth","floor":40,"turns":5},{"damage":60,"enemies":"Reptomancer","floor":42,"turns":7},{"damage":14,"enemies":"4 Shapes","floor":44,"turns":5},{"damage":53,"enemies":"Donu and Deca","floor":50,"turns":9}],"seed_played":"7214150240956482401","potions_obtained":[{"floor":0,"key":"SkillPotion"},{"floor":0,"key":"AttackPotion"},{"floor":0,"key":"AttackPotion"},{"floor":2,"key":"Block Potion"},{"floor":5,"key":"Block Potion"},{"floor":12,"key":"Swift Potion"},{"floor":16,"key":"Fruit Juice"},{"floor":19,"key":"Weak Potion"},{"floor":21,"key":"Explosive Potion"},{"floor":35,"key":"SneckoOil"},{"floor":42,"key":"Swift Potion"}],"is_trial":false,"path_per_floor":["M","M","?","M","M","E","M","R","T","?","$","M","$","E","R","B",null,"M","M","?","M","$","M","M","?","T","M","?","?","M","E","R","B",null,"M","M","?","M","$","M","R","E","T","M","R","?","?","?","R","B",null],"character_chosen":"DEFECT","items_purchased":["Dream Catcher","Barrage","Leap","Happy Flower","Sundial"],"campfire_rested":2,"item_purchase_floors":[11,11,13,22,39],"current_hp_per_floor":[69,69,69,69,56,60,67,67,67,67,67,74,74,75,75,62,75,75,75,75,80,80,80,80,80,80,80,80,80,80,71,71,48,80,61,66,56,56,56,48,72,25,25,26,50,40,40,80,80,40],"gold":59,"neow_bonus":"THREE_SMALL_POTIONS","is_prod":false,"is_daily":false,"chose_seed":false,"campfire_upgraded":4,"win_rate":0.0,"timestamp":1558905810,"path_taken":["M","M","?","M","?","E","M","R","T","?","$","M","?","E","R","BOSS","M","M","?","M","$","M","M","?","T","M","?","?","M","E","R","BOSS","M","M","?","M","$","M","R","E","T","M","R","?","?","?","R","BOSS"],"build_version":"2019-01-23","purchased_purges":0,"victory":true,"max_hp_per_floor":[75,75,75,75,75,75,75,75,75,75,75,75,75,75,75,75,75,75,75,75,80,80,80,80,80,80,80,80,80,80,80,80,80,80,80,80,80,80,80,80,80,80,80,80,80,80,80,80,80,80],"card_choices":[{"not_picked":["FTL","Barrage"],"picked":"Coolheaded","floor":1},{"not_picked":["Stack","Blizzard"],"picked":"Ball Lightning","floor":2},{"not_picked":["Go for the Eyes","Capacitor"],"picked":"Doom and Gloom","floor":4},{"not_picked":["Double Energy","Turbo"],"picked":"Self Repair","floor":5},{"not_picked":["Fusion","Sunder"],"picked":"Compile Driver","floor":6},{"not_picked":["Recycle","Rebound"],"picked":"Chill","floor":7},{"not_picked":["Go for the Eyes","Steam"],"picked":"Cold Snap","floor":12},{"not_picked":["Coolheaded","Aggregate"],"picked":"Gash","floor":14},{"not_picked":["Reboot+1","Meteor Strike"],"picked":"All For One","floor":16},{"not_picked":["Recycle+1","Leap+1"],"picked":"Sunder+1","floor":18},{"not_picked":["Steam+1","Leap+1"],"picked":"Defragment","floor":19},{"not_picked":["Leap+1","Go for the Eyes"],"picked":"Reinforced Body+1","floor":21},{"not_picked":["Consume+1","Reinforced Body+1"],"picked":"Lockon","floor":23},{"not_picked":["Storm","Melter+1"],"picked":"Loop","floor":24},{"not_picked":["Hello World","FTL"],"picked":"Streamline","floor":27},{"not_picked":["All For One","Ball Lightning"],"picked":"Turbo+1","floor":30},{"not_picked":["Leap+1","Compile Driver"],"picked":"Sweeping Beam","floor":31},{"not_picked":["Fission+1","Hyperbeam"],"picked":"Rainbow+1","floor":33},{"not_picked":["Leap+1","Rebound+1"],"picked":"Beam Cell+1","floor":35},{"not_picked":["Beam Cell","Leap+1"],"picked":"Conserve Battery+1","floor":36},{"not_picked":["PanicButton+1","HandOfGreed"],"picked":"Dark Shackles+1","floor":37},{"not_picked":["Jack Of All Trades+1","Swift Strike"],"picked":"Mind Blast","floor":37},{"not_picked":["Dramatic Entrance","Impatience+1"],"picked":"Bandage Up+1","floor":37},{"not_picked":["Hologram+1","Coolheaded+1"],"picked":"Gash+1","floor":38},{"not_picked":["Conserve Battery+1","White Noise+1"],"picked":"Redo+1","floor":40},{"not_picked":["Rip and Tear","Aggregate+1"],"picked":"Darkness+1","floor":41},{"not_picked":["Rebound","Sunder"],"picked":"BootSequence+1","floor":42},{"not_picked":["Rebound","Coolheaded+1"],"picked":"Ball Lightning+1","floor":44},{"not_picked":["Cold Snap+1","Hello World+1"],"picked":"Sunder","floor":45}],"player_experience":69517,"relics_obtained":[{"floor":6,"key":"War Paint"},{"floor":9,"key":"Mummified Hand"},{"floor":14,"key":"Toxic Egg 2"},{"floor":26,"key":"PreservedInsect"},{"floor":31,"key":"Ancient Tea Set"},{"floor":42,"key":"Blood Vial"},{"floor":43,"key":"DataDisk"}],"event_choices":[{"damage_healed":0,"gold_gain":0,"player_choice":"Bought 0 Potions","damage_taken":0,"max_hp_gain":0,"max_hp_loss":0,"event_name":"The Woman in Blue","floor":3,"gold_loss":0},{"damage_healed":0,"gold_gain":0,"player_choice":"Upgraded","damage_taken":0,"max_hp_gain":0,"max_hp_loss":0,"event_name":"Upgrade Shrine","floor":10,"gold_loss":0,"cards_upgraded":["Zap"]},{"damage_healed":0,"gold_gain":0,"player_choice":"Simplicity","damage_taken":0,"max_hp_gain":0,"max_hp_loss":0,"event_name":"Back to Basics","floor":20,"gold_loss":0,"cards_upgraded":["Strike_B","Strike_B","Strike_B","Strike_B","Defend_B","Defend_B"]},{"damage_healed":0,"gold_gain":0,"player_choice":"Ignored","damage_taken":0,"max_hp_gain":0,"max_hp_loss":0,"event_name":"Ghosts","floor":25,"gold_loss":0},{"damage_healed":0,"gold_gain":0,"player_choice":"Opened","damage_taken":0,"relics_obtained":["Bronze Scales"],"max_hp_gain":0,"max_hp_loss":0,"event_name":"The Mausoleum","floor":28,"gold_loss":0},{"cards_removed":["Strike_B"],"damage_healed":0,"gold_gain":0,"player_choice":"Gave Gold","damage_taken":0,"max_hp_gain":0,"max_hp_loss":0,"event_name":"Beggar","floor":29,"gold_loss":75},{"damage_healed":0,"gold_gain":0,"player_choice":"Memory 3","damage_taken":10,"max_hp_gain":0,"max_hp_loss":0,"event_name":"SensoryStone","floor":37,"gold_loss":0},{"damage_healed":0,"gold_gain":0,"player_choice":"Embrace Madness","damage_taken":10,"max_hp_gain":0,"max_hp_loss":0,"event_name":"Winding Halls","floor":46,"gold_loss":0,"cards_obtained":["Madness","Madness"]},{"damage_healed":0,"gold_gain":0,"player_choice":"Ignored","damage_taken":0,"max_hp_gain":0,"max_hp_loss":0,"event_name":"The Moai Head","floor":47,"gold_loss":0},{"damage_healed":40,"gold_gain":0,"player_choice":"Heal","damage_taken":0,"max_hp_gain":0,"max_hp_loss":0,"event_name":"MindBloom","floor":48,"gold_loss":0,"cards_obtained":["Doubt"]}],"is_beta":false,"boss_relics":[{"not_picked":["Coffee Dripper","Tiny House"],"picked":"Runic Pyramid"},{"not_picked":["Lizard Tail","Black Star"],"picked":"FrozenCore"}],"items_purged_floors":[],"is_endless":false,"potions_floor_spawned":[2,5,12,16,18,19,21,35,42],"ascension_level":0}