{"gold_per_floor":[116,136,61,236,246,246,266,266,266,266,266,16,16,32,32,128,128,140,239,229,247,122,155,155,185,185,185,215,215,231,266,266,365,365,385,385,385,396,449,449,482,500,500,500,517,517,535,276,276,276],"floor_reached":51,"playtime":2345,"items_purged":["Strike_R","Doubt","Strike_R","Strike_R"],"score":1237,"play_id":"9ca0674e-4e39-4b5f-ba29-f380ef987331","local_time":"20180815150721","is_ascension_mode":true,"campfire_choices":[{"data":"Barricade","floor":6,"key":"SMITH"},{"data":"Entrench","floor":8,"key":"SMITH"},{"data":"Metallicize","floor":10,"key":"SMITH"},{"data":"Body Slam","floor":15,"key":"SMITH"},{"data":"Shrug It Off","floor":24,"key":"SMITH"},{"data":"Shrug It Off","floor":27,"key":"SMITH"},{"data":"Bash","floor":29,"key":"SMITH"},{"data":"Body Slam","floor":32,"key":"SMITH"},{"data":"Body Slam","floor":40,"key":"SMITH"},{"floor":46,"key":"REST"},{"data":"1","floor":49,"key":"LIFT"}],"neow_cost":"PERCENT_DAMAGE","seed_source_timestamp":187380632115297,"circlet_count":0,"master_deck":["Strike_R","Strike_R","Defend_R+1","Defend_R","Defend_R","Defend_R","Bash+1","Barricade+1","Shrug It Off+1","Entrench+1","Metallicize+1","Body Slam+1","Battle Trance+1","Shrug It Off+1","Body Slam+1","Body Slam+1","Body Slam+1","Entrench+1"],"relics":["Burning Blood","Girya","Ice Cream","Lantern","Sozu","Shuriken","Happy Flower","Bottled Tornado","Smiling Mask","Sundial","Runic Cube","Mango","Champion Belt","Oddly Smooth Stone","Letter Opener","Frozen Eye"],"potions_floor_usage":[5,14,18],"damage_taken":[{"damage":0,"enemies":"Small Slimes","floor":1,"turns":3},{"damage":0,"enemies":"2 Louse","floor":2,"turns":3},{"damage":15,"enemies":"Cultist","floor":5,"turns":6},{"damage":15,"enemies":"Blue Slaver","floor":7,"turns":9},{"damage":17,"enemies":"Exordium Thugs","floor":14,"turns":9},{"damage":0,"enemies":"Hexaghost","floor":16,"turns":9},{"damage":10,"enemies":"3 Byrds","floor":18,"turns":7},{"damage":13,"enemies":"2 Thieves","floor":20,"turns":4},{"damage":3,"enemies":"Chosen and Byrds","floor":21,"turns":6},{"damage":0,"enemies":"Book of Stabbing","floor":23,"turns":5},{"damage":29,"enemies":"Gremlin Leader","floor":25,"turns":5},{"damage":0,"enemies":"Book of Stabbing","floor":28,"turns":6},{"damage":0,"enemies":"3 Cultists","floor":30,"turns":6},{"damage":47,"enemies":"Slavers","floor":31,"turns":11},{"damage":0,"enemies":"Automaton","floor":33,"turns":5},{"damage":0,"enemies":"3 Darklings","floor":35,"turns":5},{"damage":0,"floor":36,"turns":3},{"damage":0,"enemies":"Orb Walker","floor":38,"turns":4},{"damage":30,"floor":39,"turns":6},{"damage":3,"enemies":"Nemesis","floor":41,"turns":5},{"damage":15,"enemies":"Flame Bruiser 2 Orb","floor":42,"turns":4},{"damage":0,"enemies":"4 Shapes","floor":45,"turns":4},{"damage":0,"enemies":"3 Darklings","floor":47,"turns":2},{"damage":0,"enemies":"Donu and Deca","floor":50,"turns":6}],"seed_played":"-4368657017400146436","potions_obtained":[{"floor":2,"key":"Poison Potion"},{"floor":7,"key":"AttackPotion"},{"floor":14,"key":"Explosive Potion"}],"is_trial":false,"path_per_floor":["M","M","$","?","M","R","M","R","T","R","?","$","?","M","R","B",null,"M","?","M","M","$","E","R","E","T","R","E","R","M","E","R","B",null,"M","?","?","M","?","R","E","M","T","?","M","R","M","$","R","B"],"character_chosen":"IRONCLAD","items_purchased":["Lantern","Frozen Eye"],"campfire_rested":1,"item_purchase_floors":[12,48],"current_hp_per_floor":[62,68,68,68,59,59,50,50,50,50,43,43,69,58,58,64,80,76,76,69,72,72,78,78,55,55,55,61,61,67,26,26,32,80,80,94,94,94,70,70,73,64,64,64,70,94,94,94,94,94],"gold":276,"neow_bonus":"THREE_RARE_CARDS","is_prod":false,"is_daily":false,"chose_seed":false,"campfire_upgraded":9,"win_rate":0,"timestamp":1534334841,"path_taken":["M","M","$","?","?","R","M","R","T","R","?","$","?","?","R","BOSS","M","?","M","M","$","E","R","E","T","R","E","R","M","E","R","BOSS","M","?","?","?","?","R","E","M","T","?","M","R","M","$","R","BOSS"],"build_version":"2018-08-09","purchased_purges":4,"victory":true,"max_hp_per_floor":[80,80,80,80,80,80,80,80,80,80,80,80,80,80,80,80,80,80,80,80,80,80,80,80,80,80,80,80,80,80,80,80,80,80,80,94,94,94,94,94,94,94,94,94,94,94,94,94,94,94],"card_choices":[{"not_picked":["Impervious","Feed"],"picked":"Barricade","floor":0},{"not_picked":["Feel No Pain","Havoc"],"picked":"Shrug It Off","floor":1},{"not_picked":["Clothesline","Dropkick","True Grit"],"picked":"SKIP","floor":2},{"not_picked":["Pommel Strike","Perfected Strike"],"picked":"Entrench","floor":5},{"not_picked":["Rage","Combust"],"picked":"Metallicize","floor":7},{"not_picked":["Havoc","Intimidate"],"picked":"Body Slam","floor":14},{"not_picked":["Pommel Strike","Dropkick"],"picked":"Battle Trance+1","floor":18},{"not_picked":["Infernal Blade","Wild Strike"],"picked":"Shrug It Off","floor":20},{"not_picked":["Clash+1","Thunderclap","Whirlwind+1"],"picked":"SKIP","floor":21},{"not_picked":["Carnage","Rage+1","Cleave+1"],"picked":"SKIP","floor":23},{"not_picked":["Uppercut+1","Iron Wave","Pommel Strike"],"picked":"SKIP","floor":25},{"not_picked":["Shrug It Off","Inflame","Anger"],"picked":"SKIP","floor":28},{"not_picked":["Uppercut","Pummel"],"picked":"Body Slam","floor":30},{"not_picked":["Uppercut","Flex","Cleave"],"picked":"SKIP","floor":31},{"not_picked":["Spot Weakness+1","Iron Wave","Searing Blow"],"picked":"SKIP","floor":35},{"not_picked":["Havoc","Fire Breathing"],"picked":"Body Slam","floor":38},{"not_picked":["Armaments+1","Havoc"],"picked":"Body Slam+1","floor":39},{"not_picked":["Warcry","Dual Wield+1","Wild Strike"],"picked":"SKIP","floor":41},{"not_picked":["Clash+1","Burning Pact","Shockwave"],"picked":"SKIP","floor":42},{"not_picked":["Anger","Rage+1"],"picked":"Entrench+1","floor":45},{"not_picked":["Juggernaut","Twin Strike+1","Shockwave"],"picked":"SKIP","floor":47}],"player_experience":200166,"relics_obtained":[{"floor":9,"key":"Girya"},{"floor":23,"key":"Shuriken"},{"floor":25,"key":"Happy Flower"},{"floor":26,"key":"Bottled Tornado"},{"floor":28,"key":"Smiling Mask"},{"floor":31,"key":"Sundial"},{"floor":36,"key":"Mango"},{"floor":39,"key":"Champion Belt"},{"floor":41,"key":"Oddly Smooth Stone"},{"floor":43,"key":"Letter Opener"}],"event_choices":[{"event_name":"Liars Game","player_choice":"agreed","floor":4,"damage_taken":0},{"event_name":"Scrap Ooze","player_choice":"success","floor":11,"damage_taken":7},{"event_name":"Big Fish","player_choice":"Banana","floor":13,"damage_taken":0},{"event_name":"Nest","player_choice":"Stole From Cult","floor":19,"damage_taken":0},{"event_name":"MindBloom","player_choice":"Fight","floor":36,"damage_taken":0},{"event_name":"The Woman in Blue","player_choice":"Bought 0 Potions","floor":37,"damage_taken":0},{"event_name":"Mysterious Sphere","player_choice":"Fight","floor":39,"damage_taken":0},{"event_name":"Upgrade Shrine","player_choice":"Upgraded","floor":44,"damage_taken":0}],"is_beta":false,"boss_relics":[{"not_picked":["Philosopher\u0027s Stone","Black Star"],"picked":"Sozu"},{"not_picked":["White Beast Statue","Runic Dome"],"picked":"Runic Cube"}],"items_purged_floors":[3,12,22,48],"is_endless":false,"potions_floor_spawned":[2,7,14,21,25,28,33,36,39,42,45],"ascension_level":4}