{"gold_per_floor":[117,117,133,149,149,262,287,287,334,334,347,383,383,406,406,535,535,664,4,129,149,9,23,23,58,58,58,79,79,100,100,116,31,157,157,173,506,506,520,11,36,36,341,341,375,32,45,70,90,90,187,357,357],"floor_reached":53,"playtime":3764,"items_purged":["Strike_R","Bash"],"score":1177,"play_id":"f35ceb8d-2851-4d86-bac2-0016ea43fac3","local_time":"20190106142242","is_ascension_mode":false,"campfire_choices":[{"floor":8.0,"key":"REST"},{"data":"Corruption","floor":10.0,"key":"SMITH"},{"data":"Body Slam","floor":13.0,"key":"SMITH"},{"floor":24.0,"key":"REST"},{"data":"Barricade","floor":42.0,"key":"SMITH"},{"floor":50,"key":"REST"}],"neow_cost":"","seed_source_timestamp":0,"circlet_count":0,"master_deck":["Body Slam+1","Corruption+1","Entrench","Flex+1","Sentinel","ReplayReversal+1","Flame Barrier+1","Flex","Dark Embrace","infinitespire:OneForAll","Berserk","Headbutt","ReplayTheSpireMod:Muscle Training","Infernal Blade","Inflame","Pommel Strike","Sword Boomerang","Pummel+1","infinitespire:OneForAll","Replay:Undeath\u0027s Touch","Barricade+1","Body Slam","Infernal Blade","Offering","infinitespire:Execution","Replay:Undeath\u0027s Touch","Armaments+1","Replay:Undeath\u0027s Touch","Impervious","Berserk"],"special_seed":0,"relics":["Chameleon Ring","infinitespire:Lychee Nut","Red Skull","infinitespire:Beetle Shell","ReplayTheSpireMod:Ninjato","halation:KoshaPiece","Ring of Searing","Ring of Peace","Pandora\u0027s Box","Magic Flower","Replay:Ringing Soul","Dodecahedron","infinitespire:Golems Mask","Bottled Tornado","Incense Burner","War Paint","Shuriken","Iron Hammer","ReplayTheSpireMod:Lightbulb","Potion Belt","Meat on the Bone","halation:Jellyphish","Anchor","Smiling Mask","BranchBurnRelic","Replay:Drink Me","Thread and Needle"],"potions_floor_usage":[48],"damage_taken":[{"damage":5.0,"enemies":"Cultist","floor":1.0,"turns":4.0},{"damage":11.0,"enemies":"Small Slimes","floor":3.0,"turns":3.0},{"damage":1.0,"enemies":"Jaw Worm","floor":4.0,"turns":3.0},{"damage":29.0,"enemies":"3 Sentries","floor":6.0,"turns":8.0},{"damage":0.0,"enemies":"Red Slaver","floor":7.0,"turns":3.0},{"damage":24.0,"enemies":"Exordium Thugs","floor":11.0,"turns":6.0},{"damage":0.0,"enemies":"Gremlin Nob","floor":12.0,"turns":3.0},{"damage":9.0,"enemies":"Fading Forest","floor":16.0,"turns":11.0},{"damage":39.0,"enemies":"2 Thieves","floor":18.0,"turns":5.0},{"damage":12.0,"enemies":"Colosseum Slavers","floor":20.0,"turns":3.0},{"damage":13.0,"enemies":"Colosseum Nobs","floor":20.0,"turns":4.0},{"damage":20.0,"enemies":"Shell Parasite","floor":21.0,"turns":4.0},{"damage":0.0,"enemies":"3 Cultists","floor":23.0,"turns":2.0},{"damage":20.0,"enemies":"Book of Stabbing","floor":25.0,"turns":3.0},{"damage":0.0,"enemies":"Centurion and Healer","floor":28.0,"turns":1.0},{"damage":6.0,"enemies":"Snake Plant","floor":30.0,"turns":2.0},{"damage":0.0,"enemies":"Shelled Parasite and Fungi","floor":32.0,"turns":2.0},{"damage":17.0,"enemies":"Automaton","floor":34.0,"turns":4.0},{"damage":8.0,"enemies":"3 Shapes","floor":36.0,"turns":2.0},{"damage":7.0,"enemies":"Orb Walker","floor":39.0,"turns":2.0},{"damage":11.0,"enemies":"infiniteSpire:Nightmare","floor":41.0,"turns":1.0},{"damage":0.0,"enemies":"Sphere and 2 Shapes","floor":43.0,"turns":2.0},{"damage":0.0,"enemies":"infiniteSpire:Nightmare","floor":45.0,"turns":1.0},{"damage":8,"enemies":"Writhing Mass","floor":47,"turns":3},{"damage":0,"enemies":"Nemesis","floor":48,"turns":1},{"damage":0,"enemies":"3 Darklings","floor":49,"turns":2},{"damage":35,"enemies":"Awakened One","floor":51,"turns":6},{"damage":84,"enemies":"Cultist","floor":53,"turns":6}],"seed_played":"6270155635534737033","potions_obtained":[{"floor":4.0,"key":"Explosive Potion"},{"floor":6.0,"key":"FearPotion"},{"floor":16.0,"key":"Ancient Potion"},{"floor":21.0,"key":"Dexterity Potion"},{"floor":23.0,"key":"LiquidBronze"},{"floor":25.0,"key":"Regen Potion"},{"floor":28.0,"key":"Explosive Potion"},{"floor":34.0,"key":"Fire Potion"},{"floor":43.0,"key":"Milkshake"},{"floor":45.0,"key":"infinitespire:BlackPotion"},{"floor":47,"key":"Milkshake"},{"floor":48,"key":"BloodPotion"},{"floor":49,"key":"Flashbang"}],"is_trial":false,"path_per_floor":["M","?","M","M","?","E","M","R","T","R","M","E","R","T","R","B",null,"M","$","?","M","$","M","R","E","T","?","M","?","M","PTL","M","R","B",null,"M","?","?","M","$","NM","R","M","T","NM","$","M","E","M","R","B",null,"M"],"character_chosen":"IRONCLAD","items_purchased":["Corruption","Entrench","Flex","Dead Branch","Magic Flower","Pummel+1","infinitespire:OneForAll","Shuriken","Iron Hammer","halation:Jellyphish","Anchor"],"campfire_rested":3,"item_purchase_floors":[0,0,0,19,19,19,22,40,40,46,46],"current_hp_per_floor":[46,46,40,44,33,10,15,31,31,31,13,18,18,18,18,15,56,20,20,16,6,9,17,36,27,27,27,30,30,32,32,37,37,54,77,71,71,71,69,69,61,61,69,69,69,69,72,75,80,89,80,69,0],"gold":357,"neow_bonus":"","is_prod":false,"is_daily":false,"chose_seed":false,"campfire_upgraded":3,"win_rate":0,"timestamp":1546777362,"path_taken":["M","?","M","M","?","E","M","R","T","R","M","E","R","?","R","BOSS","M","$","?","M","$","M","R","E","T","?","?","?","?","PTL","M","R","BOSS","M","?","?","M","$","NM","R","M","T","NM","?","M","E","M","R","BOSS","M"],"build_version":"2019-01-03v4","purchased_purges":2,"victory":false,"max_hp_per_floor":[60,56,56,56,56,56,56,56,56,56,56,56,56,56,56,56,56,56,56,59,59,62,65,65,68,68,68,71,71,74,74,74,74,77,77,77,77,77,77,77,80,80,83,83,83,83,86,89,89,89,92,69,69],"card_choices":[{"not_picked":["Havoc","Flex"],"picked":"Sentinel","floor":1.0},{"not_picked":["True Grit","Body Slam"],"picked":"ReplayReversal","floor":3.0},{"not_picked":["Clothesline","ReplayTheSpireMod:Strike From Hell"],"picked":"Flame Barrier","floor":4.0},{"not_picked":["Pommel Strike","Dual Wield"],"picked":"Flex","floor":6.0},{"not_picked":["Warcry","Havoc","ReplayTheSpireMod:Strike From Hell"],"picked":"SKIP","floor":7.0},{"not_picked":["Pommel Strike","Uppercut","Reckless Charge"],"picked":"SKIP","floor":11.0},{"not_picked":["Pommel Strike","Bloodletting","Bludgeon"],"picked":"SKIP","floor":12.0},{"not_picked":["Berserk","Replay:Many Hands"],"picked":"Dark Embrace","floor":16.0},{"not_picked":["Pommel Strike+1","Anger"],"picked":"Sword Boomerang","floor":18.0},{"not_picked":["Shockwave","Dual Wield"],"picked":"Clash","floor":20.0},{"not_picked":["Twin Strike","Heavy Blade","Flex"],"picked":"SKIP","floor":21.0},{"not_picked":["ReplayTheSpireMod:Strike From Hell","ReplayTheSpireMod:Limb From Limb"],"picked":"Replay:Undeath\u0027s Touch","floor":23.0},{"not_picked":["Feel No Pain","ReplayTheSpireMod:Corrosion Curse"],"picked":"Barricade","floor":25.0},{"not_picked":["Heavy Blade","Anger"],"picked":"Body Slam","floor":28.0},{"not_picked":["Wild Strike+1","ReplayTheSpireMod:Muscle Training"],"picked":"Infernal Blade","floor":30.0},{"not_picked":["Iron Wave+1","Second Wind","Anger"],"picked":"SKIP","floor":32.0},{"not_picked":["Hemogenesis","Immolate"],"picked":"Offering","floor":34.0},{"not_picked":["Perfected Strike+1","Bloodletting","Havoc"],"picked":"SKIP","floor":36.0},{"not_picked":["Perfected Strike","ReplayTheSpireMod:Strike From Hell+1","Warcry"],"picked":"SKIP","floor":39.0},{"not_picked":["ReplayTheSpireMod:??????????????????????","infinitespire:Virus"],"picked":"infinitespire:Execution","floor":41.0},{"not_picked":["Evolve","Disarm"],"picked":"Replay:Undeath\u0027s Touch","floor":41.0},{"not_picked":["Replay:Undeath\u0027s Touch+1","Intimidate"],"picked":"Armaments+1","floor":43.0},{"not_picked":["Headbutt","Iron Wave+1","ReplayTheSpireMod:Strike From Hell"],"picked":"SKIP","floor":45.0},{"not_picked":["True Grit+1","Twin Strike"],"picked":"Replay:Undeath\u0027s Touch","floor":47},{"not_picked":["Combust","Exhume"],"picked":"Impervious","floor":48},{"not_picked":["Perfected Strike+1","Corruption+1","Armaments"],"picked":"SKIP","floor":49},{"not_picked":["Barricade","Eclipse"],"picked":"Berserk","floor":51}],"player_experience":255350,"relics_obtained":[{"floor":6.0,"key":"Red Skull"},{"floor":9.0,"key":"infinitespire:Beetle Shell"},{"floor":12.0,"key":"ReplayTheSpireMod:Ninjato"},{"floor":14.0,"key":"halation:KoshaPiece"},{"floor":15.0,"key":"Ring of Searing"},{"floor":15.0,"key":"Ring of Peace"},{"floor":20.0,"key":"Dodecahedron"},{"floor":20.0,"key":"infinitespire:Golems Mask"},{"floor":25.0,"key":"Bottled Tornado"},{"floor":26.0,"key":"Incense Burner"},{"floor":41.0,"key":"ReplayTheSpireMod:Lightbulb"},{"floor":44.0,"key":"Potion Belt"},{"floor":45.0,"key":"Meat on the Bone"},{"floor":48,"key":"Smiling Mask"}],"event_choices":[{"damage_healed":0.0,"max_hp_gain":0.0,"max_hp_loss":4.0,"gold_gain":0.0,"event_name":"Golden Idol","player_choice":"Lose Max HP","floor":2.0,"gold_loss":0.0,"damage_taken":0.0,"relics_obtained":["Golden Idol"]},{"damage_healed":0.0,"max_hp_gain":0.0,"max_hp_loss":0.0,"gold_gain":0.0,"event_name":"Shining Light","player_choice":"Entered Light","floor":5.0,"gold_loss":0.0,"damage_taken":11.0,"cards_upgraded":["Flex","Clothesline"]},{"damage_healed":0.0,"max_hp_gain":0.0,"max_hp_loss":0.0,"gold_gain":0.0,"event_name":"Colosseum","player_choice":"Fight","floor":20.0,"gold_loss":0.0,"damage_taken":0.0},{"damage_healed":0.0,"max_hp_gain":0.0,"max_hp_loss":0.0,"gold_gain":0.0,"event_name":"Colosseum","player_choice":"Fought Nobs","floor":20.0,"gold_loss":0.0,"damage_taken":0.0},{"damage_healed":0.0,"max_hp_gain":0.0,"max_hp_loss":0.0,"gold_gain":0.0,"event_name":"The Mausoleum","player_choice":"Ignored","floor":29.0,"gold_loss":0.0,"damage_taken":0.0},{"damage_healed":0.0,"max_hp_gain":0.0,"max_hp_loss":0.0,"gold_gain":0.0,"event_name":"Addict","player_choice":"Obtained Relic","floor":33.0,"gold_loss":85.0,"damage_taken":0.0,"relics_obtained":["War Paint"]},{"damage_healed":0.0,"max_hp_gain":0.0,"max_hp_loss":0.0,"gold_gain":333.0,"event_name":"The Moai Head","player_choice":"Gave Idol","floor":37.0,"relics_lost":["Golden Idol"],"gold_loss":0.0,"damage_taken":0.0},{"cards_removed":["Searing Blow"],"damage_healed":0.0,"max_hp_gain":0.0,"max_hp_loss":0.0,"gold_gain":0.0,"event_name":"Falling","player_choice":"Removed Attack","floor":38.0,"gold_loss":0.0,"damage_taken":0.0}],"is_beta":false,"boss_relics":[{"not_picked":["White Beast Statue","halation:Yufonium"],"picked":"Pandora\u0027s Box"},{"not_picked":["halation:HeavySnake","halation:CatFaceCupcake","Busted Crown"]},{"not_picked":["ReplayTheSpireMod:Onyx Gauntlets","halation:LoveArrow"],"picked":"Replay:Drink Me"}],"items_purged_floors":[0,22],"is_endless":true,"potions_floor_spawned":[4,6,16,21,23,25,28,34,41,43,47,48,49],"killed_by":"Cultist","ascension_level":0}