{"gold_per_floor":[118,118,132,57,57,57,89,89,116,116,27,27,39,53,53,152,152,164,174,174,174,74,74,74,74,74,94,94,94,94,120,120,225,225,238,338,354,354,38,260,277,127,127,127,127,144,155,167,167,167],"floor_reached":51,"playtime":749,"items_purged":["Defend_R","Strike_R","Defend_R","Strike_R"],"score":741,"play_id":"bfff815d-ca5b-4789-adf0-2a9a2644d2cc","local_time":"20190527100457","is_ascension_mode":false,"campfire_choices":[{"data":"Whirlwind","floor":6.0,"key":"SMITH"},{"data":"Bash","floor":8.0,"key":"SMITH"},{"data":"Inflame","floor":15.0,"key":"SMITH"},{"data":"Flex","floor":23.0,"key":"SMITH"},{"data":"Flex","floor":24.0,"key":"SMITH"},{"data":"Pummel","floor":25.0,"key":"SMITH"},{"floor":28,"key":"REST"},{"data":"Strike_R","floor":32,"key":"SMITH"},{"floor":44,"key":"REST"},{"floor":49,"key":"REST"}],"neow_cost":"NONE","seed_source_timestamp":648254720581636,"circlet_count":0,"master_deck":["Strike_R","Strike_R","Strike_R+1","Bash+1","Whirlwind+1","Inflame+1","Flex+1","Pummel+1","Flex+1"],"special_seed":0,"relics":["Burning Blood","NeowsBlessing","WingedGreaves","PreservedInsect","Cursed Key","MutagenicStrength","Red Mask","Fusion Hammer","Mango","Chemical X"],"potions_floor_usage":[33,35,50,50],"damage_taken":[{"damage":0.0,"enemies":"Small Slimes","floor":1.0,"turns":1.0},{"damage":0.0,"enemies":"Cultist","floor":3.0,"turns":1.0},{"damage":0.0,"enemies":"3 Sentries","floor":7.0,"turns":2.0},{"damage":11.0,"enemies":"Jaw Worm","floor":13.0,"turns":2.0},{"damage":12.0,"enemies":"Blue Slaver","floor":14.0,"turns":2.0},{"damage":52.0,"enemies":"Hexaghost","floor":16.0,"turns":5.0},{"damage":5.0,"enemies":"Spheric Guardian","floor":18.0,"turns":3.0},{"damage":27.0,"enemies":"Shell Parasite","floor":19.0,"turns":4.0},{"damage":15,"enemies":"Shelled Parasite and Fungi","floor":27,"turns":2},{"damage":0,"enemies":"Masked Bandits","floor":31,"turns":1},{"damage":78,"enemies":"Champ","floor":33,"turns":7},{"damage":1,"enemies":"3 Darklings","floor":35,"turns":2},{"damage":48,"enemies":"Mind Bloom Boss Battle","floor":36,"turns":3},{"damage":0,"enemies":"Orb Walker","floor":37,"turns":1},{"damage":12,"enemies":"Spire Growth","floor":41,"turns":2},{"damage":25,"enemies":"Maw","floor":46,"turns":3},{"damage":11,"enemies":"Writhing Mass","floor":47,"turns":2},{"damage":0,"enemies":"Spire Growth","floor":48,"turns":2},{"damage":85,"enemies":"Awakened One","floor":50,"turns":6}],"seed_played":"2539585474649553385","potions_obtained":[{"floor":3.0,"key":"Explosive Potion"},{"floor":13.0,"key":"FearPotion"},{"floor":14.0,"key":"AttackPotion"},{"floor":16.0,"key":"Weak Potion"},{"floor":19.0,"key":"SkillPotion"},{"floor":33,"key":"Dexterity Potion"},{"floor":36,"key":"Block Potion"}],"is_trial":false,"path_per_floor":["M","?","M","$","?","R","E","R","T","?","$","?","M","M","R","B",null,"M","M","?","?","$","R","R","R","T","M","R","?","?","?","R","B",null,"M","?","M","?","$","?","M","$","T","R","T","M","M","M","R","B",null],"character_chosen":"IRONCLAD","items_purchased":["Flex","Pummel","Chemical X"],"campfire_rested":3,"item_purchase_floors":[11,11,39],"current_hp_per_floor":[80,80,80,80,80,80,80,80,80,80,80,80,75,69,69,23,80,80,59,80,65,65,65,65,65,65,56,81,81,81,85,85,13,85,85,57,63,63,63,63,57,57,57,85,85,66,61,67,94,15],"gold":167,"neow_bonus":"THREE_ENEMY_KILL","is_prod":false,"is_daily":false,"chose_seed":false,"campfire_upgraded":7,"win_rate":0,"timestamp":1558940697,"path_taken":["M","?","?","$","?","R","E","R","T","?","?","?","M","M","R","BOSS","M","?","?","?","$","R","R","R","T","M","R","?","?","?","R","BOSS","M","?","M","?","$","?","M","$","T","R","?","M","M","M","R","BOSS"],"build_version":"2019-01-23","purchased_purges":4,"victory":true,"max_hp_per_floor":[80,80,80,80,80,80,80,80,80,80,80,80,80,80,80,80,80,80,80,80,85,85,85,85,85,85,85,85,85,85,85,85,85,85,85,99,99,94,94,94,94,94,94,94,94,94,94,94,94,94],"card_choices":[{"not_picked":["Clash","Shrug It Off"],"picked":"Whirlwind","floor":1.0},{"not_picked":["Havoc","Body Slam"],"picked":"Inflame","floor":3.0},{"not_picked":["Second Wind","Rupture","Fire Breathing"],"picked":"SKIP","floor":7.0},{"not_picked":["Double Tap","Sentinel","Pommel Strike"],"picked":"SKIP","floor":13.0},{"not_picked":["Rupture","Havoc"],"picked":"Flex","floor":14.0},{"not_picked":["Armaments+1","Heavy Blade+1","Shrug It Off+1"],"picked":"SKIP","floor":18.0},{"not_picked":["Body Slam+1","Clothesline","Anger+1"],"picked":"SKIP","floor":19.0},{"not_picked":["Wild Strike","Thunderclap","Sword Boomerang"],"picked":"SKIP","floor":27},{"not_picked":["Sword Boomerang","Entrench+1","Cleave"],"picked":"SKIP","floor":35},{"not_picked":["Cleave","Battle Trance+1","Disarm"],"picked":"SKIP","floor":37},{"not_picked":["Armaments","Cleave+1","Infernal Blade+1"],"picked":"SKIP","floor":41},{"not_picked":["Cleave","Whirlwind","Rage+1"],"picked":"SKIP","floor":46},{"not_picked":["Ghostly Armor","Anger+1","Armaments"],"picked":"SKIP","floor":47},{"not_picked":["Armaments+1","Heavy Blade","Perfected Strike+1"],"picked":"SKIP","floor":48}],"player_experience":322258,"relics_obtained":[{"floor":7.0,"key":"WingedGreaves"},{"floor":9.0,"key":"PreservedInsect"},{"floor":31,"key":"Red Mask"},{"floor":36,"key":"Mango"}],"event_choices":[{"cards_removed":["Defend_R"],"damage_healed":0.0,"max_hp_gain":0.0,"max_hp_loss":0.0,"gold_gain":0.0,"event_name":"Bonfire Elementals","player_choice":"Offered Basic","floor":2.0,"gold_loss":0.0,"damage_taken":0.0},{"damage_healed":0.0,"max_hp_gain":0.0,"max_hp_loss":0.0,"gold_gain":0.0,"event_name":"Liars Game","player_choice":"Ignored","floor":5.0,"gold_loss":0.0,"damage_taken":0.0},{"damage_healed":0.0,"max_hp_gain":0.0,"max_hp_loss":0.0,"gold_gain":0.0,"event_name":"Dead Adventurer","player_choice":"Searched \u00270\u0027 times","floor":10.0,"gold_loss":0.0,"damage_taken":0.0},{"damage_healed":0.0,"max_hp_gain":0.0,"max_hp_loss":0.0,"gold_gain":0.0,"event_name":"Upgrade Shrine","player_choice":"Ignored","floor":12.0,"gold_loss":0.0,"damage_taken":0.0},{"damage_healed":26.0,"max_hp_gain":0.0,"max_hp_loss":0.0,"gold_gain":0.0,"event_name":"The Library","player_choice":"Heal","floor":20.0,"gold_loss":0.0,"damage_taken":0.0},{"damage_healed":0.0,"max_hp_gain":5.0,"max_hp_loss":0.0,"gold_gain":0.0,"event_name":"Forgotten Altar","player_choice":"Shed Blood","floor":21.0,"gold_loss":0.0,"damage_taken":20.0},{"damage_healed":0,"gold_gain":0,"player_choice":"Inject Mutagens","damage_taken":0,"relics_obtained":["MutagenicStrength"],"max_hp_gain":0,"max_hp_loss":0,"event_name":"Drug Dealer","floor":29,"gold_loss":0},{"cards_removed":["Defend_R"],"damage_healed":0,"gold_gain":0,"player_choice":"Elegance","damage_taken":0,"max_hp_gain":0,"max_hp_loss":0,"event_name":"Back to Basics","floor":30,"gold_loss":0},{"damage_healed":0,"gold_gain":0,"player_choice":"Fought Bandits","damage_taken":0,"max_hp_gain":0,"max_hp_loss":0,"event_name":"Masked Bandits","floor":31,"gold_loss":0},{"damage_healed":0,"gold_gain":0,"player_choice":"Fight","damage_taken":0,"max_hp_gain":0,"max_hp_loss":0,"event_name":"MindBloom","floor":36,"gold_loss":0},{"damage_healed":0,"gold_gain":0,"player_choice":"Max HP","damage_taken":0,"max_hp_gain":0,"max_hp_loss":5,"event_name":"Winding Halls","floor":38,"gold_loss":0},{"damage_healed":0,"gold_gain":222,"player_choice":"Wore Mask","damage_taken":0,"max_hp_gain":0,"max_hp_loss":0,"event_name":"Tomb of Lord Red Mask","floor":40,"gold_loss":0}],"is_beta":false,"boss_relics":[{"not_picked":["Lizard Tail","Velvet Choker"],"picked":"Cursed Key"},{"not_picked":["Black Star","Snecko Eye"],"picked":"Fusion Hammer"}],"items_purged_floors":[4,22,39,42],"is_endless":false,"potions_floor_spawned":[3,13,14,16,19,27,33,36,37],"ascension_level":0}