{"gold_per_floor":[110,110,34,309,103,129,129,158,183,183,198,215,233,233,233,305,305,276,276,276,14,0,0,0],"floor_reached":24,"playtime":1339,"items_purged":["Regret"],"score":365,"play_id":"93ff9c85-bf97-4f90-8d4b-1397f5faa626","local_time":"20190515215220","is_ascension_mode":true,"campfire_choices":[{"data":"Noxious Fumes","floor":7.0,"key":"SMITH"},{"floor":10.0,"key":"REST"},{"data":"Cloak And Dagger","floor":15.0,"key":"SMITH"},{"data":"Cloak And Dagger","floor":23.0,"key":"SMITH"}],"neow_cost":"PERCENT_DAMAGE","seed_source_timestamp":277968632217432,"circlet_count":0,"master_deck":["AscendersBane","Defend_G","Defend_G","Defend_G","Defend_G","Strike_G","Strike_G","Strike_G","Strike_G","Survivor","Neutralize","Leg Sweep","Dagger Spray","Noxious Fumes+1","Cloak And Dagger+1","Dash","Well Laid Plans","Deadly Poison","Cloak And Dagger+1","Venomology","Bane"],"special_seed":0,"relics":["Ring of the Snake","Art of War","Omamori","Juzu Bracelet","Velvet Choker","Lee\u0027s Waffle"],"potions_floor_usage":[24],"damage_taken":[{"damage":0.0,"enemies":"Small Slimes","floor":1.0,"turns":4.0},{"damage":10.0,"enemies":"3 Sentries","floor":6.0,"turns":8.0},{"damage":36.0,"enemies":"Lagavulin","floor":8.0,"turns":8.0},{"damage":0.0,"enemies":"Cultist","floor":11.0,"turns":4.0},{"damage":0.0,"enemies":"Jaw Worm","floor":12.0,"turns":4.0},{"damage":0.0,"enemies":"Blue Slaver","floor":13.0,"turns":4.0},{"damage":18.0,"enemies":"Hexaghost","floor":16.0,"turns":10.0},{"damage":10.0,"enemies":"2 Thieves","floor":18.0,"turns":5.0},{"damage":20,"enemies":"Book of Stabbing","floor":24,"turns":6}],"seed_played":"8142164018047016612","potions_obtained":[{"floor":1.0,"key":"SpeedPotion"},{"floor":13.0,"key":"SkillPotion"},{"floor":16.0,"key":"FearPotion"}],"is_trial":false,"path_per_floor":["M","?","$","?","$","E","R","E","T","R","M","M","M","?","R","B",null,"M","?","?","$","?","R","E"],"character_chosen":"THE_SILENT","items_purchased":["Dagger Spray","Fire Potion","Noxious Fumes","Fire Potion","Lee\u0027s Waffle","Bane"],"campfire_rested":1,"item_purchase_floors":[3,3,5,5,21,21],"current_hp_per_floor":[56,49,49,49,49,39,39,3,3,26,26,26,26,26,26,8,61,51,51,51,85,85,85,65],"gold":0,"neow_bonus":"TWENTY_PERCENT_HP_BONUS","is_prod":false,"is_daily":false,"chose_seed":false,"campfire_upgraded":3,"win_rate":0,"timestamp":1557975140,"path_taken":["M","?","$","?","$","E","R","E","T","R","M","M","M","?","R","BOSS","M","?","?","$","?","R","E"],"build_version":"2019-01-23","purchased_purges":1,"victory":false,"max_hp_per_floor":[78,78,78,78,78,78,78,78,78,78,78,78,78,78,78,78,78,78,78,78,85,85,85,85],"card_choices":[{"not_picked":["Bane","Eviscerate"],"picked":"Leg Sweep","floor":1.0},{"not_picked":["Flechettes","Accuracy"],"picked":"Cloak And Dagger","floor":6.0},{"not_picked":["Flechettes","Blur"],"picked":"Dash","floor":8.0},{"not_picked":["Blade Dance","Noxious Fumes"],"picked":"Well Laid Plans","floor":11.0},{"not_picked":["Escape Plan","Slice"],"picked":"Deadly Poison","floor":12.0},{"not_picked":["Deadly Poison","Bane"],"picked":"Cloak And Dagger","floor":13.0},{"not_picked":["Unload","Grand Finale"],"picked":"Venomology","floor":16.0},{"not_picked":["Concentrate","Dodge and Roll","Tactician"],"picked":"SKIP","floor":18.0}],"player_experience":437770,"relics_obtained":[{"floor":6.0,"key":"Art of War"},{"floor":8.0,"key":"Omamori"},{"floor":9.0,"key":"Juzu Bracelet"}],"event_choices":[{"cards_removed":["Defend_G"],"damage_healed":0.0,"max_hp_gain":0.0,"max_hp_loss":0.0,"gold_gain":0.0,"event_name":"Golden Wing","player_choice":"Card Removal","floor":2.0,"gold_loss":0.0,"damage_taken":7.0},{"damage_healed":0.0,"max_hp_gain":0.0,"max_hp_loss":0.0,"gold_gain":275.0,"event_name":"Golden Shrine","player_choice":"Desecrate","floor":4.0,"gold_loss":0.0,"damage_taken":0.0,"cards_obtained":["Regret"]},{"cards_removed":["Strike_G"],"damage_healed":0.0,"max_hp_gain":0.0,"max_hp_loss":0.0,"gold_gain":0.0,"event_name":"Bonfire Elementals","player_choice":"Offered Basic","floor":14.0,"gold_loss":0.0,"damage_taken":0.0},{"damage_healed":0.0,"max_hp_gain":0.0,"max_hp_loss":0.0,"gold_gain":0.0,"event_name":"Cursed Tome","player_choice":"Ignored","floor":19.0,"gold_loss":0.0,"damage_taken":0.0},{"damage_healed":0.0,"max_hp_gain":0.0,"max_hp_loss":0.0,"gold_gain":0.0,"event_name":"The Mausoleum","player_choice":"Ignored","floor":20.0,"gold_loss":0.0,"damage_taken":0.0},{"damage_healed":0.0,"max_hp_gain":0.0,"max_hp_loss":0.0,"gold_gain":0.0,"event_name":"Masked Bandits","player_choice":"Paid Fearfully","floor":22.0,"gold_loss":14.0,"damage_taken":0.0}],"is_beta":false,"boss_relics":[{"not_picked":["Sozu","Astrolabe"],"picked":"Velvet Choker"}],"items_purged_floors":[5],"is_endless":false,"potions_floor_spawned":[1,13,16,18],"killed_by":"Book of Stabbing","ascension_level":14}