{"gold_per_floor":[110,110,123,48,60,60,94,94,121,154,167,167,167,177,177,177],"floor_reached":16,"playtime":645,"items_purged":["Defend_R"],"score":149,"play_id":"41897751-2d7c-4b87-ab1a-8ca401951825","local_time":"20180818094253","is_ascension_mode":true,"campfire_choices":[{"data":"Flex","floor":6,"key":"SMITH"},{"data":"Sword Boomerang","floor":13,"key":"SMITH"},{"data":"Inflame","floor":15,"key":"SMITH"}],"neow_cost":"NONE","seed_source_timestamp":37135264424294,"circlet_count":0,"master_deck":["Strike_R","Strike_R","Strike_R+1","Strike_R+1","Strike_R","Defend_R","Bash","Flex+1","Sword Boomerang+1","Inflame+1","Thunderclap"],"relics":["Burning Blood","Dream Catcher","GremlinMask","Regal Pillow","Whetstone"],"potions_floor_usage":[7,10,16],"damage_taken":[{"damage":7,"enemies":"Small Slimes","floor":1,"turns":3},{"damage":1,"enemies":"2 Louse","floor":3,"turns":2},{"damage":7,"enemies":"Jaw Worm","floor":5,"turns":2},{"damage":28,"enemies":"Lagavulin","floor":7,"turns":5},{"damage":16,"enemies":"Gremlin Nob","floor":10,"turns":3},{"damage":16,"enemies":"Blue Slaver","floor":11,"turns":3},{"damage":1,"enemies":"Exordium Thugs","floor":14,"turns":3},{"damage":44,"enemies":"The Guardian","floor":16,"turns":6}],"seed_played":"5765316562031615881","potions_obtained":[{"floor":3,"key":"Block Potion"},{"floor":5,"key":"SteroidPotion"},{"floor":11,"key":"Energy Potion"}],"is_trial":false,"path_per_floor":["M","?","M","$","M","R","E","?","T","E","M","?","R","M","R"],"character_chosen":"IRONCLAD","items_purchased":[],"campfire_rested":0,"item_purchase_floors":[],"current_hp_per_floor":[71,71,76,76,75,75,53,53,53,43,33,33,33,38,38,0],"gold":177,"neow_bonus":"REMOVE_CARD","is_prod":false,"is_daily":false,"chose_seed":false,"campfire_upgraded":3,"win_rate":0,"timestamp":1534574573,"path_taken":["M","?","M","$","M","R","E","?","T","E","M","?","R","M","R","BOSS"],"build_version":"2018-08-16","purchased_purges":1,"victory":false,"max_hp_per_floor":[80,80,80,80,80,80,80,80,80,80,80,80,80,80,80,80],"card_choices":[{"not_picked":["Shrug It Off","Clash"],"picked":"Flex","floor":1},{"not_picked":["Shrug It Off","Reckless Charge"],"picked":"Sword Boomerang","floor":3},{"not_picked":["Armaments","Perfected Strike"],"picked":"Inflame","floor":5},{"not_picked":["Anger","Second Wind","Havoc"],"picked":"SKIP","floor":7},{"not_picked":["Warcry","Flame Barrier","Headbutt"],"picked":"SKIP","floor":10},{"not_picked":["Ghostly Armor","Rampage","Intimidate"],"picked":"SKIP","floor":11},{"not_picked":["Shrug It Off","Clothesline"],"picked":"Thunderclap","floor":14}],"player_experience":215833,"relics_obtained":[{"floor":7,"key":"Dream Catcher"},{"floor":9,"key":"Regal Pillow"},{"floor":10,"key":"Whetstone"}],"event_choices":[{"event_name":"Liars Game","player_choice":"disagreed","floor":2,"damage_taken":0},{"event_name":"FaceTrader","player_choice":"Trade","floor":8,"damage_taken":0},{"event_name":"Purifier","player_choice":"One Purge","floor":12,"damage_taken":0}],"is_beta":false,"boss_relics":[],"items_purged_floors":[4],"is_endless":false,"potions_floor_spawned":[3,5,11],"killed_by":"The Guardian","ascension_level":7}