{"gold_per_floor":[116,216,232,249,261,261,296,296,342,362,390,404,436,450,450,551,551,569,494,512,203,216,216,232,260,308,308,308,308,343,362,362,458,458,471,346,326,338,438,438],"floor_reached":40,"playtime":1602,"items_purged":["Strike_R","Defend_R","Strike_R"],"score":498,"play_id":"0fd98a61-d063-4551-b953-c4e857cbe6bf","local_time":"20181118122435","is_ascension_mode":false,"campfire_choices":[{"data":"Flex","floor":6.0,"key":"SMITH"},{"data":"Sword Boomerang","floor":8.0,"key":"SMITH"},{"data":"Offering","floor":15.0,"key":"SMITH"},{"data":"Flex","floor":23.0,"key":"SMITH"},{"floor":32.0,"key":"REST"}],"neow_cost":"NONE","seed_source_timestamp":0,"circlet_count":0,"master_deck":["Strike_R","Strike_R","Strike_R","Defend_R","Defend_R","Bash","Battle Trance","Flex+1","Inflame","Sword Boomerang+1","Heavy Blade","Offering+1","Demon Form","Flex+1","Flex","Demon Form","Flame Barrier+1"],"special_seed":0,"relics":["Burning Blood","Mercury Hourglass","Boot","Pen Nib","Strawberry","Black Star","ClockworkSouvenir","Bronze Scales","Oddly Smooth Stone","Vajra","Singing Bowl","Coffee Dripper","Calipers"],"potions_floor_usage":[40],"damage_taken":[{"damage":6.0,"enemies":"Cultist","floor":1.0,"turns":3.0},{"damage":5.0,"enemies":"Small Slimes","floor":3.0,"turns":3.0},{"damage":0.0,"enemies":"2 Louse","floor":4.0,"turns":2.0},{"damage":14.0,"enemies":"Blue Slaver","floor":5.0,"turns":3.0},{"damage":18.0,"enemies":"Lagavulin","floor":7.0,"turns":3.0},{"damage":5.0,"enemies":"Lots of Slimes","floor":10.0,"turns":2.0},{"damage":8.0,"enemies":"Gremlin Nob","floor":11.0,"turns":3.0},{"damage":0.0,"enemies":"2 Fungi Beasts","floor":12.0,"turns":2.0},{"damage":27.0,"enemies":"3 Sentries","floor":13.0,"turns":4.0},{"damage":6.0,"enemies":"3 Louse","floor":14.0,"turns":1.0},{"damage":29.0,"enemies":"The Guardian","floor":16.0,"turns":5.0},{"damage":11.0,"enemies":"3 Byrds","floor":18.0,"turns":3.0},{"damage":18.0,"enemies":"Shell Parasite","floor":20.0,"turns":2.0},{"damage":6.0,"enemies":"Sentry and Sphere","floor":22.0,"turns":2.0},{"damage":9.0,"enemies":"Centurion and Healer","floor":24.0,"turns":2.0},{"damage":15.0,"enemies":"Gremlin Leader","floor":25.0,"turns":2.0},{"damage":26.0,"enemies":"Slavers","floor":30.0,"turns":3.0},{"damage":16.0,"enemies":"Chosen and Byrds","floor":31.0,"turns":2.0},{"damage":45.0,"enemies":"Collector","floor":33.0,"turns":4.0},{"damage":16.0,"enemies":"Orb Walker","floor":35.0,"turns":2.0},{"damage":23.0,"enemies":"3 Darklings","floor":38.0,"turns":4.0},{"damage":36.0,"enemies":"Mind Bloom Boss Battle","floor":39.0,"turns":4.0},{"damage":42,"enemies":"Reptomancer","floor":40,"turns":3}],"seed_played":"-7903000368431256991","potions_obtained":[{"floor":1.0,"key":"Block Potion"},{"floor":3.0,"key":"Strength Potion"},{"floor":5.0,"key":"PowerPotion"},{"floor":12.0,"key":"Dexterity Potion"},{"floor":14.0,"key":"Swift Potion"},{"floor":22.0,"key":"Regen Potion"},{"floor":30.0,"key":"Block Potion"},{"floor":37.0,"key":"Energy Potion"}],"is_trial":false,"path_per_floor":["M","?","M","M","M","R","E","R","T","M","E","M","E","M","R","B",null,"M","$","M","$","M","R","M","E","T","?","?","?","E","M","M","R","B",null,"M","$","?","M","?","E"],"character_chosen":"IRONCLAD","items_purchased":["ClockworkSouvenir"],"campfire_rested":1,"item_purchase_floors":[21],"current_hp_per_floor":[80,80,80,80,72,72,60,60,60,61,59,65,51,51,51,28,87,82,82,70,70,70,70,67,58,58,58,58,41,21,13,41,14,94,86,86,86,69,41,0],"gold":438,"neow_bonus":"TRANSFORM_CARD","is_prod":false,"is_daily":false,"chose_seed":false,"campfire_upgraded":4,"win_rate":0,"timestamp":1542536675,"path_taken":["M","?","?","?","M","R","E","R","T","M","E","M","E","M","R","BOSS","M","$","M","$","M","R","M","E","T","?","?","?","E","M","R","BOSS","M","$","?","?","?","E"],"build_version":"2018-11-15","purchased_purges":3,"victory":false,"max_hp_per_floor":[80,80,80,80,80,80,80,80,80,80,80,80,87,87,87,87,87,87,87,87,87,87,87,87,87,87,87,87,92,92,94,94,94,94,96,96,96,96,98,98],"card_choices":[{"not_picked":["Disarm","Burning Pact","Pommel Strike"],"picked":"SKIP","floor":1.0},{"not_picked":["Battle Trance","Iron Wave"],"picked":"Flex","floor":3.0},{"not_picked":["Cleave","Dual Wield"],"picked":"Inflame","floor":4.0},{"not_picked":["Ghostly Armor","Pommel Strike"],"picked":"Sword Boomerang","floor":5.0},{"not_picked":["Clash","Feel No Pain","Battle Trance"],"picked":"SKIP","floor":7.0},{"not_picked":["Rage","Perfected Strike","Anger"],"picked":"SKIP","floor":10.0},{"not_picked":["Armaments","Body Slam"],"picked":"Heavy Blade","floor":11.0},{"not_picked":["Anger","Bloodletting","Power Through"],"picked":"SKIP","floor":12.0},{"not_picked":["Headbutt","Whirlwind"],"picked":"Offering","floor":13.0},{"not_picked":["Warcry","Body Slam","Headbutt"],"picked":"SKIP","floor":14.0},{"not_picked":["Feed","Dark Embrace"],"picked":"Demon Form","floor":16.0},{"not_picked":["Sword Boomerang","Metallicize"],"picked":"Flex","floor":18.0},{"not_picked":["Rage+1","Reckless Charge","Blood for Blood"],"picked":"SKIP","floor":20.0},{"not_picked":["Wild Strike","Perfected Strike+1","Warcry"],"picked":"SKIP","floor":22.0},{"not_picked":["Iron Wave+1","Perfected Strike+1","Shrug It Off"],"picked":"SKIP","floor":24.0},{"not_picked":["Feel No Pain","Uppercut+1","Warcry"],"picked":"SKIP","floor":25.0},{"not_picked":["Sword Boomerang","Rage+1"],"picked":"Flex","floor":30.0},{"not_picked":["True Grit","Shrug It Off+1","Corruption"],"picked":"Singing Bowl","floor":31.0},{"not_picked":["Immolate","Impervious"],"picked":"Demon Form","floor":33.0},{"not_picked":["Body Slam+1","Shrug It Off","Clash"],"picked":"Singing Bowl","floor":35.0},{"not_picked":["Sever Soul","Anger"],"picked":"Flame Barrier+1","floor":38.0},{"not_picked":["Twin Strike","Feel No Pain","Thunderclap"],"picked":"Singing Bowl","floor":39.0}],"player_experience":247824,"relics_obtained":[{"floor":7.0,"key":"Mercury Hourglass"},{"floor":9.0,"key":"Boot"},{"floor":11.0,"key":"Pen Nib"},{"floor":13.0,"key":"Strawberry"},{"floor":25.0,"key":"Bronze Scales"},{"floor":25.0,"key":"Oddly Smooth Stone"},{"floor":26.0,"key":"Vajra"},{"floor":30.0,"key":"Singing Bowl"},{"floor":39.0,"key":"Calipers"}],"event_choices":[{"damage_healed":0.0,"max_hp_gain":0.0,"max_hp_loss":0.0,"gold_gain":100.0,"event_name":"Golden Shrine","player_choice":"Pray","floor":2.0,"gold_loss":0.0,"damage_taken":0.0},{"damage_healed":0.0,"max_hp_gain":0.0,"max_hp_loss":0.0,"gold_gain":0.0,"event_name":"Ghosts","player_choice":"Ignored","floor":27.0,"gold_loss":0.0,"damage_taken":0.0},{"damage_healed":0.0,"max_hp_gain":0.0,"max_hp_loss":0.0,"gold_gain":0.0,"event_name":"The Mausoleum","player_choice":"Ignored","floor":28.0,"gold_loss":0.0,"damage_taken":0.0},{"damage_healed":0.0,"max_hp_gain":5.0,"max_hp_loss":0.0,"gold_gain":0.0,"event_name":"Forgotten Altar","player_choice":"Shed Blood","floor":29.0,"gold_loss":0.0,"damage_taken":22.0},{"damage_healed":0.0,"max_hp_gain":0.0,"max_hp_loss":0.0,"gold_gain":0.0,"event_name":"The Woman in Blue","player_choice":"Bought 1 Potion","floor":37.0,"gold_loss":0.0,"damage_taken":0.0},{"damage_healed":0.0,"max_hp_gain":0.0,"max_hp_loss":0.0,"gold_gain":0.0,"event_name":"MindBloom","player_choice":"Fight","floor":39.0,"gold_loss":0.0,"damage_taken":0.0}],"is_beta":false,"boss_relics":[{"not_picked":["Black Blood","White Beast Statue"],"picked":"Black Star"},{"not_picked":["Lizard Tail","Mark of Pain"],"picked":"Coffee Dripper"}],"items_purged_floors":[19,21,36],"is_endless":false,"potions_floor_spawned":[1,3,5,12,14,22,30,31],"killed_by":"Reptomancer","ascension_level":0}