{"gold_per_floor":[114,114,289,17,42,61,61,61,61,80,99,163,201,251,251,376,376,395,3,22,22,41,41,60,15,70,70,70,70,89,127,127,252,252,271,271,290,309,22,41,41,60,60,98,98,117,136,33,33,33],"floor_reached":50,"playtime":3452,"items_purged":["Doubt"],"score":592,"play_id":"168d7c4a-1495-4ec3-b662-122e3d9635e3","local_time":"20190518124610","daily_mods":["Specialized","Green Cards","Night Terrors"],"is_ascension_mode":false,"campfire_choices":[{"floor":7,"key":"REST"},{"floor":15,"key":"REST"},{"floor":23,"key":"REST"},{"floor":32,"key":"REST"},{"data":"Die Die Die","floor":41,"key":"SMITH"},{"data":"Die Die Die","floor":49,"key":"SMITH"}],"neow_cost":"","seed_source_timestamp":0,"circlet_count":0,"master_deck":["Strike_B","Defend_B","Defend_B","Defend_B","Defend_B","Zap","Dualcast","Die Die Die","Die Die Die+1","Die Die Die+1","Die Die Die","Die Die Die","Poisoned Stab","Blade Dance","Ball Lightning","Flying Knee","Noxious Fumes","Expertise","Ball Lightning","Darkness","Doppelganger","Slice","Poisoned Stab","Go for the Eyes","Blade Dance","Conserve Battery+1","Glacier","Beam Cell+1","Backflip","Tempest+1","Envenom","Corpse Explosion","Backflip+1","All For One+1","Acrobatics+1","Stack","Darkness+1","Tempest+1","Blind","Turbo+1","Dodge and Roll+1","Caltrops+1","Backflip+1","A Thousand Cuts+1","BootSequence","Deflect"],"special_seed":18034,"relics":["Cracked Core","Golden Idol","Bronze Scales","Bag of Marbles","Pear","Ancient Tea Set","Bag of Preparation","Snecko Eye","Toolbox","Letter Opener","Tiny Chest","Enchiridion","Matryoshka","Happy Flower","Blood Vial","Lantern","Astrolabe","Lee\u0027s Waffle","Smiling Mask","Frozen Egg 2","Centennial Puzzle"],"potions_floor_usage":[16,16,16,50,50],"damage_taken":[{"damage":6,"enemies":"Jaw Worm","floor":1,"turns":2},{"damage":0,"enemies":"2 Louse","floor":6,"turns":1},{"damage":0,"enemies":"Small Slimes","floor":10,"turns":1},{"damage":10,"enemies":"2 Fungi Beasts","floor":11,"turns":2},{"damage":14,"enemies":"Gremlin Nob","floor":13,"turns":3},{"damage":58,"enemies":"The Guardian","floor":16,"turns":6},{"damage":34,"enemies":"Shell Parasite","floor":18,"turns":5},{"damage":10,"enemies":"2 Thieves","floor":20,"turns":1},{"damage":5,"enemies":"Snake Plant","floor":22,"turns":3},{"damage":0,"enemies":"Sentry and Sphere","floor":24,"turns":3},{"damage":18,"enemies":"Shelled Parasite and Fungi","floor":30,"turns":3},{"damage":17,"enemies":"Book of Stabbing","floor":31,"turns":3},{"damage":13,"enemies":"Automaton","floor":33,"turns":6},{"damage":11,"enemies":"3 Shapes","floor":35,"turns":2},{"damage":0,"enemies":"Orb Walker","floor":37,"turns":2},{"damage":0,"enemies":"Jaw Worm Horde","floor":38,"turns":1},{"damage":6,"enemies":"Writhing Mass","floor":40,"turns":4},{"damage":0,"enemies":"3 Darklings","floor":42,"turns":2},{"damage":5,"enemies":"Nemesis","floor":44,"turns":5},{"damage":0,"enemies":"Jaw Worm Horde","floor":46,"turns":1},{"damage":23,"enemies":"Sphere and 2 Shapes","floor":47,"turns":3},{"damage":90,"enemies":"Time Eater","floor":50,"turns":9}],"seed_played":"2607773541543886392","potions_obtained":[{"floor":1,"key":"SkillPotion"},{"floor":6,"key":"Ancient Potion"},{"floor":13,"key":"AttackPotion"},{"floor":18,"key":"Ancient Potion"},{"floor":22,"key":"SkillPotion"},{"floor":30,"key":"PowerPotion"},{"floor":37,"key":"FairyPotion"}],"is_trial":false,"path_per_floor":["M","?","?","$","T","M","R","?","T","M","M","?","E","T","R","B",null,"M","$","M","T","M","R","M","$","T","?","T","T","M","E","R","B",null,"M","?","M","M","$","M","R","M","T","E","?","M","M","$","R","B"],"character_chosen":"DEFECT","items_purchased":["Bronze Scales","Blade Dance","Ball Lightning","Flying Knee","Toolbox","Poisoned Stab","Go for the Eyes","Blade Dance","Backflip","Lee\u0027s Waffle","Blind","BootSequence","Deflect"],"campfire_rested":4,"item_purchase_floors":[4,4,4,4,19,19,19,19,25,39,39,48,48],"current_hp_per_floor":[69,51,51,51,51,51,70,75,85,85,75,75,61,61,80,22,80,46,46,36,36,31,75,75,75,75,59,59,59,43,28,70,57,70,59,59,61,63,77,71,71,73,73,70,70,72,50,50,50,0],"gold":33,"neow_bonus":"","is_prod":false,"is_daily":true,"chose_seed":false,"campfire_upgraded":2,"win_rate":0.0,"timestamp":1558205170,"path_taken":["M","?","?","$","?","M","R","?","T","M","M","?","E","?","R","BOSS","M","$","M","?","M","R","?","?","T","?","?","?","M","E","R","BOSS","M","?","?","M","$","M","R","M","T","E","?","M","M","$","R","BOSS"],"build_version":"2019-01-23","purchased_purges":1,"victory":false,"max_hp_per_floor":[75,75,75,75,75,75,70,75,85,85,85,85,85,85,80,80,80,80,80,80,80,80,75,75,75,75,75,75,75,75,75,70,70,70,70,70,70,70,77,77,77,77,77,77,73,73,73,73,73,73],"card_choices":[{"not_picked":["All Out Attack","Outmaneuver"],"picked":"Poisoned Stab","floor":1},{"not_picked":["Double Energy","Stack"],"picked":"Noxious Fumes","floor":6},{"not_picked":["Go for the Eyes","Gash"],"picked":"Expertise","floor":10},{"not_picked":["Slice","Flying Knee"],"picked":"Ball Lightning","floor":11},{"not_picked":["Barrage","Eviscerate"],"picked":"Darkness","floor":13},{"not_picked":["Bullet Time","Burst"],"picked":"Doppelganger","floor":16},{"not_picked":["Flying Knee","All Out Attack"],"picked":"Slice","floor":18},{"not_picked":["Rip and Tear","Dagger Spray"],"picked":"Conserve Battery+1","floor":20},{"not_picked":["Hologram","Calculated Gamble"],"picked":"Glacier","floor":22},{"not_picked":["Bane","Dagger Throw"],"picked":"Beam Cell+1","floor":24},{"not_picked":["Acrobatics","Dodge and Roll"],"picked":"Tempest+1","floor":30},{"not_picked":["Masterful Stab","Bane"],"picked":"Envenom","floor":31},{"not_picked":["Reboot","A Thousand Cuts"],"picked":"Corpse Explosion","floor":33},{"not_picked":["Dagger Throw","Hologram"],"picked":"Stack","floor":35},{"not_picked":["Dagger Spray","Slice"],"picked":"Darkness+1","floor":37},{"not_picked":["Go for the Eyes","Redo"],"picked":"Tempest+1","floor":38},{"not_picked":["Outmaneuver","Dagger Spray+1"],"picked":"Turbo+1","floor":40},{"not_picked":["Hologram+1","Reinforced Body"],"picked":"Dodge and Roll+1","floor":42},{"not_picked":["Chaos+1","Rebound+1"],"picked":"Caltrops+1","floor":44},{"not_picked":["Escape Plan","Prepared"],"picked":"Backflip+1","floor":46},{"not_picked":["Underhanded Strike+1","Hologram+1"],"picked":"A Thousand Cuts+1","floor":47}],"player_experience":16259,"relics_obtained":[{"floor":5,"key":"Bag of Marbles"},{"floor":9,"key":"Pear"},{"floor":13,"key":"Ancient Tea Set"},{"floor":14,"key":"Bag of Preparation"},{"floor":21,"key":"Letter Opener"},{"floor":26,"key":"Tiny Chest"},{"floor":27,"key":"Enchiridion"},{"floor":28,"key":"Matryoshka"},{"floor":29,"key":"Happy Flower"},{"floor":29,"key":"Blood Vial"},{"floor":31,"key":"Lantern"},{"floor":43,"key":"Smiling Mask"},{"floor":43,"key":"Frozen Egg 2"},{"floor":44,"key":"Centennial Puzzle"}],"event_choices":[{"damage_healed":0,"gold_gain":0,"player_choice":"Take Damage","damage_taken":18,"relics_obtained":["Golden Idol"],"max_hp_gain":0,"max_hp_loss":0,"event_name":"Golden Idol","floor":2,"gold_loss":0},{"damage_healed":0,"gold_gain":175,"player_choice":"AGREE","damage_taken":0,"max_hp_gain":0,"max_hp_loss":0,"event_name":"Liars Game","floor":3,"gold_loss":0,"cards_obtained":["Doubt"]},{"damage_healed":0,"gold_gain":0,"player_choice":"Donut","damage_taken":0,"max_hp_gain":5,"max_hp_loss":0,"event_name":"Big Fish","floor":8,"gold_loss":0},{"damage_healed":0,"gold_gain":64,"player_choice":"Gained Gold","damage_taken":0,"max_hp_gain":0,"max_hp_loss":0,"event_name":"Golden Wing","floor":12,"gold_loss":0},{"damage_healed":0,"gold_gain":0,"player_choice":"Obtained Book","damage_taken":16,"max_hp_gain":0,"max_hp_loss":0,"event_name":"Cursed Tome","floor":27,"gold_loss":0},{"damage_healed":0,"gold_gain":0,"player_choice":"Got Potions","damage_taken":0,"max_hp_gain":0,"max_hp_loss":0,"event_name":"Lab","floor":36,"gold_loss":0},{"damage_healed":0,"gold_gain":0,"player_choice":"Max HP","damage_taken":0,"max_hp_gain":0,"max_hp_loss":4,"event_name":"Winding Halls","floor":45,"gold_loss":0}],"is_beta":false,"boss_relics":[{"not_picked":["Calling Bell","Inserter"],"picked":"Snecko Eye"},{"not_picked":["White Beast Statue","Eternal Feather"],"picked":"Astrolabe"}],"items_purged_floors":[19],"is_endless":false,"potions_floor_spawned":[1,6,13,18,22,30,31,37,40,42,44,47],"killed_by":"Time Eater","ascension_level":0}