{"gold_per_floor":[114,129,144,144,144,144,174,189,189,219,234,264,279,294,294,294],"floor_reached":16,"playtime":1803,"items_purged":[],"score":124,"play_id":"16059bf6-35bd-4294-93bf-d9609d52cb6b","local_time":"20190607215218","daily_mods":["Chimera","Diverse","DeadlyEvents"],"is_ascension_mode":false,"campfire_choices":[{"data":"Zap","floor":6,"key":"SMITH"},{"data":"Redo","floor":15,"key":"SMITH"}],"neow_cost":"","seed_source_timestamp":0,"circlet_count":0,"master_deck":["Bash","Survivor","Zap+1","Strike_R","Strike_G","Strike_B","Defend_R","Defend_G","Defend_B","Metallicize","Leg Sweep","Chaos","Inflame","Dropkick","Quick Slash","Tools of the Trade","Die Die Die","BootSequence","Redo+1"],"special_seed":18055,"relics":["Burning Blood","Vajra","Bottled Tornado","Regal Pillow","Sundial"],"potions_floor_usage":[10],"damage_taken":[{"damage":0,"enemies":"2 Louse","floor":1,"turns":3},{"damage":8,"enemies":"Jaw Worm","floor":2,"turns":5},{"damage":0,"enemies":"Cultist","floor":3,"turns":4},{"damage":21,"enemies":"3 Sentries","floor":7,"turns":12},{"damage":1,"enemies":"Blue Slaver","floor":8,"turns":4},{"damage":15,"enemies":"Gremlin Nob","floor":10,"turns":5},{"damage":1,"enemies":"Exordium Wildlife","floor":11,"turns":7},{"damage":3,"enemies":"Lagavulin","floor":12,"turns":7},{"damage":5,"enemies":"Red Slaver","floor":13,"turns":4},{"damage":0,"enemies":"Looter","floor":14,"turns":2},{"damage":32,"enemies":"The Guardian","floor":16,"turns":6}],"seed_played":"3869915423027512540","potions_obtained":[{"floor":8,"key":"Block Potion"},{"floor":11,"key":"LiquidBronze"},{"floor":13,"key":"FearPotion"}],"is_trial":false,"path_per_floor":["M","M","M","?","$","R","E","M","T","E","M","E","M","M","R","B"],"character_chosen":"IRONCLAD","items_purchased":[],"campfire_rested":0,"item_purchase_floors":[],"current_hp_per_floor":[80,78,80,80,80,80,65,70,70,61,66,69,70,76,76,44],"gold":294,"neow_bonus":"","is_prod":false,"is_daily":true,"chose_seed":false,"campfire_upgraded":2,"win_rate":0,"timestamp":1559965938,"path_taken":["M","M","M","?","?","R","E","M","T","?","?","?","M","?","R","BOSS"],"build_version":"2019-01-23","purchased_purges":0,"victory":false,"max_hp_per_floor":[80,80,80,80,80,80,80,80,80,80,80,80,80,80,80,80],"card_choices":[{"not_picked":["Hologram","Perfected Strike"],"picked":"Metallicize","floor":1},{"not_picked":["Leap","Havoc"],"picked":"Leg Sweep","floor":2},{"not_picked":["Clash","Concentrate"],"picked":"Chaos","floor":3},{"not_picked":["Bloodletting","Flex"],"picked":"Inflame","floor":7},{"not_picked":["Warcry","Steam"],"picked":"Dropkick","floor":8},{"not_picked":["Prepared","Accuracy"],"picked":"Quick Slash","floor":10},{"not_picked":["Dagger Spray","Rip and Tear"],"picked":"Tools of the Trade","floor":11},{"not_picked":["Well Laid Plans","Clash"],"picked":"Die Die Die","floor":12},{"not_picked":["Feel No Pain","Dagger Spray"],"picked":"BootSequence","floor":13},{"not_picked":["Wild Strike","Cleave"],"picked":"Redo","floor":14}],"player_experience":156188,"relics_obtained":[{"floor":7,"key":"Vajra"},{"floor":9,"key":"Bottled Tornado"},{"floor":10,"key":"Regal Pillow"},{"floor":12,"key":"Sundial"}],"event_choices":[{"damage_healed":0,"gold_gain":0,"player_choice":"Ignored","damage_taken":0,"max_hp_gain":0,"max_hp_loss":0,"event_name":"Golden Wing","floor":4,"gold_loss":0}],"is_beta":false,"boss_relics":[],"items_purged_floors":[],"is_endless":false,"potions_floor_spawned":[8,11,13],"killed_by":"The Guardian","ascension_level":0}