{"gold_per_floor":[110,110,110,23,37,71,91,104,128,161,161],"floor_reached":11,"playtime":512,"items_purged":["Strike_R"],"score":141,"play_id":"e48ddc55-c469-4756-a62b-e96d42465d5c","local_time":"20190526235722","is_ascension_mode":true,"campfire_choices":[],"neow_cost":"NONE","seed_source_timestamp":728775071192148,"circlet_count":0,"master_deck":["AscendersBane","Strike_R","Strike_R+1","Strike_R","Strike_R","Defend_R+1","Defend_R","Defend_R+1","Defend_R","Bash","Feel No Pain","Shockwave","Clothesline","Shrug It Off","Reaper+1","Carnage+1"],"special_seed":0,"relics":["Burning Blood","The Courier","Dodecahedron","Whetstone","Molten Egg 2"],"potions_floor_usage":[],"damage_taken":[{"damage":4.0,"enemies":"Small Slimes","floor":1.0,"turns":4.0},{"damage":0.0,"enemies":"Jaw Worm","floor":5.0,"turns":7.0},{"damage":18.0,"enemies":"Lagavulin","floor":6.0,"turns":7.0},{"damage":0.0,"enemies":"Cultist","floor":7.0,"turns":4.0},{"damage":1.0,"enemies":"Blue Slaver","floor":8.0,"turns":4.0},{"damage":53.0,"enemies":"Gremlin Nob","floor":10.0,"turns":6.0},{"damage":26,"enemies":"Lots of Slimes","floor":11,"turns":3}],"seed_played":"-2106180934177646741","potions_obtained":[{"floor":0.0,"key":"Energy Potion"},{"floor":0.0,"key":"Energy Potion"},{"floor":7.0,"key":"Block Potion"}],"is_trial":false,"path_per_floor":["M","?","T","$","M","E","M","M","T","E","M"],"character_chosen":"IRONCLAD","items_purchased":["Shockwave"],"campfire_rested":0,"item_purchase_floors":[4],"current_hp_per_floor":[70,55,55,55,61,49,55,60,60,13,0],"gold":161,"neow_bonus":"THREE_SMALL_POTIONS","is_prod":false,"is_daily":false,"chose_seed":false,"campfire_upgraded":0,"win_rate":0,"timestamp":1558933042,"path_taken":["M","?","?","$","M","E","M","M","T","E","M"],"build_version":"2019-01-23","purchased_purges":1,"victory":false,"max_hp_per_floor":[75,75,75,75,75,75,75,75,75,75,75],"card_choices":[{"not_picked":["Ghostly Armor","Perfected Strike"],"picked":"Feel No Pain","floor":1.0},{"not_picked":["Feel No Pain","Armaments"],"picked":"Clothesline","floor":5.0},{"not_picked":["Cleave","Dropkick","Flex"],"picked":"SKIP","floor":6.0},{"not_picked":["True Grit","Havoc"],"picked":"Shrug It Off","floor":7.0},{"not_picked":["Searing Blow","Seeing Red"],"picked":"Reaper","floor":8.0},{"not_picked":["Perfected Strike","Sword Boomerang"],"picked":"Carnage","floor":10.0}],"player_experience":483024,"relics_obtained":[{"floor":3.0,"key":"The Courier"},{"floor":6.0,"key":"Dodecahedron"},{"floor":9.0,"key":"Whetstone"},{"floor":10.0,"key":"Molten Egg 2"}],"event_choices":[{"damage_healed":0.0,"max_hp_gain":0.0,"max_hp_loss":0.0,"gold_gain":0.0,"event_name":"Shining Light","player_choice":"Entered Light","floor":2.0,"gold_loss":0.0,"damage_taken":15.0,"cards_upgraded":["Defend_R","Defend_R"]}],"is_beta":false,"boss_relics":[],"items_purged_floors":[4],"is_endless":false,"potions_floor_spawned":[1,5,7],"killed_by":"Lots of Slimes","ascension_level":14}