{"gold_per_floor":[114,129,129,129,129,129,204,242,242,261,336,355,374,412,412,537,537,556,259,278,278,297,335,335,354,429,454,473,89,108,127,127,252,252,271,271,290,309,309],"floor_reached":39,"playtime":3230,"items_purged":[],"score":467,"play_id":"e460d832-9db9-43d9-a024-602ef0dc97fb","local_time":"20190605205218","daily_mods":["Chimera","Colorless Cards","DeadlyEvents"],"is_ascension_mode":false,"campfire_choices":[{"data":"Sucker Punch","floor":6,"key":"SMITH"},{"floor":15,"key":"REST"},{"floor":24,"key":"REST"},{"floor":32,"key":"REST"}],"neow_cost":"","seed_source_timestamp":11945010709135,"circlet_count":0,"master_deck":["Bash","Survivor","Zap","PiercingWail+1","Sucker Punch+1","Leg Sweep+1","Dodge and Roll","Backflip","Poisoned Stab+1","Riddle With Holes+1","Quick Slash+1","Venomology","Impatience","Good Instincts","The Bomb","The Bomb","Master of Strategy","Enlightenment+1","Poisoned Stab+1","Poisoned Stab+1","Bane+1","Flying Knee+1","Poisoned Stab+1","Bane+1","Caltrops","Footwork","Deflect+1","Envenom","Flying Knee+1","Footwork","Dash+1","Blind+1","Deadly Poison+1","Trip+1","Skewer+1","Deadly Poison+1"],"special_seed":18053,"relics":["Ring of the Snake","Golden Idol","Shuriken","Ancient Tea Set","Molten Egg 2","Mercury Hourglass","Girya","Pandora\u0027s Box","Letter Opener","Blood Vial","Omamori","Toxic Egg 2","War Paint","Lantern","Sling","Orrery"],"potions_floor_usage":[8,16,18,23,23,25,25,31,33,33,38,39,39],"damage_taken":[{"damage":1,"enemies":"Jaw Worm","floor":1,"turns":6},{"damage":0,"enemies":"Cultist","floor":2,"turns":4},{"damage":1,"enemies":"Small Slimes","floor":4,"turns":3},{"damage":29,"enemies":"Gremlin Nob","floor":8,"turns":5},{"damage":3,"enemies":"2 Fungi Beasts","floor":10,"turns":7},{"damage":0,"enemies":"Red Slaver","floor":12,"turns":4},{"damage":1,"enemies":"Exordium Thugs","floor":13,"turns":3},{"damage":15,"enemies":"3 Sentries","floor":14,"turns":5},{"damage":17,"enemies":"Hexaghost","floor":16,"turns":10},{"damage":6,"enemies":"2 Thieves","floor":18,"turns":4},{"damage":6,"enemies":"3 Byrds","floor":20,"turns":3},{"damage":0,"enemies":"3 Cultists","floor":22,"turns":3},{"damage":27,"enemies":"Gremlin Leader","floor":23,"turns":7},{"damage":3,"enemies":"Shelled Parasite and Fungi","floor":25,"turns":3},{"damage":18,"enemies":"Snake Plant","floor":28,"turns":4},{"damage":1,"enemies":"3 Cultists","floor":30,"turns":5},{"damage":9,"enemies":"Centurion and Healer","floor":31,"turns":5},{"damage":48,"enemies":"Automaton","floor":33,"turns":9},{"damage":2,"enemies":"Orb Walker","floor":35,"turns":3},{"damage":6,"enemies":"3 Shapes","floor":37,"turns":4},{"damage":34,"enemies":"3 Darklings","floor":38,"turns":5},{"damage":35,"enemies":"Writhing Mass","floor":39,"turns":4}],"seed_played":"-1664165875077873763","potions_obtained":[{"floor":2,"key":"Fire Potion"},{"floor":8,"key":"FairyPotion"},{"floor":10,"key":"SteroidPotion"},{"floor":12,"key":"Dexterity Potion"},{"floor":20,"key":"GamblersBrew"},{"floor":22,"key":"AttackPotion"},{"floor":23,"key":"SpeedPotion"},{"floor":35,"key":"Explosive Potion"},{"floor":38,"key":"Energy Potion"}],"is_trial":false,"path_per_floor":["M","M","?","M","?","R","T","E","T","M","T","M","M","E","R","B",null,"M","$","M","?","M","E","R","M","T","T","M","$","M","M","R","B",null,"M","?","M","M","M"],"character_chosen":"THE_SILENT","items_purchased":["Letter Opener","Poisoned Stab+1","Lantern","Caltrops","Sling"],"campfire_rested":3,"item_purchase_floors":[19,19,29,29,29],"current_hp_per_floor":[69,69,69,68,65,65,65,36,36,33,33,33,32,17,36,19,65,59,59,53,53,55,30,49,48,48,48,32,32,33,26,45,6,65,63,63,59,27,0],"gold":309,"neow_bonus":"","is_prod":false,"is_daily":true,"chose_seed":false,"campfire_upgraded":1,"win_rate":0,"timestamp":1559789538,"path_taken":["M","M","?","?","?","R","?","?","T","?","?","M","M","?","R","BOSS","M","$","M","?","M","E","R","M","T","?","M","$","?","M","R","BOSS","M","?","M","?","M"],"build_version":"2019-01-23","purchased_purges":0,"victory":false,"max_hp_per_floor":[70,70,70,70,65,65,65,65,65,65,65,65,65,65,65,65,65,65,65,65,65,65,65,65,65,65,65,65,65,65,65,65,65,65,65,65,65,65,65],"card_choices":[{"not_picked":["Cloak And Dagger","Dagger Throw"],"picked":"PiercingWail","floor":1},{"not_picked":["Choke","Blade Dance"],"picked":"Sucker Punch","floor":2},{"not_picked":["Tactician","Predator"],"picked":"Leg Sweep","floor":4},{"not_picked":["Dagger Throw","Blade Dance"],"picked":"Dodge and Roll","floor":8},{"not_picked":["Deep Breath","Flying Knee+1"],"picked":"Backflip","floor":10},{"not_picked":["A Thousand Cuts","Outmaneuver"],"picked":"Poisoned Stab+1","floor":12},{"not_picked":["Underhanded Strike+1","Acrobatics"],"picked":"Riddle With Holes+1","floor":13},{"not_picked":["PiercingWail","Cloak And Dagger"],"picked":"Quick Slash+1","floor":14},{"not_picked":["Secret Technique","Metamorphosis"],"picked":"Venomology","floor":16},{"not_picked":["Dramatic Entrance+1","Cloak And Dagger"],"picked":"Enlightenment+1","floor":18},{"not_picked":["Deflect","Dagger Spray+1"],"picked":"Poisoned Stab+1","floor":20},{"not_picked":["Deflect+1","Underhanded Strike+1"],"picked":"Bane+1","floor":22},{"not_picked":["Dagger Throw+1","Glass Knife+1"],"picked":"Flying Knee+1","floor":23},{"not_picked":["Prepared+1","Dodge and Roll"],"picked":"Poisoned Stab+1","floor":25},{"not_picked":["Flying Knee+1","Footwork"],"picked":"Bane+1","floor":28},{"not_picked":["Acrobatics+1","Underhanded Strike+1"],"picked":"Footwork","floor":30},{"not_picked":["Blade Dance+1","Dodge and Roll+1"],"picked":"Deflect+1","floor":31},{"not_picked":["Adrenaline+1","Panache"],"picked":"Envenom","floor":33},{"not_picked":["Expertise+1","Cloak And Dagger+1"],"picked":"Flying Knee+1","floor":34},{"not_picked":["Masterful Stab+1","Slice+1"],"picked":"Footwork","floor":34},{"not_picked":["Cloak And Dagger+1","Underhanded Strike+1"],"picked":"Dash+1","floor":34},{"not_picked":["PiercingWail+1","Deflect+1"],"picked":"Blind+1","floor":34},{"not_picked":["Poisoned Stab+1","Predator+1"],"picked":"Deadly Poison+1","floor":34},{"not_picked":["Deflect+1","Outmaneuver+1"],"picked":"Trip+1","floor":35},{"not_picked":["Escape Plan+1","Masterful Stab+1"],"picked":"Skewer+1","floor":37},{"not_picked":["Acrobatics+1","Dagger Throw+1"],"picked":"Deadly Poison+1","floor":38}],"player_experience":152958,"relics_obtained":[{"floor":7,"key":"Shuriken"},{"floor":8,"key":"Ancient Tea Set"},{"floor":9,"key":"Molten Egg 2"},{"floor":11,"key":"Mercury Hourglass"},{"floor":14,"key":"Girya"},{"floor":23,"key":"Omamori"},{"floor":26,"key":"Toxic Egg 2"},{"floor":27,"key":"War Paint"}],"event_choices":[{"cards_removed":["Strike_G"],"damage_healed":0,"gold_gain":0,"player_choice":"Purged","damage_taken":0,"max_hp_gain":0,"max_hp_loss":0,"event_name":"Purifier","floor":3,"gold_loss":0},{"damage_healed":0,"gold_gain":0,"player_choice":"Lose Max HP","damage_taken":0,"relics_obtained":["Golden Idol"],"max_hp_gain":0,"max_hp_loss":5,"event_name":"Golden Idol","floor":5,"gold_loss":0},{"damage_healed":0,"gold_gain":0,"player_choice":"Opened","damage_taken":0,"relics_obtained":["Blood Vial"],"max_hp_gain":0,"max_hp_loss":0,"event_name":"The Mausoleum","floor":21,"gold_loss":0},{"damage_healed":0,"gold_gain":0,"player_choice":"Ignored","damage_taken":0,"max_hp_gain":0,"max_hp_loss":0,"event_name":"Tomb of Lord Red Mask","floor":36,"gold_loss":0}],"is_beta":false,"boss_relics":[{"not_picked":["WristBlade","White Beast Statue"],"picked":"Pandora\u0027s Box"},{"not_picked":["Coffee Dripper","Calling Bell"],"picked":"Orrery"}],"items_purged_floors":[],"is_endless":false,"potions_floor_spawned":[2,8,10,12,20,22,23,30,35,38],"killed_by":"Writhing Mass","ascension_level":0}