{"gold_per_floor":[115,126,140,140,154,154,181,198,267,33,33,33,63,122,122,122],"floor_reached":16,"playtime":582,"items_purged":["Strike_R"],"score":149,"play_id":"27217c38-8879-4f77-9d95-26485540ea64","local_time":"20180816111808","is_ascension_mode":true,"campfire_choices":[{"data":"Carnage","floor":6,"key":"SMITH"},{"floor":12,"key":"REST"},{"data":"Flex","floor":15,"key":"SMITH"}],"neow_cost":"NONE","seed_source_timestamp":261807779409826,"circlet_count":0,"master_deck":["Strike_R","Strike_R","Strike_R","Strike_R","Defend_R","Defend_R","Defend_R","Defend_R","Bash","Carnage+1","Whirlwind","Flex+1","Spot Weakness","Immolate","Warcry"],"relics":["Black Star","Blue Candle","The Courier","Bottled Flame","Pantograph","Pear","Frozen Egg 2","Orichalcum"],"potions_floor_usage":[8,13,13,14,16],"damage_taken":[{"damage":6,"enemies":"Cultist","floor":1,"turns":3},{"damage":6,"enemies":"2 Louse","floor":2,"turns":3},{"damage":9,"enemies":"Jaw Worm","floor":3,"turns":3},{"damage":7,"enemies":"Looter","floor":5,"turns":3},{"damage":35,"enemies":"Lagavulin","floor":7,"turns":5},{"damage":0,"enemies":"3 Louse","floor":8,"turns":2},{"damage":11,"enemies":"Gremlin Nob","floor":13,"turns":4},{"damage":15,"enemies":"3 Sentries","floor":14,"turns":4},{"damage":44,"enemies":"The Guardian","floor":16,"turns":11}],"seed_played":"-1287164243899241552","potions_obtained":[{"floor":1,"key":"SpeedPotion"},{"floor":7,"key":"LiquidBronze"},{"floor":8,"key":"Energy Potion"},{"floor":14,"key":"Explosive Potion"},{"floor":14,"key":"Dexterity Potion"}],"is_trial":false,"path_per_floor":["M","M","M","T","M","R","E","M","T","$","?","R","E","?","R"],"character_chosen":"IRONCLAD","items_purchased":["EssenceOfSteel","Immolate"],"campfire_rested":1,"item_purchase_floors":[10,10],"current_hp_per_floor":[66,60,51,51,44,44,9,9,9,9,9,33,32,17,17,0],"gold":122,"neow_bonus":"BOSS_RELIC","is_prod":false,"is_daily":false,"chose_seed":false,"campfire_upgraded":2,"win_rate":0,"timestamp":1534407488,"path_taken":["M","M","?","?","M","R","E","M","T","$","?","R","E","?","R","BOSS"],"build_version":"2018-08-09","purchased_purges":1,"victory":false,"max_hp_per_floor":[80,80,80,80,80,80,80,80,80,80,80,80,90,90,90,90],"card_choices":[{"not_picked":["Sword Boomerang","Armaments"],"picked":"Carnage","floor":1},{"not_picked":["Sentinel","Perfected Strike"],"picked":"Whirlwind","floor":2},{"not_picked":["Twin Strike","Clothesline","Anger"],"picked":"SKIP","floor":3},{"not_picked":["Rupture","Dropkick","Infernal Blade"],"picked":"SKIP","floor":5},{"not_picked":["Wild Strike","Heavy Blade"],"picked":"Flex","floor":7},{"not_picked":["Heavy Blade","Cleave"],"picked":"Spot Weakness","floor":8},{"not_picked":["True Grit","Cleave","Bludgeon"],"picked":"SKIP","floor":13},{"not_picked":["Wild Strike","True Grit"],"picked":"Warcry","floor":14}],"player_experience":208442,"relics_obtained":[{"floor":4,"key":"Blue Candle"},{"floor":7,"key":"The Courier"},{"floor":7,"key":"Bottled Flame"},{"floor":9,"key":"Pantograph"},{"floor":13,"key":"Pear"},{"floor":13,"key":"Frozen Egg 2"},{"floor":14,"key":"Orichalcum"}],"event_choices":[{"event_name":"Golden Idol","player_choice":"Ignored","floor":11,"damage_taken":0},{"event_name":"Dead Adventurer","player_choice":"Searched \u00271\u0027 times","floor":14,"damage_taken":0}],"is_beta":false,"boss_relics":[],"items_purged_floors":[10],"is_endless":false,"potions_floor_spawned":[1,7,8,14,14],"killed_by":"The Guardian","ascension_level":7}