{"gold_per_floor":[118,68,68,81,81,96,110,110],"floor_reached":8,"playtime":347,"items_purged":[],"score":65,"play_id":"ac4ae777-2afb-4e45-b742-1cdadd275b1d","local_time":"20190515134047","is_ascension_mode":true,"campfire_choices":[],"neow_cost":"PERCENT_DAMAGE","seed_source_timestamp":2412567986506741,"circlet_count":0,"master_deck":["Strike_R","Strike_R","Strike_R","Defend_R","Defend_R","Bash+1","Fire Breathing","Brutality"],"relics":["Burning Blood"],"potions_floor_usage":[7,8],"damage_taken":[{"damage":7,"enemies":"2 Louse","floor":1,"turns":3},{"damage":22,"enemies":"Small Slimes","floor":4,"turns":5},{"damage":1,"enemies":"Cultist","floor":6,"turns":3},{"damage":25,"enemies":"Gremlin Gang","floor":7,"turns":3},{"damage":20,"enemies":"Gremlin Nob","floor":8,"turns":3}],"seed_played":"-120351190617355707","potions_obtained":[{"floor":1,"key":"GamblersBrew"},{"floor":4,"key":"Swift Potion"},{"floor":6,"key":"LiquidBronze"}],"is_trial":false,"path_per_floor":["M","?","?","M","?","M","M","E"],"character_chosen":"IRONCLAD","items_purchased":[],"campfire_rested":0,"item_purchase_floors":[],"current_hp_per_floor":[50,50,50,34,34,39,20,0],"gold":110,"neow_bonus":"TRANSFORM_TWO_CARDS","is_prod":false,"is_daily":false,"chose_seed":false,"campfire_upgraded":0,"win_rate":0,"timestamp":1557916847,"path_taken":["M","?","?","M","?","M","M","E"],"build_version":"2019-01-23","purchased_purges":0,"victory":false,"max_hp_per_floor":[80,80,80,80,80,80,80,80],"card_choices":[{"not_picked":["Shockwave","Thunderclap","Sword Boomerang"],"picked":"SKIP","floor":1},{"not_picked":["Ghostly Armor","Intimidate","Clothesline"],"picked":"SKIP","floor":4},{"not_picked":["Sentinel","Perfected Strike","Heavy Blade"],"picked":"SKIP","floor":6},{"not_picked":["Wild Strike","Sever Soul","Carnage"],"picked":"SKIP","floor":7}],"player_experience":292605,"relics_obtained":[],"event_choices":[{"cards_removed":["Strike_R"],"damage_healed":0,"gold_gain":0,"player_choice":"Card Removal","damage_taken":0,"max_hp_gain":0,"max_hp_loss":0,"event_name":"The Cleric","floor":2,"gold_loss":50},{"cards_removed":["Defend_R"],"damage_healed":0,"gold_gain":0,"player_choice":"Forget","damage_taken":0,"max_hp_gain":0,"max_hp_loss":0,"event_name":"Living Wall","floor":3,"gold_loss":0},{"damage_healed":0,"gold_gain":0,"player_choice":"Upgraded","damage_taken":0,"max_hp_gain":0,"max_hp_loss":0,"event_name":"Upgrade Shrine","floor":5,"gold_loss":0,"cards_upgraded":["Bash"]}],"is_beta":false,"boss_relics":[],"items_purged_floors":[],"is_endless":false,"potions_floor_spawned":[1,4,6],"killed_by":"Gremlin Nob","ascension_level":7}