{"gold_per_floor":[112,130,141,156,174,174,201,213,238,115,143,165,196,235,247,259,271,293,305,331,366,392,439,468,505,517,562,216,231,243,276,276,372,372,384,384,400,415,64,89,89,114,188,215,248,282,329,362,362,362,362,362,8,38,38],"floor_reached":56,"playtime":6480,"items_purged":["Strike_R","Strike_R","Strike_R","Strike_R"],"score":1951,"play_id":"03855cef-218c-43c3-91a2-2d7905a1eaa5","local_time":"20190427222404","is_ascension_mode":true,"campfire_choices":[{"data":"Limit Break","floor":6.0,"key":"SMITH"},{"floor":15.0,"key":"REST"},{"data":"Limit Break","floor":32.0,"key":"SMITH"},{"floor":41.0,"key":"RECALL"},{"floor":49.0,"key":"REST"},{"floor":52.0,"key":"REST"}],"neow_cost":"NONE","seed_source_timestamp":0,"circlet_count":0,"master_deck":["Strike_R","Defend_R","Defend_R","Defend_R","Defend_R+1","Bash+1","Cleave","Pummel","True Grit+1","Headbutt","Limit Break+1","Pommel Strike","Armaments","Clothesline","True Grit","Battle Trance","Feed+1","True Grit+1","Decay","Pummel","Uppercut","Intimidate","Doubt","Shrug It Off","Limit Break+1","Ghostly Armor+1","Shrug It Off","Reaper","Hemokinesis+1","Shockwave+1","Clumsy","Decay","Battle Trance+1","Armaments+1","Clothesline+1","Offering","Burning Pact+1"],"special_seed":0,"relics":["Black Star","Pear","Self Forming Clay","Red Skull","PreservedInsect","MawBank","The Courier","StoneCalendar","Cursed Key","Juzu Bracelet","Anchor","Incense Burner","Whetstone","Letter Opener","Pen Nib","Strawberry","Orichalcum","Vajra","War Paint","Fusion Hammer","Thread and Needle","Bronze Scales","WingedGreaves","Dream Catcher","Dodecahedron","Bottled Flame","Oddly Smooth Stone","Calipers","Meat on the Bone","Lantern","Potion Belt","Champion Belt","Darkstone Periapt","Bag of Marbles","Bag of Preparation","Bird Faced Urn","Centennial Puzzle"],"potions_floor_usage":[55],"damage_taken":[{"damage":5.0,"enemies":"Cultist","floor":1.0,"turns":5.0},{"damage":5.0,"enemies":"2 Louse","floor":2.0,"turns":3.0},{"damage":3.0,"enemies":"Jaw Worm","floor":3.0,"turns":4.0},{"damage":7.0,"enemies":"Exordium Wildlife","floor":4.0,"turns":6.0},{"damage":0.0,"enemies":"2 Fungi Beasts","floor":5.0,"turns":2.0},{"damage":8.0,"enemies":"Gremlin Nob","floor":7.0,"turns":3.0},{"damage":11.0,"enemies":"Blue Slaver","floor":8.0,"turns":4.0},{"damage":17.0,"enemies":"3 Sentries","floor":11.0,"turns":4.0},{"damage":1.0,"enemies":"Looter","floor":12.0,"turns":3.0},{"damage":1.0,"enemies":"Red Slaver","floor":13.0,"turns":3.0},{"damage":2.0,"enemies":"Lagavulin","floor":14.0,"turns":5.0},{"damage":48.0,"enemies":"Hexaghost","floor":16.0,"turns":10.0},{"damage":25.0,"enemies":"2 Thieves","floor":18.0,"turns":5.0},{"damage":10.0,"enemies":"Shell Parasite","floor":20.0,"turns":4.0},{"damage":6.0,"enemies":"Centurion and Healer","floor":22.0,"turns":5.0},{"damage":0.0,"enemies":"Gremlin Leader","floor":23.0,"turns":2.0},{"damage":5.0,"enemies":"Shelled Parasite and Fungi","floor":24.0,"turns":3.0},{"damage":7.0,"enemies":"Slavers","floor":25.0,"turns":3.0},{"damage":21.0,"enemies":"Gremlin Leader","floor":27.0,"turns":4.0},{"damage":0.0,"enemies":"Snecko","floor":29.0,"turns":4.0},{"damage":0.0,"enemies":"Centurion and Healer","floor":30.0,"turns":2.0},{"damage":0.0,"enemies":"Book of Stabbing","floor":31.0,"turns":3.0},{"damage":1.0,"enemies":"Collector","floor":33.0,"turns":5.0},{"damage":2.0,"enemies":"3 Shapes","floor":35.0,"turns":3.0},{"damage":0.0,"enemies":"Orb Walker","floor":37.0,"turns":4.0},{"damage":31.0,"enemies":"3 Darklings","floor":38.0,"turns":6.0},{"damage":25.0,"enemies":"Reptomancer","floor":40.0,"turns":6.0},{"damage":10.0,"enemies":"Giant Head","floor":42.0,"turns":7.0},{"damage":42.0,"enemies":"Reptomancer","floor":45.0,"turns":6.0},{"damage":4.0,"enemies":"Giant Head","floor":46.0,"turns":6.0},{"damage":25.0,"enemies":"2 Orb Walkers","floor":47.0,"turns":6.0},{"damage":11.0,"enemies":"Nemesis","floor":48.0,"turns":5.0},{"damage":56.0,"enemies":"Donu and Deca","floor":50.0,"turns":8.0},{"damage":37.0,"enemies":"Shield and Spear","floor":54.0,"turns":7.0},{"damage":45,"enemies":"The Heart","floor":55,"turns":9}],"seed_played":"-2562844072154831879","potions_obtained":[{"floor":3.0,"key":"Poison Potion"},{"floor":5.0,"key":"PowerPotion"},{"floor":8.0,"key":"BloodPotion"},{"floor":12.0,"key":"SteroidPotion"},{"floor":22.0,"key":"Explosive Potion"},{"floor":25.0,"key":"Dexterity Potion"},{"floor":30.0,"key":"BloodPotion"},{"floor":31.0,"key":"EntropicBrew"},{"floor":35.0,"key":"Energy Potion"},{"floor":37.0,"key":"Weak Potion"},{"floor":42.0,"key":"FearPotion"},{"floor":48.0,"key":"Dexterity Potion"}],"is_trial":false,"path_per_floor":["M","M","M","M","M","R","E","M","T","$","E","M","M","E","R","B",null,"M","?","M","T","M","E","M","E","T","E","$","M","M","E","R","B",null,"M","?","M","M","$","E","R","E","T","T","E","E","?","E","R","B",null,"R","$","E","B",null],"character_chosen":"IRONCLAD","items_purchased":["Armaments","Shrug It Off","Limit Break","Orichalcum","Thread and Needle","Bag of Preparation","Offering"],"campfire_rested":3,"item_purchase_floors":[10,28,28,28,39,53,53],"current_hp_per_floor":[67,62,59,52,52,52,54,43,43,43,35,34,33,31,58,10,70,48,48,38,38,36,39,37,33,33,23,23,23,27,43,43,42,104,118,118,118,108,108,98,98,109,109,109,91,93,93,89,128,77,119,133,133,96,63],"gold":38,"neow_bonus":"BOSS_RELIC","is_prod":false,"is_daily":false,"chose_seed":false,"campfire_upgraded":2,"win_rate":0,"timestamp":1556421844,"path_taken":["M","M","M","?","M","R","E","M","T","$","E","M","M","E","R","BOSS","M","?","M","?","M","E","M","E","T","E","?","M","M","E","R","BOSS","M","?","M","M","$","E","R","E","T","?","E","E","?","E","R","BOSS","R","$","E","BOSS"],"build_version":"2019-01-23","purchased_purges":4,"victory":true,"max_hp_per_floor":[80,80,80,80,80,80,90,90,90,90,90,90,90,90,90,90,90,93,93,93,93,97,100,103,106,106,117,117,117,121,125,125,125,125,129,129,129,129,129,129,129,133,133,133,133,133,133,133,133,133,133,133,133,133,133],"card_choices":[{"not_picked":["Rampage","Carnage"],"picked":"Cleave","floor":1.0},{"not_picked":["Wild Strike","Blood for Blood"],"picked":"Pummel","floor":2.0},{"not_picked":["Pummel","Perfected Strike"],"picked":"True Grit","floor":3.0},{"not_picked":["Anger","Heavy Blade"],"picked":"Headbutt","floor":4.0},{"not_picked":["Warcry","Armaments"],"picked":"Limit Break","floor":5.0},{"not_picked":["Corruption","Entrench","Body Slam"],"picked":"SKIP","floor":7.0},{"not_picked":["Iron Wave","Perfected Strike"],"picked":"Pommel Strike","floor":8.0},{"not_picked":["Armaments","Heavy Blade"],"picked":"Clothesline","floor":11.0},{"not_picked":["Warcry","Clothesline","Iron Wave"],"picked":"SKIP","floor":12.0},{"not_picked":["Heavy Blade","Second Wind"],"picked":"True Grit","floor":13.0},{"not_picked":["Body Slam","Sword Boomerang"],"picked":"Battle Trance","floor":14.0},{"not_picked":["Dark Embrace","Bludgeon"],"picked":"Feed","floor":16.0},{"not_picked":["Armaments","Clash","Blood for Blood+1"],"picked":"SKIP","floor":18.0},{"not_picked":["Sword Boomerang","Perfected Strike+1"],"picked":"True Grit+1","floor":20.0},{"not_picked":["Armaments","Dropkick"],"picked":"Pummel","floor":22.0},{"not_picked":["Wild Strike","Heavy Blade+1"],"picked":"Uppercut","floor":23.0},{"not_picked":["Sword Boomerang","Iron Wave+1"],"picked":"Intimidate","floor":24.0},{"not_picked":["Brutality","Blood for Blood","Metallicize"],"picked":"SKIP","floor":25.0},{"not_picked":["Iron Wave","Body Slam","Havoc"],"picked":"SKIP","floor":27.0},{"not_picked":["True Grit","Thunderclap+1","Armaments"],"picked":"SKIP","floor":29.0},{"not_picked":["Heavy Blade","Warcry+1"],"picked":"Ghostly Armor+1","floor":30.0},{"not_picked":["Bloodletting+1","Cleave"],"picked":"Shrug It Off","floor":31.0},{"not_picked":["Exhume","Impervious"],"picked":"Reaper","floor":33.0},{"not_picked":["Flame Barrier","Armaments","Headbutt"],"picked":"SKIP","floor":35.0},{"not_picked":["Entrench","Bloodletting+1"],"picked":"Hemokinesis+1","floor":37.0},{"not_picked":["Disarm","Thunderclap"],"picked":"Shockwave+1","floor":38.0},{"not_picked":["Warcry","Thunderclap","Feel No Pain+1"],"picked":"SKIP","floor":40.0},{"not_picked":["Iron Wave+1","Sever Soul","Searing Blow"],"picked":"SKIP","floor":42.0},{"not_picked":["Warcry+1","Uppercut+1"],"picked":"Battle Trance+1","floor":45.0},{"not_picked":["Wild Strike","Perfected Strike+1","Headbutt"],"picked":"SKIP","floor":46.0},{"not_picked":["Combust+1","Clothesline"],"picked":"Armaments+1","floor":48.0},{"not_picked":["Twin Strike","Whirlwind"],"picked":"Clothesline+1","floor":49.0},{"not_picked":["Combust","Seeing Red"],"picked":"Burning Pact+1","floor":54.0}],"player_experience":341406,"relics_obtained":[{"floor":7.0,"key":"Pear"},{"floor":7.0,"key":"Self Forming Clay"},{"floor":9.0,"key":"Red Skull"},{"floor":11.0,"key":"PreservedInsect"},{"floor":11.0,"key":"MawBank"},{"floor":14.0,"key":"The Courier"},{"floor":14.0,"key":"StoneCalendar"},{"floor":21.0,"key":"Juzu Bracelet"},{"floor":23.0,"key":"Anchor"},{"floor":23.0,"key":"Incense Burner"},{"floor":25.0,"key":"Whetstone"},{"floor":25.0,"key":"Letter Opener"},{"floor":27.0,"key":"Pen Nib"},{"floor":27.0,"key":"Strawberry"},{"floor":31.0,"key":"Vajra"},{"floor":31.0,"key":"War Paint"},{"floor":40.0,"key":"Bronze Scales"},{"floor":40.0,"key":"WingedGreaves"},{"floor":42.0,"key":"Dream Catcher"},{"floor":42.0,"key":"Dodecahedron"},{"floor":43.0,"key":"Bottled Flame"},{"floor":44.0,"key":"Oddly Smooth Stone"},{"floor":45.0,"key":"Calipers"},{"floor":45.0,"key":"Meat on the Bone"},{"floor":46.0,"key":"Lantern"},{"floor":46.0,"key":"Potion Belt"},{"floor":47.0,"key":"Champion Belt"},{"floor":48.0,"key":"Darkstone Periapt"},{"floor":48.0,"key":"Bag of Marbles"},{"floor":54.0,"key":"Bird Faced Urn"},{"floor":54.0,"key":"Centennial Puzzle"}],"event_choices":[{"damage_healed":0.0,"max_hp_gain":0.0,"max_hp_loss":0.0,"gold_gain":0.0,"event_name":"Ghosts","player_choice":"Ignored","floor":19.0,"gold_loss":0.0,"damage_taken":0.0},{"damage_healed":0.0,"max_hp_gain":0.0,"max_hp_loss":0.0,"gold_gain":0.0,"event_name":"Tomb of Lord Red Mask","player_choice":"Ignored","floor":36.0,"gold_loss":0.0,"damage_taken":0.0},{"damage_healed":0.0,"max_hp_gain":0.0,"max_hp_loss":0.0,"gold_gain":0.0,"event_name":"Mysterious Sphere","player_choice":"Fight","floor":47.0,"gold_loss":0.0,"damage_taken":0.0}],"is_beta":false,"boss_relics":[{"not_picked":["Runic Dome","Calling Bell"],"picked":"Cursed Key"},{"not_picked":["White Beast Statue","Runic Pyramid"],"picked":"Fusion Hammer"}],"items_purged_floors":[10,28,39,53],"is_endless":false,"potions_floor_spawned":[3,5,8,12,22,25,30,31,35,37,42,48],"ascension_level":7}