{"gold_per_floor":[114,129,129,144,159,189,189,219,244,259,289,364,394,409,409,509,509,524,124,139,139,154,154,184,184,209,239,239,239,254,284,284,384,384,399,414,429,27,42,72,72,102,102,117,132,147,162,187,187,187],"floor_reached":51,"playtime":3526,"items_purged":[],"score":1101,"play_id":"1e4b1a95-6fed-4c18-b932-efa8589b9cab","local_time":"20190529021349","daily_mods":["Insanity","Time Dilation","DeadlyEvents"],"is_ascension_mode":false,"campfire_choices":[{"floor":7,"key":"REST"},{"floor":15,"key":"REST"},{"floor":23,"key":"REST"},{"data":"Bouncing Flask","floor":25,"key":"SMITH"},{"floor":29,"key":"REST"},{"data":"Bane","floor":32,"key":"SMITH"},{"floor":41,"key":"REST"},{"floor":49,"key":"REST"}],"neow_cost":"","seed_source_timestamp":24074467063390,"circlet_count":0,"master_deck":["Expertise","Escape Plan","Deflect","Caltrops","Calculated Gamble","Calculated Gamble","Dodge and Roll","Cloak And Dagger","Calculated Gamble","Bane+1","Prepared","Sucker Punch","Poisoned Stab","Acrobatics","Bouncing Flask+1","Quick Slash","Dagger Throw","Underhanded Strike","Slice","Prepared","PiercingWail","Terror","Bane","Leg Sweep","Poisoned Stab","Distraction","Cloak And Dagger","Poisoned Stab","Masterful Stab","PiercingWail","Dodge and Roll","Slice","Dagger Throw","Infinite Blades","Slice","Flying Knee","Backflip","Eviscerate","Outmaneuver","Deadly Poison","Terror","Acrobatics","Distraction","Leg Sweep","Dagger Throw","Quick Slash","Dagger Spray","Outmaneuver","Riddle With Holes","Dagger Throw","Cloak And Dagger","Escape Plan","Crippling Poison","Blur","Dash","Leg Sweep","Blur","After Image","Crippling Poison","Bouncing Flask","Envenom","Dagger Spray","Underhanded Strike","Blade Dance","Terror","Bouncing Flask","Bane","Wraith Form v2","Leg Sweep+1","Crippling Poison+1","Bane","Backstab","Cloak And Dagger+1","Concentrate+1","Flying Knee","Sucker Punch+1"],"special_seed":18045,"relics":["Ring of the Snake","FaceOfCleric","Lantern","Mummified Hand","Anchor","FossilizedHelix","Shuriken","Happy Flower","Busted Crown","Mercury Hourglass","Vajra","Potion Belt","Bag of Marbles","Pear","Singing Bowl","Kunai","Ancient Tea Set","Blood Vial","Paper Crane","PreservedInsect","The Specimen","Dream Catcher"],"potions_floor_usage":[4,6,13,16,22,24,31,33,36,50,50,50,50,50],"damage_taken":[{"damage":0,"enemies":"Cultist","floor":1,"turns":2},{"damage":0,"enemies":"Small Slimes","floor":2,"turns":2},{"damage":0,"enemies":"Jaw Worm","floor":4,"turns":2},{"damage":10,"enemies":"Large Slime","floor":5,"turns":3},{"damage":22,"enemies":"Gremlin Nob","floor":6,"turns":5},{"damage":10,"enemies":"Lagavulin","floor":8,"turns":4},{"damage":0,"enemies":"2 Fungi Beasts","floor":10,"turns":2},{"damage":0,"enemies":"3 Sentries","floor":11,"turns":2},{"damage":0,"enemies":"Gremlin Nob","floor":13,"turns":4},{"damage":0,"enemies":"3 Louse","floor":14,"turns":3},{"damage":27,"enemies":"Hexaghost","floor":16,"turns":6},{"damage":0,"enemies":"Spheric Guardian","floor":18,"turns":4},{"damage":0,"enemies":"2 Thieves","floor":20,"turns":3},{"damage":0,"enemies":"Shelled Parasite and Fungi","floor":22,"turns":3},{"damage":0,"enemies":"Gremlin Leader","floor":24,"turns":3},{"damage":12,"enemies":"Book of Stabbing","floor":27,"turns":4},{"damage":0,"enemies":"Snecko","floor":30,"turns":3},{"damage":0,"enemies":"Gremlin Leader","floor":31,"turns":3},{"damage":34,"enemies":"Champ","floor":33,"turns":8},{"damage":1,"enemies":"3 Darklings","floor":35,"turns":4},{"damage":7,"enemies":"3 Shapes","floor":36,"turns":3},{"damage":9,"enemies":"Jaw Worm Horde","floor":37,"turns":4},{"damage":0,"enemies":"Maw","floor":39,"turns":6},{"damage":27,"enemies":"Giant Head","floor":40,"turns":7},{"damage":0,"enemies":"Reptomancer","floor":42,"turns":4},{"damage":0,"enemies":"Transient","floor":44,"turns":5},{"damage":25,"enemies":"4 Shapes","floor":45,"turns":3},{"damage":0,"enemies":"Maw","floor":46,"turns":6},{"damage":2,"enemies":"Sphere and 2 Shapes","floor":47,"turns":5},{"damage":85,"enemies":"Awakened One","floor":50,"turns":14}],"seed_played":"-6599637533551132899","potions_obtained":[{"floor":1,"key":"Block Potion"},{"floor":2,"key":"SkillPotion"},{"floor":6,"key":"Poison Potion"},{"floor":11,"key":"LiquidBronze"},{"floor":14,"key":"PowerPotion"},{"floor":16,"key":"Regen Potion"},{"floor":22,"key":"GhostInAJar"},{"floor":24,"key":"LiquidBronze"},{"floor":30,"key":"SteroidPotion"},{"floor":31,"key":"SteroidPotion"},{"floor":35,"key":"SpeedPotion"},{"floor":36,"key":"Fruit Juice"},{"floor":37,"key":"FearPotion"},{"floor":44,"key":"Weak Potion"},{"floor":47,"key":"SkillPotion"}],"is_trial":false,"path_per_floor":["M","M","?","M","M","E","R","E","T","M","E","T","E","M","R","B",null,"M","$","M","?","M","R","E","R","T","E","?","R","M","E","R","B",null,"M","M","M","$","M","E","R","E","T","M","M","M","M","T","R","B",null],"character_chosen":"THE_SILENT","items_purchased":["Mercury Hourglass","Vajra","Ancient Tea Set","Blood Vial","Bane","Backstab"],"campfire_rested":6,"item_purchase_floors":[19,19,38,38,38,38],"current_hp_per_floor":[70,70,70,71,62,41,62,53,53,54,55,55,56,57,78,52,79,80,80,81,66,79,87,88,88,88,87,87,99,100,103,103,70,104,104,105,97,97,102,78,113,118,118,123,100,103,106,106,129,45],"gold":187,"neow_bonus":"","is_prod":false,"is_daily":true,"chose_seed":false,"campfire_upgraded":2,"win_rate":0,"timestamp":1559117629,"path_taken":["M","?","?","M","M","E","R","?","T","?","E","?","E","M","R","BOSS","M","$","M","?","M","R","E","R","T","E","?","R","M","?","R","BOSS","M","M","M","$","?","E","R","?","T","M","M","M","M","?","R","BOSS"],"build_version":"2019-01-23","purchased_purges":0,"victory":true,"max_hp_per_floor":[70,70,70,71,72,73,73,74,74,75,76,76,77,78,78,79,79,80,80,81,86,87,87,88,88,88,99,99,99,100,103,103,104,104,105,113,114,114,117,118,118,121,121,124,125,126,129,129,129,130],"card_choices":[{"not_picked":["Flying Knee","Distraction"],"picked":"Cloak And Dagger","floor":1},{"not_picked":["Well Laid Plans","Setup"],"picked":"Escape Plan","floor":2},{"not_picked":["Backstab","Blur"],"picked":"Crippling Poison","floor":4},{"not_picked":["Expertise","Heel Hook"],"picked":"Blur","floor":5},{"not_picked":["Cloak And Dagger","Flying Knee"],"picked":"Dash","floor":6},{"not_picked":["Grand Finale","Sucker Punch"],"picked":"Leg Sweep","floor":8},{"not_picked":["PiercingWail","Choke"],"picked":"Blur","floor":10},{"not_picked":["Underhanded Strike","Backflip"],"picked":"After Image","floor":11},{"not_picked":["Dodge and Roll","Deadly Poison"],"picked":"Crippling Poison","floor":13},{"not_picked":["Caltrops","Deflect"],"picked":"Bouncing Flask","floor":14},{"not_picked":["Wraith Form v2","Die Die Die"],"picked":"Envenom","floor":16},{"not_picked":[],"picked":"Dagger Spray","floor":18},{"not_picked":[],"picked":"Underhanded Strike","floor":20},{"not_picked":[],"picked":"Blade Dance","floor":22},{"not_picked":[],"picked":"Terror","floor":24},{"not_picked":[],"picked":"Bouncing Flask","floor":27},{"not_picked":[],"picked":"Bane","floor":30},{"not_picked":["Underhanded Strike"],"picked":"Singing Bowl","floor":31},{"not_picked":[],"picked":"Wraith Form v2","floor":33},{"not_picked":[],"picked":"Leg Sweep+1","floor":35},{"not_picked":["Escape Plan"],"picked":"Singing Bowl","floor":36},{"not_picked":[],"picked":"Crippling Poison+1","floor":37},{"not_picked":["Escape Plan"],"picked":"Singing Bowl","floor":39},{"not_picked":[],"picked":"Cloak And Dagger+1","floor":40},{"not_picked":["Endless Agony+1"],"picked":"Singing Bowl","floor":42},{"not_picked":["Slice+1"],"picked":"Singing Bowl","floor":44},{"not_picked":[],"picked":"Concentrate+1","floor":45},{"not_picked":[],"picked":"Flying Knee","floor":46},{"not_picked":["Calculated Gamble+1"],"picked":"Singing Bowl","floor":47},{"not_picked":[],"picked":"Sucker Punch+1","floor":49}],"player_experience":106791,"relics_obtained":[{"floor":6,"key":"Lantern"},{"floor":8,"key":"Mummified Hand"},{"floor":9,"key":"Anchor"},{"floor":11,"key":"FossilizedHelix"},{"floor":12,"key":"Shuriken"},{"floor":13,"key":"Happy Flower"},{"floor":24,"key":"Potion Belt"},{"floor":26,"key":"Bag of Marbles"},{"floor":27,"key":"Pear"},{"floor":31,"key":"Kunai"},{"floor":40,"key":"Paper Crane"},{"floor":42,"key":"PreservedInsect"},{"floor":43,"key":"The Specimen"},{"floor":48,"key":"Dream Catcher"}],"event_choices":[{"damage_healed":0,"gold_gain":0,"player_choice":"Trade","damage_taken":0,"relics_obtained":["FaceOfCleric"],"max_hp_gain":0,"max_hp_loss":0,"event_name":"FaceTrader","floor":3,"gold_loss":0},{"damage_healed":0,"gold_gain":0,"player_choice":"Shed Blood","damage_taken":20,"max_hp_gain":5,"max_hp_loss":0,"event_name":"Forgotten Altar","floor":21,"gold_loss":0},{"damage_healed":0,"gold_gain":0,"player_choice":"Gave Potion","damage_taken":0,"relics_obtained":["Singing Bowl"],"max_hp_gain":0,"max_hp_loss":0,"event_name":"WeMeetAgain","floor":28,"gold_loss":0}],"is_beta":false,"boss_relics":[{"not_picked":["Fusion Hammer","Astrolabe"],"picked":"Busted Crown"},{"not_picked":["Runic Dome","Philosopher\u0027s Stone","Empty Cage"]}],"items_purged_floors":[],"is_endless":false,"potions_floor_spawned":[1,2,6,11,14,16,22,24,30,31,35,36,37,44,47],"ascension_level":0}