{"gold_per_floor":[110,127,127,143,143,143,20,20,47,47,60,77,94,94,94,94],"floor_reached":16,"playtime":634,"items_purged":["Strike_R"],"score":120,"play_id":"fbbff01b-86ed-40ba-8d60-075f38395bae","local_time":"20180816094154","is_ascension_mode":true,"campfire_choices":[{"data":"Second Wind","floor":6.0,"key":"SMITH"},{"data":"Bash","floor":8.0,"key":"SMITH"},{"data":"Flex","floor":15.0,"key":"SMITH"}],"neow_cost":"NONE","seed_source_timestamp":255872721564982,"circlet_count":0,"master_deck":["Strike_R","Strike_R","Strike_R","Defend_R","Defend_R","Defend_R","Defend_R","Bash+1","Second Wind+1","Sword Boomerang","Sentinel","Flex+1","Whirlwind","Iron Wave"],"special_seed":0,"relics":["Burning Blood","Blood Vial","Omamori"],"potions_floor_usage":[16],"damage_taken":[{"damage":0.0,"enemies":"2 Louse","floor":1.0,"turns":4.0},{"damage":9.0,"enemies":"Jaw Worm","floor":2.0,"turns":3.0},{"damage":0.0,"enemies":"Small Slimes","floor":4.0,"turns":3.0},{"damage":17.0,"enemies":"Exordium Wildlife","floor":11.0,"turns":6.0},{"damage":28.0,"enemies":"Large Slime","floor":12.0,"turns":6.0},{"damage":12.0,"enemies":"2 Fungi Beasts","floor":13.0,"turns":2.0},{"damage":67,"enemies":"Hexaghost","floor":16,"turns":12}],"seed_played":"627426776549875173","potions_obtained":[{"floor":1.0,"key":"Block Potion"},{"floor":2.0,"key":"Swift Potion"},{"floor":13.0,"key":"Dexterity Potion"}],"is_trial":false,"path_per_floor":["M","M","?","M","?","R","$","R","T","?","M","M","M","?","R"],"character_chosen":"IRONCLAD","items_purchased":["Flex"],"campfire_rested":0,"item_purchase_floors":[7],"current_hp_per_floor":[78,75,80,85,85,85,85,85,85,73,64,44,40,61,61,0],"gold":94,"neow_bonus":"REMOVE_CARD","is_prod":false,"is_daily":false,"chose_seed":false,"campfire_upgraded":3,"win_rate":0,"timestamp":1534401714,"path_taken":["M","M","?","M","?","R","?","R","T","?","M","?","M","?","R","BOSS"],"build_version":"2018-08-09","purchased_purges":1,"victory":false,"max_hp_per_floor":[80,80,85,85,85,85,85,85,85,85,85,85,85,85,85,85],"card_choices":[{"not_picked":["Carnage","Fire Breathing"],"picked":"Second Wind","floor":1.0},{"not_picked":["Armaments","Reckless Charge"],"picked":"Sword Boomerang","floor":2.0},{"not_picked":["Clothesline","Sword Boomerang"],"picked":"Sentinel","floor":4.0},{"not_picked":["Perfected Strike","Flex"],"picked":"Whirlwind","floor":11.0},{"not_picked":["Warcry","Rage","Wild Strike"],"picked":"SKIP","floor":12.0},{"not_picked":["Flame Barrier","Shockwave"],"picked":"Iron Wave","floor":13.0}],"player_experience":206182,"relics_obtained":[{"floor":9.0,"key":"Blood Vial"}],"event_choices":[{"event_name":"Big Fish","player_choice":"Donut","floor":3.0,"damage_taken":0.0},{"event_name":"Liars Game","player_choice":"disagreed","floor":5.0,"damage_taken":0.0},{"event_name":"Scrap Ooze","player_choice":"success","floor":10.0,"damage_taken":12.0},{"event_name":"Mushrooms","player_choice":"Healed and dodged fight","floor":14.0,"damage_taken":0.0}],"is_beta":false,"boss_relics":[],"items_purged_floors":[7],"is_endless":false,"potions_floor_spawned":[1,2,13],"killed_by":"Hexaghost","ascension_level":6}