{"gold_per_floor":[110,110,19,37,13,13,51,51,63,75,87,99,131,183,195,300,312,338,369,68,68,68,92,126,146,446,9,9,47,63,137,137,137],"floor_reached":33,"playtime":1728,"items_purged":["Strike_R","Strike_R"],"score":571,"play_id":"4d86d01b-387a-4d54-ab80-90bd023e85b8","local_time":"20190527005305","is_ascension_mode":true,"campfire_choices":[{"data":"Armaments","floor":6.0,"key":"SMITH"},{"floor":8.0,"key":"DIG"},{"floor":10.0,"key":"DIG"},{"data":"Shockwave","floor":15.0,"key":"SMITH"},{"data":"Feel No Pain","floor":28.0,"key":"SMITH"},{"floor":32.0,"key":"REST"}],"neow_cost":"NONE","seed_source_timestamp":0,"circlet_count":0,"master_deck":["AscendersBane","Strike_R","Defend_R","Defend_R","Defend_R","Defend_R","Bash","Twin Strike","Injury","Flash of Steel","Pummel","Armaments+1","Shockwave+1","Clothesline","Feed","Body Slam+1","Shrug It Off","Feel No Pain","Shockwave+1","Headbutt","Immolate","Reaper","Feel No Pain+1","Burning Pact+1","Havoc"],"special_seed":0,"relics":["Burning Blood","NeowsBlessing","Golden Idol","Shovel","MawBank","Charon\u0027s Ashes","Peace Pipe","Bag of Marbles","Velvet Choker","ClockworkSouvenir","Incense Burner","Old Coin","Membership Card","Ancient Tea Set","Pen Nib","Tiny Chest"],"potions_floor_usage":[],"damage_taken":[{"damage":0.0,"enemies":"Jaw Worm","floor":1.0,"turns":1.0},{"damage":0.0,"enemies":"2 Louse","floor":4.0,"turns":1.0},{"damage":0.0,"enemies":"Lagavulin","floor":7.0,"turns":1.0},{"damage":0.0,"enemies":"Small Slimes","floor":13.0,"turns":2.0},{"damage":15.0,"enemies":"Gremlin Nob","floor":14.0,"turns":4.0},{"damage":15.0,"enemies":"The Guardian","floor":16.0,"turns":15.0},{"damage":8.0,"enemies":"Chosen","floor":18.0,"turns":5.0},{"damage":6.0,"enemies":"2 Thieves","floor":19.0,"turns":4.0},{"damage":13.0,"enemies":"Snecko","floor":23.0,"turns":6.0},{"damage":23.0,"enemies":"Gremlin Leader","floor":24.0,"turns":5.0},{"damage":14.0,"enemies":"Shelled Parasite and Fungi","floor":25.0,"turns":6.0},{"damage":29.0,"enemies":"Book of Stabbing","floor":29.0,"turns":7.0},{"damage":4.0,"enemies":"Centurion and Healer","floor":30.0,"turns":7.0},{"damage":17.0,"enemies":"Slavers","floor":31.0,"turns":4.0},{"damage":79,"enemies":"Collector","floor":33,"turns":8}],"seed_played":"-3024190596239449401","potions_obtained":[{"floor":4.0,"key":"GamblersBrew"},{"floor":7.0,"key":"Dexterity Potion"},{"floor":14.0,"key":"GamblersBrew"},{"floor":18.0,"key":"Fire Potion"},{"floor":19.0,"key":"Strength Potion"},{"floor":30.0,"key":"AttackPotion"}],"is_trial":false,"path_per_floor":["M","?","$","M","$","R","E","R","T","R","?","?","M","E","R","B",null,"M","M","$","?","?","M","E","M","T","$","R","E","M","E","R","B"],"character_chosen":"IRONCLAD","items_purchased":["Flash of Steel","Armaments","ClockworkSouvenir","Feel No Pain","Membership Card","Reaper","Feel No Pain","Ancient Tea Set"],"campfire_rested":1,"item_purchase_floors":[3,5,20,20,27,27,27,27],"current_hp_per_floor":[74,74,74,75,75,75,75,75,75,75,68,68,74,65,65,56,70,68,72,72,72,72,68,51,43,43,43,43,26,40,29,53,0],"gold":137,"neow_bonus":"THREE_ENEMY_KILL","is_prod":false,"is_daily":false,"chose_seed":false,"campfire_upgraded":3,"win_rate":0,"timestamp":1558936385,"path_taken":["M","?","?","M","$","R","E","R","T","R","?","?","M","E","R","BOSS","M","M","$","?","?","M","E","M","T","$","R","E","?","E","R","BOSS"],"build_version":"2019-01-23","purchased_purges":2,"victory":false,"max_hp_per_floor":[75,75,75,75,75,75,75,75,75,75,75,75,75,75,75,75,75,75,79,79,79,79,82,82,82,82,82,82,82,82,82,82,82],"card_choices":[{"not_picked":["Anger","Wild Strike"],"picked":"Twin Strike","floor":1.0},{"not_picked":["Dropkick","Havoc"],"picked":"Pummel","floor":4.0},{"not_picked":["Sword Boomerang","Dual Wield","Clash"],"picked":"SKIP","floor":7.0},{"not_picked":["Warcry","Sword Boomerang"],"picked":"Shockwave","floor":13.0},{"not_picked":["Juggernaut","Cleave"],"picked":"Clothesline","floor":14.0},{"not_picked":["Berserk","Bludgeon"],"picked":"Feed","floor":16.0},{"not_picked":["Heavy Blade","Armaments"],"picked":"Body Slam+1","floor":18.0},{"not_picked":["Havoc","Burning Pact"],"picked":"Shrug It Off","floor":19.0},{"not_picked":["Havoc","Heavy Blade"],"picked":"Headbutt","floor":23.0},{"not_picked":["Second Wind","Iron Wave"],"picked":"Immolate","floor":24.0},{"not_picked":["Body Slam","Fire Breathing","Iron Wave+1"],"picked":"SKIP","floor":25.0},{"not_picked":["Entrench","Dual Wield"],"picked":"Burning Pact+1","floor":29.0},{"not_picked":["Wild Strike+1","Heavy Blade"],"picked":"Havoc","floor":30.0},{"not_picked":["Combust+1","Clothesline","Hemokinesis"],"picked":"SKIP","floor":31.0}],"player_experience":484072,"relics_obtained":[{"floor":7.0,"key":"Shovel"},{"floor":8.0,"key":"MawBank"},{"floor":9.0,"key":"Charon\u0027s Ashes"},{"floor":10.0,"key":"Peace Pipe"},{"floor":14.0,"key":"Bag of Marbles"},{"floor":24.0,"key":"Incense Burner"},{"floor":26.0,"key":"Old Coin"},{"floor":29.0,"key":"Pen Nib"},{"floor":31.0,"key":"Tiny Chest"}],"event_choices":[{"damage_healed":0.0,"max_hp_gain":0.0,"max_hp_loss":0.0,"gold_gain":0.0,"event_name":"Golden Idol","player_choice":"Take Wound","floor":2.0,"gold_loss":0.0,"damage_taken":0.0,"relics_obtained":["Golden Idol"],"cards_obtained":["Injury"]},{"cards_removed":["Strike_R"],"damage_healed":0.0,"max_hp_gain":0.0,"max_hp_loss":0.0,"gold_gain":0.0,"event_name":"Golden Wing","player_choice":"Card Removal","floor":11.0,"gold_loss":0.0,"damage_taken":7.0},{"cards_removed":["Strike_R"],"damage_healed":0.0,"max_hp_gain":0.0,"max_hp_loss":0.0,"gold_gain":0.0,"event_name":"Living Wall","player_choice":"Forget","floor":12.0,"gold_loss":0.0,"damage_taken":0.0},{"damage_healed":0.0,"max_hp_gain":0.0,"max_hp_loss":0.0,"gold_gain":0.0,"event_name":"Vampires","player_choice":"Ignored","floor":21.0,"gold_loss":0.0,"damage_taken":0.0},{"damage_healed":0.0,"max_hp_gain":0.0,"max_hp_loss":0.0,"gold_gain":0.0,"event_name":"Duplicator","player_choice":"Copied","floor":22.0,"gold_loss":0.0,"damage_taken":0.0,"cards_obtained":["Shockwave"]}],"is_beta":false,"boss_relics":[{"not_picked":["Philosopher\u0027s Stone","Mark of Pain"],"picked":"Velvet Choker"}],"items_purged_floors":[20,27],"is_endless":false,"potions_floor_spawned":[4,7,14,18,19,30],"killed_by":"Collector","ascension_level":14}