{"gold_per_floor":[217,217,2,16,26,26,57,68,138,172,202,227,239],"floor_reached":13,"playtime":611,"items_purged":["Strike_R"],"score":179,"play_id":"3ec52522-4fb9-4e09-88d0-864ec5e698c7","local_time":"20190530181015","is_ascension_mode":true,"campfire_choices":[{"data":"Rage","floor":6.0,"key":"SMITH"}],"neow_cost":"NONE","seed_source_timestamp":1053677745468069,"circlet_count":0,"master_deck":["AscendersBane","Strike_R","Strike_R","Strike_R","Strike_R","Defend_R","Defend_R","Defend_R","Defend_R","Bash","Iron Wave","Rage+1","Combust","Headbutt","Limit Break","Ghostly Armor","Spot Weakness","Limit Break","Clothesline"],"special_seed":0,"relics":["Burning Blood","Unceasing Top","Matryoshka","MawBank"],"potions_floor_usage":[13],"damage_taken":[{"damage":9.0,"enemies":"2 Louse","floor":1.0,"turns":4.0},{"damage":0.0,"enemies":"Cultist","floor":4.0,"turns":3.0},{"damage":8.0,"enemies":"Small Slimes","floor":5.0,"turns":3.0},{"damage":16.0,"enemies":"Gremlin Nob","floor":7.0,"turns":5.0},{"damage":14.0,"enemies":"3 Louse","floor":8.0,"turns":4.0},{"damage":14.0,"enemies":"3 Sentries","floor":10.0,"turns":7.0},{"damage":3.0,"enemies":"Lots of Slimes","floor":11.0,"turns":3.0},{"damage":24.0,"enemies":"Blue Slaver","floor":12.0,"turns":5.0},{"damage":36,"enemies":"Lagavulin","floor":13,"turns":5}],"seed_played":"5431627875266254500","potions_obtained":[{"floor":4.0,"key":"BloodPotion"},{"floor":5.0,"key":"Fire Potion"},{"floor":7.0,"key":"Explosive Potion"},{"floor":8.0,"key":"SneckoOil"},{"floor":10.0,"key":"AttackPotion"}],"is_trial":false,"path_per_floor":["M","?","$","M","M","R","E","M","T","E","M","M","E"],"character_chosen":"IRONCLAD","items_purchased":["Rage","Block Potion"],"campfire_rested":0,"item_purchase_floors":[3,3],"current_hp_per_floor":[65,65,65,71,69,69,59,51,51,43,46,28,0],"gold":239,"neow_bonus":"HUNDRED_GOLD","is_prod":false,"is_daily":false,"chose_seed":false,"campfire_upgraded":1,"win_rate":0,"timestamp":1559257815,"path_taken":["M","?","$","M","M","R","E","M","T","E","M","M","E"],"build_version":"2019-01-23","purchased_purges":1,"victory":false,"max_hp_per_floor":[75,75,75,75,75,75,75,75,75,75,75,75,75],"card_choices":[{"not_picked":["Metallicize","Flame Barrier"],"picked":"Iron Wave","floor":1.0},{"not_picked":["Searing Blow","True Grit"],"picked":"Combust","floor":4.0},{"not_picked":["Fire Breathing","Rupture"],"picked":"Headbutt","floor":5.0},{"not_picked":["Iron Wave","Clash"],"picked":"Limit Break","floor":7.0},{"not_picked":["Body Slam","Whirlwind"],"picked":"Ghostly Armor","floor":8.0},{"not_picked":["Shrug It Off","Iron Wave"],"picked":"Spot Weakness","floor":10.0},{"not_picked":["Heavy Blade","Body Slam"],"picked":"Limit Break","floor":11.0},{"not_picked":["Ghostly Armor","Fire Breathing"],"picked":"Clothesline","floor":12.0}],"player_experience":498055,"relics_obtained":[{"floor":7.0,"key":"Unceasing Top"},{"floor":9.0,"key":"Matryoshka"},{"floor":10.0,"key":"MawBank"}],"event_choices":[{"damage_healed":0.0,"max_hp_gain":0.0,"max_hp_loss":0.0,"gold_gain":0.0,"event_name":"Match and Keep!","player_choice":"0 cards matched","floor":2.0,"gold_loss":0.0,"damage_taken":0.0,"cards_obtained":[]}],"is_beta":false,"boss_relics":[],"items_purged_floors":[3],"is_endless":false,"potions_floor_spawned":[4,5,7,8,10],"killed_by":"Lagavulin","ascension_level":17}