{"gold_per_floor":[12,87,12,23,23,23,43,68,68,96,116,116,16,16,16,16],"floor_reached":16,"playtime":491,"items_purged":["Strike_R","Strike_R"],"score":173,"play_id":"e4e1d0c1-dc0e-4077-819f-ea2287dcfee0","local_time":"20190608142809","is_ascension_mode":true,"campfire_choices":[{"floor":6,"key":"REST"},{"data":"Bash","floor":12,"key":"SMITH"},{"data":"Dual Wield","floor":15,"key":"SMITH"}],"neow_cost":"NO_GOLD","seed_source_timestamp":1701222011152414,"circlet_count":0,"master_deck":["AscendersBane","Strike_R","Strike_R","Strike_R","Defend_R+1","Defend_R","Defend_R","Defend_R","Bash+1","Dropkick+1","Dual Wield+1"],"relics":["Burning Blood","Torii","Unceasing Top","Ornamental Fan","Strawberry","Toxic Egg 2"],"potions_floor_usage":[8,10],"damage_taken":[{"damage":1,"enemies":"Cultist","floor":1,"turns":3},{"damage":12,"enemies":"Jaw Worm","floor":4,"turns":3},{"damage":2,"enemies":"2 Louse","floor":7,"turns":3},{"damage":17,"enemies":"Gremlin Nob","floor":8,"turns":4},{"damage":25,"enemies":"3 Sentries","floor":10,"turns":10},{"damage":7,"enemies":"Looter","floor":11,"turns":4},{"damage":61,"enemies":"Slime Boss","floor":16,"turns":7}],"seed_played":"-214968194519999328","potions_obtained":[{"floor":7,"key":"Regen Potion"},{"floor":8,"key":"PowerPotion"}],"is_trial":false,"path_per_floor":["M","?","$","M","?","R","M","E","T","E","M","R","$","?","R","B"],"character_chosen":"IRONCLAD","items_purchased":[],"campfire_rested":1,"item_purchase_floors":[],"current_hp_per_floor":[77,66,66,60,44,68,72,72,72,60,59,59,59,47,47,0],"gold":16,"neow_bonus":"ONE_RARE_RELIC","is_prod":false,"is_daily":false,"chose_seed":false,"campfire_upgraded":2,"win_rate":0,"timestamp":1559993289,"path_taken":["M","?","?","?","?","R","M","E","T","E","M","R","$","?","R","BOSS"],"build_version":"2019-01-23","purchased_purges":2,"victory":false,"max_hp_per_floor":[80,80,80,80,80,80,80,80,80,87,87,87,87,87,87,87],"card_choices":[{"not_picked":["Flex","Intimidate"],"picked":"Dropkick","floor":1},{"not_picked":["Perfected Strike","Twin Strike","True Grit"],"picked":"SKIP","floor":4},{"not_picked":["Headbutt","Sword Boomerang"],"picked":"Dual Wield","floor":7},{"not_picked":["Heavy Blade","Sever Soul","Pommel Strike"],"picked":"SKIP","floor":8},{"not_picked":["Spot Weakness","Ghostly Armor","Armaments"],"picked":"SKIP","floor":10},{"not_picked":["Flame Barrier","Anger","Heavy Blade"],"picked":"SKIP","floor":11}],"player_experience":362353,"relics_obtained":[{"floor":8,"key":"Unceasing Top"},{"floor":9,"key":"Ornamental Fan"},{"floor":10,"key":"Strawberry"}],"event_choices":[{"damage_healed":0,"gold_gain":75,"player_choice":"Gather Gold","damage_taken":11,"max_hp_gain":0,"max_hp_loss":0,"event_name":"World of Goop","floor":2,"gold_loss":0},{"damage_healed":0,"gold_gain":0,"player_choice":"Entered Light","damage_taken":16,"max_hp_gain":0,"max_hp_loss":0,"event_name":"Shining Light","floor":5,"gold_loss":0,"cards_upgraded":["Defend_R","Dropkick"]},{"damage_healed":0,"gold_gain":0,"player_choice":"Success","damage_taken":12,"relics_obtained":["Toxic Egg 2"],"max_hp_gain":0,"max_hp_loss":0,"event_name":"Scrap Ooze","floor":14,"gold_loss":0}],"is_beta":false,"boss_relics":[],"items_purged_floors":[3,13],"is_endless":false,"potions_floor_spawned":[7,8],"killed_by":"Slime Boss","ascension_level":12}