{"gold_per_floor":[114,114,133,143,143,143,143,143,143,154,173,205,205,240,240,345,345,355,355,355,7,26,26,26],"floor_reached":24,"playtime":3428,"items_purged":[],"score":319,"play_id":"ff534a70-85dd-4b06-a58c-3d733e5e656e","local_time":"20190505004750","is_ascension_mode":true,"campfire_choices":[{"data":"Bouncing Flask","floor":6.0,"key":"SMITH"},{"data":"Cloak And Dagger","floor":8.0,"key":"SMITH"},{"data":"Footwork","floor":13.0,"key":"SMITH"},{"floor":15.0,"key":"REST"},{"data":"A Thousand Cuts","floor":23.0,"key":"SMITH"}],"neow_cost":"NONE","seed_source_timestamp":0,"circlet_count":0,"master_deck":["AscendersBane","Defend_G","Defend_G","Defend_G","Defend_G","Defend_G","Strike_G","Strike_G","Strike_G","Strike_G","Strike_G","Survivor","Neutralize+1","Cloak And Dagger+1","Backflip","Bouncing Flask+1","Footwork+1","PiercingWail+1","Acrobatics+1","Infinite Blades","A Thousand Cuts+1","Cloak And Dagger+1","Blade Dance+1","Backflip+1"],"special_seed":0,"relics":["Ring of the Snake","Toxic Egg 2","Vajra","Singing Bowl","Coffee Dripper","Bronze Scales","Lantern"],"potions_floor_usage":[],"damage_taken":[{"damage":4.0,"enemies":"2 Louse","floor":1.0,"turns":3.0},{"damage":0.0,"enemies":"Small Slimes","floor":3.0,"turns":5.0},{"damage":0.0,"enemies":"Cultist","floor":4.0,"turns":4.0},{"damage":0.0,"enemies":"2 Fungi Beasts","floor":10.0,"turns":3.0},{"damage":1.0,"enemies":"Looter","floor":11.0,"turns":3.0},{"damage":22.0,"enemies":"Lagavulin","floor":12.0,"turns":6.0},{"damage":21.0,"enemies":"3 Sentries","floor":14.0,"turns":12.0},{"damage":10.0,"enemies":"Hexaghost","floor":16.0,"turns":10.0},{"damage":0.0,"enemies":"3 Byrds","floor":18.0,"turns":6.0},{"damage":0.0,"enemies":"2 Thieves","floor":20.0,"turns":1.0},{"damage":28.0,"enemies":"Shelled Parasite and Fungi","floor":22.0,"turns":5.0},{"damage":53,"enemies":"Gremlin Leader","floor":24,"turns":4}],"seed_played":"-4359292650414331234","potions_obtained":[{"floor":1.0,"key":"Ancient Potion"},{"floor":7.0,"key":"LiquidBronze"},{"floor":11.0,"key":"Energy Potion"},{"floor":18.0,"key":"SmokeBomb"}],"is_trial":false,"path_per_floor":["M","?","M","M","?","R","?","R","T","M","M","E","R","E","R","B",null,"M","?","M","$","M","R","E"],"character_chosen":"THE_SILENT","items_purchased":["Blade Dance+1","Bronze Scales","Lantern"],"campfire_rested":1,"item_purchase_floors":[21,21,21],"current_hp_per_floor":[66,66,66,66,71,71,71,71,71,71,70,48,48,27,51,41,72,72,72,72,72,44,44,0],"gold":26,"neow_bonus":"TEN_PERCENT_HP_BONUS","is_prod":false,"is_daily":false,"chose_seed":false,"campfire_upgraded":4,"win_rate":0,"timestamp":1557035270,"path_taken":["M","?","M","M","?","R","?","R","T","?","M","E","R","E","R","BOSS","M","?","M","$","M","R","E"],"build_version":"2019-01-23","purchased_purges":0,"victory":false,"max_hp_per_floor":[77,77,77,77,82,82,82,82,82,82,82,82,82,82,82,82,82,82,82,82,82,82,82,82],"card_choices":[{"not_picked":["Reflex","Quick Slash"],"picked":"Cloak And Dagger","floor":1.0},{"not_picked":["Infinite Blades","Flying Knee"],"picked":"Backflip","floor":3.0},{"not_picked":["Noxious Fumes","Outmaneuver"],"picked":"Bouncing Flask","floor":4.0},{"not_picked":["PiercingWail+1","Calculated Gamble+1"],"picked":"Footwork","floor":10.0},{"not_picked":["Dagger Spray","Deflect+1"],"picked":"PiercingWail+1","floor":11.0},{"not_picked":["Skewer","Prepared+1"],"picked":"Acrobatics+1","floor":12.0},{"not_picked":["Setup+1","Dagger Throw"],"picked":"Infinite Blades","floor":14.0},{"not_picked":["Grand Finale","Wraith Form v2"],"picked":"A Thousand Cuts","floor":16.0},{"not_picked":["Reflex+1","Deflect+1"],"picked":"Cloak And Dagger+1","floor":18.0},{"not_picked":["Deadly Poison+1","Acrobatics+1"],"picked":"Backflip+1","floor":22.0}],"player_experience":384396,"relics_obtained":[{"floor":9.0,"key":"Toxic Egg 2"},{"floor":12.0,"key":"Vajra"},{"floor":14.0,"key":"Singing Bowl"}],"event_choices":[{"damage_healed":0.0,"max_hp_gain":0.0,"max_hp_loss":0.0,"gold_gain":0.0,"event_name":"Living Wall","player_choice":"Grow","floor":2.0,"gold_loss":0.0,"damage_taken":0.0,"cards_upgraded":["Neutralize"]},{"damage_healed":0.0,"max_hp_gain":5.0,"max_hp_loss":0.0,"gold_gain":0.0,"event_name":"Big Fish","player_choice":"Donut","floor":5.0,"gold_loss":0.0,"damage_taken":0.0},{"damage_healed":0.0,"max_hp_gain":0.0,"max_hp_loss":0.0,"gold_gain":0.0,"event_name":"Lab","player_choice":"Got Potions","floor":7.0,"gold_loss":0.0,"damage_taken":0.0},{"damage_healed":0.0,"max_hp_gain":0.0,"max_hp_loss":0.0,"gold_gain":0.0,"event_name":"Cursed Tome","player_choice":"Ignored","floor":19.0,"gold_loss":0.0,"damage_taken":0.0}],"is_beta":false,"boss_relics":[{"not_picked":["Tiny House","White Beast Statue"],"picked":"Coffee Dripper"}],"items_purged_floors":[],"is_endless":false,"potions_floor_spawned":[1,10,11,18],"killed_by":"Gremlin Leader","ascension_level":11}