{"gold_per_floor":[118,43,43,56,131,148,212,223,249,249,262,275,306,320,320,320],"floor_reached":16,"playtime":567,"items_purged":["Defend_R"],"score":104,"play_id":"46dd3a99-978d-47f8-8fb0-f5d847b72e2a","local_time":"20190529005528","is_ascension_mode":false,"campfire_choices":[{"floor":10,"key":"REST"},{"floor":15,"key":"REST"}],"neow_cost":"NONE","seed_source_timestamp":788312428977558,"circlet_count":0,"master_deck":["Strike_R","Strike_R","Strike_R","Strike_R","Defend_R","Defend_R","Defend_R","Bash","Ghostly Armor","Dropkick"],"relics":["Burning Blood","Blood Vial","PreservedInsect","Dream Catcher"],"potions_floor_usage":[13,16,16,16],"damage_taken":[{"damage":7,"enemies":"Small Slimes","floor":1,"turns":4},{"damage":6,"enemies":"Cultist","floor":4,"turns":3},{"damage":3,"enemies":"Jaw Worm","floor":6,"turns":4},{"damage":29,"enemies":"Gremlin Nob","floor":7,"turns":5},{"damage":19,"enemies":"Large Slime","floor":8,"turns":7},{"damage":14,"enemies":"Lots of Slimes","floor":11,"turns":6},{"damage":4,"enemies":"Blue Slaver","floor":12,"turns":5},{"damage":36,"enemies":"Lagavulin","floor":13,"turns":4},{"damage":19,"enemies":"Exordium Wildlife","floor":14,"turns":4},{"damage":48,"enemies":"The Guardian","floor":16,"turns":15}],"seed_played":"4843243930330562965","potions_obtained":[{"floor":7,"key":"SpeedPotion"},{"floor":8,"key":"SteroidPotion"},{"floor":13,"key":"Dexterity Potion"},{"floor":14,"key":"Block Potion"}],"is_trial":false,"path_per_floor":["M","$","?","M","?","M","?","M","T","R","M","M","E","M","R","B"],"character_chosen":"IRONCLAD","items_purchased":[],"campfire_rested":2,"item_purchase_floors":[],"current_hp_per_floor":[79,79,79,79,68,71,48,37,37,61,55,59,31,20,44,0],"gold":320,"neow_bonus":"TRANSFORM_CARD","is_prod":false,"is_daily":false,"chose_seed":false,"campfire_upgraded":0,"win_rate":0,"timestamp":1559080528,"path_taken":["M","$","?","?","?","M","?","M","T","R","M","M","E","M","R","BOSS"],"build_version":"2019-01-23","purchased_purges":1,"victory":false,"max_hp_per_floor":[80,80,80,80,80,80,80,80,80,80,80,80,80,80,80,80],"card_choices":[{"not_picked":["Anger","Entrench","Rage"],"picked":"SKIP","floor":1},{"not_picked":["Hemokinesis","Perfected Strike","Shockwave"],"picked":"SKIP","floor":4},{"not_picked":["Wild Strike","Warcry","Intimidate"],"picked":"SKIP","floor":6},{"not_picked":["Clothesline","Disarm","Second Wind"],"picked":"SKIP","floor":8},{"not_picked":["Heavy Blade","Evolve","Fire Breathing"],"picked":"SKIP","floor":11},{"not_picked":["Flame Barrier","Ghostly Armor","Evolve"],"picked":"SKIP","floor":12},{"not_picked":["Shrug It Off","Entrench","Bludgeon"],"picked":"SKIP","floor":13},{"not_picked":["Iron Wave","Hemokinesis"],"picked":"Dropkick","floor":14}],"player_experience":328138,"relics_obtained":[{"floor":7,"key":"Blood Vial"},{"floor":9,"key":"PreservedInsect"},{"floor":13,"key":"Dream Catcher"}],"event_choices":[{"damage_healed":0,"gold_gain":0,"player_choice":"Ignored","damage_taken":0,"max_hp_gain":0,"max_hp_loss":0,"event_name":"NoteForYourself","floor":3,"gold_loss":0},{"damage_healed":0,"gold_gain":75,"player_choice":"Gather Gold","damage_taken":11,"max_hp_gain":0,"max_hp_loss":0,"event_name":"World of Goop","floor":5,"gold_loss":0},{"damage_healed":0,"gold_gain":0,"player_choice":"Searched \u00271\u0027 times","damage_taken":0,"max_hp_gain":0,"max_hp_loss":0,"event_name":"Dead Adventurer","floor":7,"gold_loss":0}],"is_beta":false,"boss_relics":[],"items_purged_floors":[2],"is_endless":false,"potions_floor_spawned":[7,8,13,14],"killed_by":"The Guardian","ascension_level":0}