{"gold_per_floor":[117,117,132,146,146,180,180,200,225,225,7,7,26,26,26,124,174,189,459,477,496,357,357,386,386,386,485,503,503,13,28,28,128,128,144,162,162,162,162,162,162,172,197,215,136,165,41,41,41,41,41,41,41,66,66],"floor_reached":55,"playtime":8203,"items_purged":["Regret","Strike_B"],"score":813,"play_id":"b7ad2a86-809b-47a2-90e0-3d6922443d58","local_time":"20190608000925","is_ascension_mode":false,"campfire_choices":[{"data":"Zap","floor":7,"key":"SMITH"},{"floor":15,"key":"REST"},{"floor":23,"key":"REST"},{"floor":32,"key":"REST"},{"floor":49,"key":"RECALL"},{"data":"Capacitor","floor":52,"key":"SMITH"}],"neow_cost":"NONE","seed_source_timestamp":21862812838498,"circlet_count":0,"master_deck":["Strike_B+1","Defend_B","Defend_B","Defend_B","Defend_B","Zap+1","Dualcast","Barrage","Go for the Eyes","Coolheaded","Melter","Compile Driver","Steam","Ball Lightning","Rainbow","Deep Breath","Glacier","Defragment+1","Defragment+1","Capacitor+1","Glacier","Amplify","Coolheaded+1","Panacea","Dark Shackles","Defragment","Skim+1","Biased Cognition","Coolheaded","Buffer"],"relics":["Lizard Tail","Symbiotic Virus","Bronze Scales","Dream Catcher","Singing Bowl","DataDisk","Juzu Bracelet","Tiny House","Happy Flower","PreservedInsect","Bird Faced Urn","Snecko Eye","Pen Nib","Bag of Marbles","Letter Opener"],"potions_floor_usage":[16,21,24,33,33,33,46,50,50,55,55],"damage_taken":[{"damage":0,"enemies":"Cultist","floor":1,"turns":4},{"damage":3,"enemies":"2 Louse","floor":3,"turns":2},{"damage":3,"enemies":"Small Slimes","floor":4,"turns":3},{"damage":33,"enemies":"3 Sentries","floor":6,"turns":10},{"damage":0,"enemies":"2 Fungi Beasts","floor":8,"turns":2},{"damage":7,"enemies":"Lots of Slimes","floor":13,"turns":3},{"damage":0,"enemies":"The Guardian","floor":16,"turns":8},{"damage":10,"enemies":"3 Byrds","floor":18,"turns":4},{"damage":0,"enemies":"Spheric Guardian","floor":20,"turns":2},{"damage":7,"enemies":"Cultist and Chosen","floor":21,"turns":7},{"damage":28,"enemies":"Slavers","floor":24,"turns":6},{"damage":0,"enemies":"Snecko","floor":28,"turns":5},{"damage":10,"enemies":"Snake Plant","floor":31,"turns":5},{"damage":48,"enemies":"Collector","floor":33,"turns":11},{"damage":3,"enemies":"3 Shapes","floor":35,"turns":6},{"damage":12,"enemies":"3 Darklings","floor":36,"turns":5},{"damage":14,"enemies":"Jaw Worm Horde","floor":42,"turns":7},{"damage":7,"enemies":"Maw","floor":44,"turns":8},{"damage":15,"enemies":"Nemesis","floor":46,"turns":11},{"damage":22,"enemies":"Time Eater","floor":50,"turns":16},{"damage":50,"enemies":"Shield and Spear","floor":54,"turns":10},{"damage":138,"enemies":"The Heart","floor":55,"turns":15}],"seed_played":"8705129575057346953","potions_obtained":[{"floor":4,"key":"GamblersBrew"},{"floor":8,"key":"Weak Potion"},{"floor":13,"key":"SkillPotion"},{"floor":17,"key":"SpeedPotion"},{"floor":24,"key":"GamblersBrew"},{"floor":31,"key":"Weak Potion"},{"floor":36,"key":"Weak Potion"},{"floor":44,"key":"SkillPotion"},{"floor":46,"key":"EssenceOfSteel"},{"floor":48,"key":"Swift Potion"},{"floor":54,"key":"Weak Potion"}],"is_trial":false,"path_per_floor":["M","T","M","M","?","E","R","M","T","?","$","?","M","$","R","B",null,"M","?","M","M","$","R","E","?","T","?","M","?","$","M","R","B",null,"M","M","?","?","?","?","?","M","T","M","$","E","$","?","R","B",null,"R","$","E","B"],"character_chosen":"DEFECT","items_purchased":["DataDisk","Defragment","Bird Faced Urn","Capacitor","Glacier","Weak Potion","Defragment","Biased Cognition","Coolheaded"],"campfire_rested":3,"item_purchase_floors":[11,22,30,30,30,30,45,47,47],"current_hp_per_floor":[75,75,72,69,69,36,36,36,36,36,36,36,29,29,53,53,84,76,36,36,31,31,57,29,29,29,29,31,31,31,29,58,16,94,94,90,90,90,82,82,82,76,76,81,81,74,74,74,74,64,102,102,102,58,0],"gold":66,"neow_bonus":"BOSS_RELIC","is_prod":false,"is_daily":false,"chose_seed":false,"campfire_upgraded":2,"win_rate":0,"timestamp":1559974165,"path_taken":["M","?","M","M","?","E","R","M","T","?","$","?","M","$","R","BOSS","M","?","M","M","?","R","E","?","T","?","M","?","$","M","R","BOSS","M","M","?","?","?","?","?","M","T","M","$","E","?","?","R","BOSS","R","$","E","BOSS"],"build_version":"2019-01-23","purchased_purges":2,"victory":false,"max_hp_per_floor":[75,75,75,75,75,75,75,75,75,75,75,75,75,75,77,77,84,86,86,86,88,88,88,88,88,88,88,90,90,90,92,94,94,94,94,96,96,96,98,98,98,100,100,102,102,102,102,102,102,102,102,102,102,102,102],"card_choices":[{"not_picked":["Hologram","Stack"],"picked":"Barrage","floor":1},{"not_picked":["Hello World","Sunder"],"picked":"Go for the Eyes","floor":3},{"not_picked":["Go for the Eyes","Barrage"],"picked":"Coolheaded","floor":4},{"not_picked":["Go for the Eyes","Aggregate"],"picked":"Compile Driver","floor":6},{"not_picked":["Turbo","Sweeping Beam"],"picked":"Steam","floor":8},{"not_picked":["Consume","Hologram"],"picked":"Ball Lightning","floor":13},{"not_picked":["Stack","Conserve Battery","Streamline"],"picked":"Singing Bowl","floor":15},{"not_picked":["Creative AI","Machine Learning"],"picked":"Rainbow","floor":16},{"not_picked":["Streamline","Reinforced Body","Tempest"],"picked":"Singing Bowl","floor":17},{"not_picked":["Rip and Tear","Streamline","Cold Snap"],"picked":"Singing Bowl","floor":18},{"not_picked":["Turbo+1","Hologram+1"],"picked":"Glacier","floor":20},{"not_picked":["Force Field","Darkness","Barrage"],"picked":"Singing Bowl","floor":21},{"not_picked":["Ball Lightning+1","Compile Driver"],"picked":"Sweeping Beam+1","floor":23},{"not_picked":["Ball Lightning","Go for the Eyes"],"picked":"Defragment+1","floor":24},{"not_picked":["Reboot","Steam Power","Blizzard+1"],"picked":"Singing Bowl","floor":28},{"not_picked":["Gash","Sweeping Beam","Reinforced Body"],"picked":"Singing Bowl","floor":31},{"not_picked":["Recycle+1","Steam","Rebound"],"picked":"Singing Bowl","floor":32},{"not_picked":["Seek","All For One"],"picked":"Amplify","floor":33},{"not_picked":["Hologram+1","Beam Cell+1"],"picked":"Coolheaded+1","floor":35},{"not_picked":["Steam","Barrage","Conserve Battery+1"],"picked":"Singing Bowl","floor":36},{"not_picked":["HandOfGreed","Purity","Mind Blast"],"picked":"Singing Bowl","floor":39},{"not_picked":["Violence","Bandage Up"],"picked":"Panacea","floor":39},{"not_picked":["Jack Of All Trades","The Bomb"],"picked":"Dark Shackles","floor":39},{"not_picked":["Chaos","Conserve Battery+1","Gash"],"picked":"Singing Bowl","floor":42},{"not_picked":["Chill+1","Tempest","Streamline+1"],"picked":"Singing Bowl","floor":44},{"not_picked":["Streamline+1","Cold Snap"],"picked":"Skim+1","floor":46},{"not_picked":["Gash","Aggregate+1"],"picked":"Buffer","floor":54}],"player_experience":157991,"relics_obtained":[{"floor":2,"key":"Symbiotic Virus"},{"floor":6,"key":"Bronze Scales"},{"floor":9,"key":"Dream Catcher"},{"floor":24,"key":"Happy Flower"},{"floor":43,"key":"Pen Nib"},{"floor":46,"key":"Bag of Marbles"},{"floor":54,"key":"Letter Opener"}],"event_choices":[{"damage_healed":0,"gold_gain":0,"cards_transformed":["Strike_B"],"player_choice":"Change","damage_taken":0,"max_hp_gain":0,"max_hp_loss":0,"event_name":"Living Wall","floor":5,"gold_loss":0,"cards_obtained":["Melter"]},{"damage_healed":0,"gold_gain":0,"player_choice":"Box","damage_taken":0,"relics_obtained":["Singing Bowl"],"max_hp_gain":0,"max_hp_loss":0,"event_name":"Big Fish","floor":10,"gold_loss":0,"cards_obtained":["Regret"]},{"damage_healed":0,"gold_gain":0,"player_choice":"Gave Potion","damage_taken":0,"relics_obtained":["Juzu Bracelet"],"max_hp_gain":0,"max_hp_loss":0,"event_name":"WeMeetAgain","floor":12,"gold_loss":0},{"damage_healed":0,"gold_gain":270,"player_choice":"GOLD CARD GOLD GOLD ","damage_taken":40,"max_hp_gain":0,"max_hp_loss":0,"event_name":"Knowing Skull","floor":19,"potions_obtained":[],"gold_loss":0,"cards_obtained":["Deep Breath"]},{"damage_healed":0,"gold_gain":0,"player_choice":"Ignored","damage_taken":0,"max_hp_gain":0,"max_hp_loss":0,"event_name":"Cursed Tome","floor":25,"gold_loss":0},{"damage_healed":0,"gold_gain":99,"player_choice":"Stole From Cult","damage_taken":0,"max_hp_gain":0,"max_hp_loss":0,"event_name":"Nest","floor":27,"gold_loss":0},{"damage_healed":0,"gold_gain":0,"player_choice":"Opened","damage_taken":0,"relics_obtained":["PreservedInsect"],"max_hp_gain":0,"max_hp_loss":0,"event_name":"The Mausoleum","floor":29,"gold_loss":0},{"damage_healed":0,"gold_gain":0,"player_choice":"Forge","damage_taken":0,"max_hp_gain":0,"max_hp_loss":0,"event_name":"Accursed Blacksmith","floor":37,"gold_loss":0,"cards_upgraded":["Defragment"]},{"cards_removed":["Strike_B"],"damage_healed":0,"gold_gain":0,"player_choice":"Purged","damage_taken":0,"max_hp_gain":0,"max_hp_loss":0,"event_name":"Purifier","floor":38,"gold_loss":0},{"damage_healed":0,"gold_gain":0,"player_choice":"Memory 3","damage_taken":10,"max_hp_gain":0,"max_hp_loss":0,"event_name":"SensoryStone","floor":39,"gold_loss":0},{"damage_healed":0,"gold_gain":0,"player_choice":"Ignored","damage_taken":0,"max_hp_gain":0,"max_hp_loss":0,"event_name":"Tomb of Lord Red Mask","floor":40,"gold_loss":0},{"cards_removed":["Sweeping Beam"],"damage_healed":0,"gold_gain":0,"player_choice":"Removed Attack","damage_taken":0,"max_hp_gain":0,"max_hp_loss":0,"event_name":"Falling","floor":41,"gold_loss":0},{"damage_healed":0,"gold_gain":0,"player_choice":"Got Potions","damage_taken":0,"max_hp_gain":0,"max_hp_loss":0,"event_name":"Lab","floor":48,"gold_loss":0}],"is_beta":false,"boss_relics":[{"not_picked":["Coffee Dripper","Ectoplasm"],"picked":"Tiny House"},{"not_picked":["Nuclear Battery","Runic Dome"],"picked":"Snecko Eye"}],"items_purged_floors":[11,22],"is_endless":false,"potions_floor_spawned":[4,8,13,24,31,36,44,46,54],"killed_by":"The Heart","ascension_level":0}