{"gold_per_floor":[118,131,131,131,147,176,176,176,201,201,221,233,59,134,134,239,239,255,255,255,269,67,67],"floor_reached":23,"playtime":910,"items_purged":["Strike_B","Go for the Eyes"],"score":214,"play_id":"b3bfedcf-fc7e-4321-9d9b-13b41bb4603f","local_time":"20180914233227","is_ascension_mode":false,"campfire_choices":[{"floor":7.0,"key":"REST"},{"data":"Zap","floor":10.0,"key":"SMITH"},{"data":"Creative AI","floor":15.0,"key":"SMITH"}],"neow_cost":"TEN_PERCENT_HP_LOSS","seed_source_timestamp":2419454607893761,"circlet_count":0,"master_deck":["Defend_B","Defend_B","Zap+1","Dualcast","Conserve Battery","Gash","Creative AI+1","Gash","White Noise","Echo Form","Gash","Bite","Bite","Bite","Bite","Bite"],"special_seed":0,"relics":["Cracked Core","Ginger","Incense Burner","Pen Nib","Girya","Smiling Mask","Runic Dome","Oddly Smooth Stone"],"potions_floor_usage":[],"damage_taken":[{"damage":7.0,"enemies":"2 Louse","floor":1.0,"turns":2.0},{"damage":0.0,"enemies":"Small Slimes","floor":2.0,"turns":2.0},{"damage":6.0,"enemies":"Jaw Worm","floor":5.0,"turns":2.0},{"damage":11.0,"enemies":"Lagavulin","floor":6.0,"turns":7.0},{"damage":7.0,"enemies":"Exordium Wildlife","floor":11.0,"turns":4.0},{"damage":5.0,"enemies":"Looter","floor":12.0,"turns":2.0},{"damage":36,"enemies":"The Guardian","floor":16,"turns":10},{"damage":36,"enemies":"3 Byrds","floor":18,"turns":5},{"damage":28,"enemies":"Shell Parasite","floor":21,"turns":5},{"damage":38,"enemies":"Slavers","floor":23,"turns":3}],"seed_played":"-112428621047825989","potions_obtained":[{"floor":1.0,"key":"SteroidPotion"},{"floor":2.0,"key":"LiquidBronze"},{"floor":6.0,"key":"Regen Potion"},{"floor":18,"key":"Weak Potion"}],"is_trial":false,"path_per_floor":["M","M","?","?","M","E","R","T","T","R","M","M","$","?","R","B",null,"M","?","?","M","$"],"character_chosen":"DEFECT","items_purchased":["Gash","White Noise","Oddly Smooth Stone"],"campfire_rested":1,"item_purchase_floors":[13,13,22],"current_hp_per_floor":[61,61,61,49,43,32,52,52,52,52,57,52,52,41,41,5,68,32,32,32,18,18,0],"gold":67,"neow_bonus":"ONE_RARE_RELIC","is_prod":false,"is_daily":false,"chose_seed":false,"campfire_upgraded":2,"win_rate":0,"timestamp":1536957147,"path_taken":["M","M","?","?","M","E","R","?","T","R","M","M","$","?","R","BOSS","M","?","?","M","$","E"],"build_version":"2018-09-06","purchased_purges":2,"victory":false,"max_hp_per_floor":[68,68,68,68,68,68,68,68,68,68,68,68,68,68,68,68,68,68,47,47,47,47,47],"card_choices":[{"not_picked":["Heatsinks","Stack"],"picked":"Go for the Eyes","floor":1.0},{"not_picked":["Capacitor","Lockon"],"picked":"Conserve Battery","floor":2.0},{"not_picked":["Steam","Steam Power"],"picked":"Gash","floor":5.0},{"not_picked":["Sweeping Beam","Compile Driver","Stack"],"picked":"SKIP","floor":6.0},{"not_picked":["Coolheaded","Sweeping Beam","Redo"],"picked":"SKIP","floor":11.0},{"not_picked":["Compile Driver","Stack"],"picked":"Creative AI","floor":12.0},{"not_picked":["Creative AI","Core Surge"],"picked":"Echo Form","floor":16},{"not_picked":["Rebound","Conserve Battery"],"picked":"Gash","floor":18},{"not_picked":["Stack+1","Redo","Storm"],"picked":"SKIP","floor":21}],"player_experience":223282,"relics_obtained":[{"floor":6.0,"key":"Pen Nib"},{"floor":8.0,"key":"Girya"},{"floor":9.0,"key":"Smiling Mask"}],"event_choices":[{"event_name":"Living Wall","player_choice":"Forget","floor":3.0,"damage_taken":0.0},{"event_name":"Scrap Ooze","player_choice":"success","floor":4.0,"damage_taken":12.0},{"event_name":"World of Goop","player_choice":"Gather Gold","floor":14.0,"damage_taken":0.0},{"event_name":"Vampires","player_choice":"Became a vampire","floor":19,"damage_taken":0},{"event_name":"Back to Basics","player_choice":"Elegance","floor":20,"damage_taken":0}],"is_beta":false,"boss_relics":[{"not_picked":["Pandora\u0027s Box","Tiny House"],"picked":"Runic Dome"}],"items_purged_floors":[13,22],"is_endless":false,"potions_floor_spawned":[1,2,6,18],"killed_by":"Slavers","ascension_level":0}