{"gold_per_floor":[109,109,129,14,14,14,49,67,93,103,103,53,3,33,33,135,135,135,135,135,135,35,35,35,35,35,35,35,35,35,35,35,35,35,35,0,0,0,0,0,0,0,0,0,0,0,0,0,0,0],"floor_reached":51,"playtime":1382,"items_purged":["Strike_R","Defend_R"],"score":980,"play_id":"c540a4cd-0cfc-43f4-ab58-07a61296bafe","local_time":"20180815213050","is_ascension_mode":true,"campfire_choices":[{"data":"Whirlwind","floor":6.0,"key":"SMITH"},{"data":"Sword Boomerang","floor":11.0,"key":"SMITH"},{"data":"Flex","floor":15.0,"key":"SMITH"},{"data":"Offering","floor":23.0,"key":"SMITH"},{"data":"Demon Form","floor":25.0,"key":"SMITH"},{"data":"Sword Boomerang","floor":28.0,"key":"SMITH"},{"data":"Inflame","floor":30.0,"key":"SMITH"},{"data":"Inflame","floor":32.0,"key":"SMITH"},{"data":"Madness","floor":41.0,"key":"SMITH"},{"data":"Madness","floor":45.0,"key":"SMITH"},{"data":"Bash","floor":49.0,"key":"SMITH"}],"neow_cost":"NONE","seed_source_timestamp":211226274818226,"circlet_count":0,"master_deck":["Strike_R+1","Strike_R+1","Strike_R","Defend_R+1","Bash+1","Inflame+1","Inflame+1","Whirlwind+1","Sword Boomerang+1","Flex+1","Flex+1","Sword Boomerang+1","Offering+1","Battle Trance+1","Demon Form+1","Madness+1","Madness+1"],"special_seed":0,"relics":["Burning Blood","NeowsBlessing","Whetstone","War Paint","Odd Mushroom","Ectoplasm","Centennial Puzzle","Coffee Dripper","Red Mask","Bag of Marbles","Dream Catcher","Prayer Wheel"],"potions_floor_usage":[50,50],"damage_taken":[{"damage":0.0,"enemies":"Small Slimes","floor":1.0,"turns":1.0},{"damage":0.0,"enemies":"2 Louse","floor":3.0,"turns":1.0},{"damage":0.0,"enemies":"Lagavulin","floor":7.0,"turns":1.0},{"damage":0.0,"enemies":"Cultist","floor":8.0,"turns":2.0},{"damage":18.0,"enemies":"Large Slime","floor":10.0,"turns":5.0},{"damage":0.0,"floor":14.0,"turns":1.0},{"damage":0.0,"enemies":"Slime Boss","floor":16.0,"turns":4.0},{"damage":6.0,"enemies":"Chosen","floor":18.0,"turns":1.0},{"damage":6.0,"enemies":"Spheric Guardian","floor":19.0,"turns":2.0},{"damage":6.0,"enemies":"3 Cultists","floor":27.0,"turns":1.0},{"damage":6.0,"enemies":"Centurion and Healer","floor":29.0,"turns":2.0},{"damage":6.0,"enemies":"Snake Plant","floor":31.0,"turns":1.0},{"damage":24.0,"enemies":"Champ","floor":33.0,"turns":4.0},{"damage":6.0,"enemies":"Orb Walker","floor":35.0,"turns":1.0},{"damage":0.0,"enemies":"3 Darklings","floor":37.0,"turns":1.0},{"damage":19.0,"enemies":"Giant Head","floor":40.0,"turns":3.0},{"damage":0.0,"enemies":"Spire Growth","floor":46.0,"turns":2.0},{"damage":1.0,"enemies":"Nemesis","floor":47.0,"turns":3.0},{"damage":65,"enemies":"Awakened One","floor":50,"turns":4}],"seed_played":"107341503918784424","potions_obtained":[{"floor":7.0,"key":"SpeedPotion"},{"floor":14.0,"key":"SteroidPotion"},{"floor":16.0,"key":"FearPotion"},{"floor":20.0,"key":"Strength Potion"},{"floor":33.0,"key":"Block Potion"}],"is_trial":false,"path_per_floor":["M","?","M","$","?","R","E","M","T","M","R","?","$","?","R","B",null,"M","M","?","?","$","R","?","R","T","M","R","M","R","M","R","B",null,"M","?","M","?","?","E","R","?","T","?","R","M","E","$","R","B"],"character_chosen":"IRONCLAD","items_purchased":["Whirlwind","Flex"],"campfire_rested":0,"item_purchase_floors":[4,13],"current_hp_per_floor":[80,80,80,80,73,73,79,80,80,68,68,68,68,74,74,80,80,80,80,80,80,80,80,80,80,80,80,80,80,80,80,80,62,76,76,76,80,80,70,57,57,57,57,57,57,63,68,68,68,9],"gold":0,"neow_bonus":"THREE_ENEMY_KILL","is_prod":false,"is_daily":false,"chose_seed":false,"campfire_upgraded":11,"win_rate":0,"timestamp":1534357850,"path_taken":["M","?","?","$","?","R","E","M","T","M","R","?","$","?","R","BOSS","M","?","?","?","$","R","?","R","T","M","R","M","R","M","R","BOSS","M","?","M","?","?","E","R","?","T","?","R","?","E","?","R","BOSS"],"build_version":"2018-08-09","purchased_purges":2,"victory":true,"max_hp_per_floor":[80,80,80,80,80,80,80,80,80,80,80,80,80,80,80,80,80,80,80,80,80,80,80,80,80,80,80,80,80,80,80,80,80,80,80,80,80,80,80,80,80,80,80,80,80,80,80,80,80,80],"card_choices":[{"not_picked":["Clash","Armaments"],"picked":"Inflame","floor":1.0},{"not_picked":["Dropkick","Twin Strike"],"picked":"Inflame","floor":3.0},{"not_picked":["Cleave","Searing Blow"],"picked":"Sword Boomerang","floor":7.0},{"not_picked":["Pommel Strike","Perfected Strike"],"picked":"Flex","floor":8.0},{"not_picked":["Twin Strike","Iron Wave","Warcry"],"picked":"SKIP","floor":10.0},{"not_picked":["Anger","Cleave"],"picked":"Sword Boomerang","floor":14.0},{"not_picked":["Double Tap","Brutality"],"picked":"Offering","floor":16.0},{"not_picked":["Sword Boomerang","Anger+1","Dropkick"],"picked":"SKIP","floor":18.0},{"not_picked":["Thunderclap","Clash"],"picked":"Battle Trance+1","floor":19.0},{"not_picked":["Pommel Strike","Headbutt","Perfected Strike+1"],"picked":"SKIP","floor":27.0},{"not_picked":["Rupture","Intimidate","Heavy Blade"],"picked":"SKIP","floor":29.0},{"not_picked":["Body Slam","Shrug It Off","Combust"],"picked":"SKIP","floor":31.0},{"not_picked":["Second Wind+1","Sword Boomerang","Shrug It Off+1"],"picked":"SKIP","floor":35.0},{"not_picked":["Reckless Charge","Pommel Strike","Clash+1"],"picked":"SKIP","floor":37.0},{"not_picked":["Wild Strike","Impervious","Sentinel+1"],"picked":"SKIP","floor":40.0},{"not_picked":["Warcry","Clash+1","Burning Pact"],"picked":"SKIP","floor":46.0},{"not_picked":["True Grit+1","Shrug It Off","Dual Wield+1"],"picked":"SKIP","floor":47.0}],"player_experience":202511,"relics_obtained":[{"floor":7.0,"key":"Whetstone"},{"floor":9.0,"key":"War Paint"},{"floor":14.0,"key":"Odd Mushroom"},{"floor":26.0,"key":"Centennial Puzzle"},{"floor":40.0,"key":"Bag of Marbles"},{"floor":43.0,"key":"Dream Catcher"},{"floor":47.0,"key":"Prayer Wheel"}],"event_choices":[{"event_name":"Living Wall","player_choice":"Forget","floor":2.0,"damage_taken":0.0},{"event_name":"Golden Wing","player_choice":"Card Removal","floor":5.0,"damage_taken":0.0},{"event_name":"The Cleric","player_choice":"Card Removal","floor":12.0,"damage_taken":0.0},{"event_name":"Mushrooms","player_choice":"Fought Mushrooms","floor":14.0,"damage_taken":0.0},{"event_name":"The Lab","player_choice":"Got Potions","floor":20.0,"damage_taken":0.0},{"event_name":"Addict","player_choice":"Ignored","floor":21.0,"damage_taken":0.0},{"event_name":"The Library","player_choice":"Read","floor":24.0,"damage_taken":0.0},{"event_name":"Tomb of Lord Red Mask","player_choice":"Paid","floor":36.0,"damage_taken":0.0},{"event_name":"Transmorgrifier","player_choice":"Skipped","floor":38.0,"damage_taken":0.0},{"event_name":"Winding Halls","player_choice":"Embrace Madness","floor":39.0,"damage_taken":0.0},{"event_name":"Golden Shrine","player_choice":"Pray","floor":42.0,"damage_taken":0.0},{"event_name":"SensoryStone","player_choice":"Memory 1","floor":44.0,"damage_taken":0.0}],"is_beta":false,"boss_relics":[{"not_picked":["Orrery","Pandora\u0027s Box"],"picked":"Ectoplasm"},{"not_picked":["Calling Bell","Velvet Choker"],"picked":"Coffee Dripper"}],"items_purged_floors":[4,22],"is_endless":false,"potions_floor_spawned":[7,14,16,27,33,35],"ascension_level":5}