{"gold_per_floor":[99,99,99,99,99,99,99,99,99,99,99,99,99,99,99,99,99,69,69,69,69,69,69,69,69,69,69,69,69,69,69,69,69,69,69,30,30,30,30,30,30,30,30,30,30,30,30,30,30,30],"floor_reached":51,"playtime":4807,"items_purged":[],"score":1148,"play_id":"29bd4079-26eb-4594-aa23-b1599de055b8","local_time":"20190502120323","is_ascension_mode":true,"campfire_choices":[{"floor":7.0,"key":"REST"},{"floor":11.0,"key":"REST"},{"data":"Whirlwind","floor":13.0,"key":"SMITH"},{"data":"Shockwave","floor":15.0,"key":"SMITH"},{"data":"Havoc","floor":24.0,"key":"SMITH"},{"data":"Metallicize","floor":32,"key":"SMITH"},{"data":"1","floor":41,"key":"LIFT"},{"data":"Offering","floor":45,"key":"SMITH"},{"data":"2","floor":47,"key":"LIFT"},{"data":"3","floor":49,"key":"LIFT"}],"neow_cost":"NONE","seed_source_timestamp":0,"circlet_count":0,"master_deck":["Strike_R+1","Strike_R","Strike_R","Strike_R","Strike_R+1","Defend_R","Defend_R","Defend_R","Defend_R","Bash","Whirlwind+1","Havoc+1","Burning Pact","Shrug It Off","Shrug It Off","Headbutt","Shockwave+1","Heavy Blade+1","Feel No Pain","Reaper+1","Uppercut+1","Flame Barrier+1","Metallicize+1","Shockwave+1","Flame Barrier+1","Impervious","Havoc+1","Pummel+1","Sentinel+1","Disarm","Flame Barrier","Offering+1"],"special_seed":0,"relics":["Ectoplasm","Ornamental Fan","Shuriken","Potion Belt","Molten Egg 2","Velvet Choker","Vajra","Singing Bowl","Bag of Preparation","Question Card","Lizard Tail","Girya","Oddly Smooth Stone","Whetstone","PreservedInsect","Kunai"],"potions_floor_usage":[33,33,40,40,44,50,50],"damage_taken":[{"damage":2.0,"enemies":"2 Louse","floor":1.0,"turns":4.0},{"damage":1.0,"enemies":"Cultist","floor":2.0,"turns":3.0},{"damage":2.0,"enemies":"Jaw Worm","floor":3.0,"turns":4.0},{"damage":0.0,"enemies":"Large Slime","floor":4.0,"turns":3.0},{"damage":3.0,"enemies":"3 Louse","floor":5.0,"turns":2.0},{"damage":34.0,"enemies":"Gremlin Nob","floor":6.0,"turns":5.0},{"damage":15.0,"enemies":"3 Sentries","floor":8.0,"turns":6.0},{"damage":23.0,"enemies":"Lagavulin","floor":10.0,"turns":5.0},{"damage":0.0,"enemies":"Blue Slaver","floor":12.0,"turns":3.0},{"damage":3.0,"enemies":"Large Slime","floor":14.0,"turns":4.0},{"damage":5.0,"enemies":"Hexaghost","floor":16.0,"turns":7.0},{"damage":0.0,"enemies":"2 Thieves","floor":18.0,"turns":2.0},{"damage":0.0,"enemies":"3 Byrds","floor":19.0,"turns":3.0},{"damage":15.0,"enemies":"Snake Plant","floor":20.0,"turns":4.0},{"damage":17.0,"enemies":"Centurion and Healer","floor":21.0,"turns":7.0},{"damage":21.0,"enemies":"Slavers","floor":23.0,"turns":5.0},{"damage":5.0,"enemies":"3 Cultists","floor":25.0,"turns":5.0},{"damage":0.0,"enemies":"Gremlin Leader","floor":27.0,"turns":4.0},{"damage":9,"enemies":"Book of Stabbing","floor":29,"turns":5},{"damage":7,"enemies":"Snecko","floor":30,"turns":6},{"damage":54,"enemies":"Collector","floor":33,"turns":11},{"damage":16,"enemies":"3 Darklings","floor":35,"turns":4},{"damage":2,"enemies":"Orb Walker","floor":37,"turns":4},{"damage":3,"enemies":"Mind Bloom Boss Battle","floor":39,"turns":8},{"damage":15,"enemies":"Nemesis","floor":40,"turns":11},{"damage":24,"enemies":"Reptomancer","floor":42,"turns":8},{"damage":48,"enemies":"Giant Head","floor":44,"turns":9},{"damage":6,"enemies":"Spire Growth","floor":48,"turns":4},{"damage":76,"enemies":"Time Eater","floor":50,"turns":17}],"seed_played":"1265418632602168531","potions_obtained":[{"floor":1.0,"key":"Swift Potion"},{"floor":6.0,"key":"Weak Potion"},{"floor":10.0,"key":"Block Potion"},{"floor":12.0,"key":"FearPotion"},{"floor":18.0,"key":"AttackPotion"},{"floor":20.0,"key":"SpeedPotion"},{"floor":23.0,"key":"Dexterity Potion"},{"floor":25.0,"key":"Weak Potion"},{"floor":27.0,"key":"Regen Potion"},{"floor":35,"key":"Regen Potion"},{"floor":37,"key":"AttackPotion"},{"floor":40,"key":"SkillPotion"},{"floor":48,"key":"Dexterity Potion"}],"is_trial":false,"path_per_floor":["M","M","M","M","M","E","R","E","T","E","R","M","R","M","R","B",null,"M","M","M","M","?","E","R","M","T","E","?","E","M","?","R","B",null,"M","$","M","?","?","E","R","E","T","E","R","?","R","M","R","B",null],"character_chosen":"IRONCLAD","items_purchased":["Pummel+1"],"campfire_rested":2,"item_purchase_floors":[36],"current_hp_per_floor":[70,69,67,67,64,30,54,39,39,16,40,40,40,37,37,32,68,68,74,59,56,56,38,38,54,54,59,89,82,86,86,86,74,90,74,74,74,74,71,72,72,48,48,48,48,85,85,81,81,17],"gold":30,"neow_bonus":"BOSS_RELIC","is_prod":false,"is_daily":false,"chose_seed":false,"campfire_upgraded":5,"win_rate":0,"timestamp":1556816603,"path_taken":["M","M","M","M","M","E","R","E","T","E","R","M","R","M","R","BOSS","M","M","M","M","?","E","R","M","T","E","?","E","M","?","R","BOSS","M","$","?","?","?","E","R","E","T","E","R","?","R","M","R","BOSS"],"build_version":"2019-01-23","purchased_purges":0,"victory":true,"max_hp_per_floor":[80,80,80,80,80,80,80,80,80,80,80,80,80,80,80,80,80,80,80,80,80,80,83,83,86,86,91,91,93,95,95,95,95,95,95,95,97,97,97,97,97,97,97,97,97,85,85,87,87,87],"card_choices":[{"not_picked":["Corruption","Cleave"],"picked":"Whirlwind","floor":1.0},{"not_picked":["Armaments","Clothesline"],"picked":"Havoc","floor":2.0},{"not_picked":["Twin Strike","Bloodletting"],"picked":"Burning Pact","floor":3.0},{"not_picked":["Body Slam","Burning Pact"],"picked":"Shrug It Off","floor":4.0},{"not_picked":["Cleave","Dual Wield"],"picked":"Shrug It Off","floor":5.0},{"not_picked":["Rupture","Carnage"],"picked":"Headbutt","floor":6.0},{"not_picked":["Evolve","Clash"],"picked":"Feed","floor":8.0},{"not_picked":["Juggernaut","Ghostly Armor"],"picked":"Shockwave","floor":10.0},{"not_picked":["Warcry","Anger+1"],"picked":"Heavy Blade+1","floor":12.0},{"not_picked":["Power Through","Thunderclap+1"],"picked":"Feel No Pain","floor":14.0},{"not_picked":["Feed+1","Brutality"],"picked":"Reaper+1","floor":16.0},{"not_picked":["Heavy Blade+1","Feel No Pain"],"picked":"Uppercut+1","floor":18.0},{"not_picked":["Power Through","Havoc"],"picked":"Flame Barrier+1","floor":19.0},{"not_picked":["Sword Boomerang+1","Heavy Blade+1","Clothesline+1"],"picked":"SKIP","floor":20.0},{"not_picked":["Seeing Red","Burning Pact"],"picked":"Metallicize","floor":21.0},{"not_picked":["Perfected Strike+1","Body Slam+1","Burning Pact"],"picked":"SKIP","floor":23.0},{"not_picked":["Cleave+1","Combust"],"picked":"Shockwave+1","floor":25.0},{"not_picked":["Combust","Infernal Blade","Perfected Strike+1"],"picked":"Singing Bowl","floor":27.0},{"not_picked":["Clothesline+1","Intimidate","Body Slam+1"],"picked":"Singing Bowl","floor":29},{"not_picked":["Corruption","Feel No Pain","Twin Strike+1","Dropkick+1"],"picked":"Singing Bowl","floor":30},{"not_picked":["Exhume","Berserk","Bludgeon+1"],"picked":"Impervious","floor":33},{"not_picked":["Cleave+1","Iron Wave+1","Wild Strike+1"],"picked":"Havoc+1","floor":35},{"not_picked":["Inflame","Combust","Pommel Strike+1","Sword Boomerang+1"],"picked":"Singing Bowl","floor":37},{"not_picked":["Blood for Blood+1","Reckless Charge+1","Second Wind+1"],"picked":"Sentinel+1","floor":39},{"not_picked":["Clash+1","Heavy Blade+1","Headbutt+1"],"picked":"Disarm","floor":40},{"not_picked":["Combust+1","Power Through+1","Dropkick+1"],"picked":"Flame Barrier","floor":42},{"not_picked":["Flame Barrier+1","Uppercut+1","Burning Pact+1"],"picked":"Offering","floor":44},{"not_picked":["Wild Strike+1","Perfected Strike+1","Twin Strike+1","Body Slam+1"],"picked":"Singing Bowl","floor":48}],"player_experience":360512,"relics_obtained":[{"floor":6.0,"key":"Ornamental Fan"},{"floor":8.0,"key":"Shuriken"},{"floor":9.0,"key":"Potion Belt"},{"floor":10.0,"key":"Molten Egg 2"},{"floor":23.0,"key":"Vajra"},{"floor":26.0,"key":"Singing Bowl"},{"floor":27.0,"key":"Bag of Preparation"},{"floor":29,"key":"Question Card"},{"floor":39,"key":"Girya"},{"floor":40,"key":"Oddly Smooth Stone"},{"floor":42,"key":"Whetstone"},{"floor":43,"key":"PreservedInsect"},{"floor":44,"key":"Kunai"}],"event_choices":[{"damage_healed":0.0,"max_hp_gain":0.0,"max_hp_loss":0.0,"gold_gain":0.0,"event_name":"Ghosts","player_choice":"Ignored","floor":22.0,"gold_loss":0.0,"damage_taken":0.0},{"damage_healed":30.0,"max_hp_gain":0.0,"max_hp_loss":0.0,"gold_gain":0.0,"event_name":"The Library","player_choice":"Heal","floor":28.0,"gold_loss":0.0,"damage_taken":0.0},{"damage_healed":0,"gold_gain":0,"player_choice":"Copied","damage_taken":0,"max_hp_gain":0,"max_hp_loss":0,"event_name":"Duplicator","floor":31,"gold_loss":0,"cards_obtained":["Flame Barrier"]},{"cards_removed":["Feed"],"damage_healed":0,"gold_gain":0,"player_choice":"Removed Attack","damage_taken":0,"max_hp_gain":0,"max_hp_loss":0,"event_name":"Falling","floor":38,"gold_loss":0},{"damage_healed":0,"gold_gain":0,"player_choice":"Fight","damage_taken":0,"max_hp_gain":0,"max_hp_loss":0,"event_name":"MindBloom","floor":39,"gold_loss":0},{"damage_healed":85,"gold_gain":0,"player_choice":"Heal","damage_taken":0,"max_hp_gain":0,"max_hp_loss":12,"event_name":"The Moai Head","floor":46,"gold_loss":0}],"is_beta":false,"boss_relics":[{"not_picked":["Pandora\u0027s Box","Calling Bell"],"picked":"Velvet Choker"},{"not_picked":["Snecko Eye","Orrery"],"picked":"Lizard Tail"}],"items_purged_floors":[],"is_endless":false,"potions_floor_spawned":[1,6,10,12,18,20,23,25,27,35,37,40,48],"ascension_level":9}