{"gold_per_floor":[113,113,113,113,129,157,171,189,189,114,125,125,142,157,157,252,252,268,268,268,281,297,297,310,327,350,40,57,71,71,139,139,241,241,257,257,43,60,76,76,88,88,143,143,143,143,143,156,156,156],"floor_reached":51,"playtime":1854,"items_purged":["Strike_R","Strike_R","Strike_R+1"],"score":778,"play_id":"ec4f1e5b-74a4-43ed-95c1-449df5786b9b","local_time":"20190531005644","is_ascension_mode":false,"campfire_choices":[{"data":"Bash","floor":15.0,"key":"SMITH"},{"floor":23.0,"key":"REST"},{"floor":32.0,"key":"REST"},{"data":"Finesse","floor":40,"key":"SMITH"},{"floor":42,"key":"RECALL"},{"data":"Defend_R","floor":47,"key":"SMITH"},{"floor":49,"key":"REST"}],"neow_cost":"NONE","seed_source_timestamp":959770829293665,"circlet_count":0,"master_deck":["Defend_R+1","Defend_R+1","Bash+1","Dropkick+1","Dropkick+1"],"special_seed":0,"relics":["Burning Blood","NeowsBlessing","Mercury Hourglass","Empty Cage","Omamori","DollysMirror","Mummified Hand","Sozu","Art of War"],"potions_floor_usage":[33,33],"damage_taken":[{"damage":0.0,"enemies":"Small Slimes","floor":1.0,"turns":1.0},{"damage":0.0,"enemies":"Jaw Worm","floor":5.0,"turns":1.0},{"damage":0.0,"enemies":"Gremlin Nob","floor":6.0,"turns":1.0},{"damage":13.0,"enemies":"2 Louse","floor":7.0,"turns":4.0},{"damage":9.0,"enemies":"Exordium Thugs","floor":8.0,"turns":7.0},{"damage":9.0,"enemies":"Gremlin Gang","floor":11.0,"turns":4.0},{"damage":2.0,"enemies":"Looter","floor":13.0,"turns":3.0},{"damage":2.0,"enemies":"3 Louse","floor":14.0,"turns":4.0},{"damage":47.0,"enemies":"Slime Boss","floor":16.0,"turns":12.0},{"damage":14.0,"enemies":"Shell Parasite","floor":18.0,"turns":5.0},{"damage":30.0,"enemies":"2 Thieves","floor":21.0,"turns":3.0},{"damage":15.0,"enemies":"Centurion and Healer","floor":22.0,"turns":5.0},{"damage":12.0,"enemies":"Snecko","floor":24.0,"turns":5.0},{"damage":15.0,"enemies":"Chosen and Byrds","floor":25.0,"turns":4.0},{"damage":10.0,"enemies":"Centurion and Healer","floor":28.0,"turns":3.0},{"damage":4.0,"enemies":"Shelled Parasite and Fungi","floor":29.0,"turns":2.0},{"damage":39,"enemies":"Automaton","floor":33,"turns":10},{"damage":14,"enemies":"Orb Walker","floor":35,"turns":3},{"damage":0,"enemies":"3 Shapes","floor":38,"turns":3},{"damage":0,"enemies":"Writhing Mass","floor":39,"turns":1},{"damage":0,"enemies":"Transient","floor":41,"turns":1},{"damage":22,"enemies":"4 Shapes","floor":48,"turns":5},{"damage":46,"enemies":"Awakened One","floor":50,"turns":3}],"seed_played":"6396813869799850954","potions_obtained":[{"floor":5.0,"key":"SpeedPotion"},{"floor":7.0,"key":"SpeedPotion"},{"floor":13.0,"key":"EssenceOfSteel"},{"floor":18.0,"key":"Dexterity Potion"},{"floor":24.0,"key":"BloodPotion"},{"floor":25.0,"key":"Poison Potion"}],"is_trial":false,"path_per_floor":["M","?","?","?","M","E","M","M","T","$","M","?","M","M","R","B",null,"M","?","?","M","M","R","M","M","T","$","M","M","$","T","R","B",null,"M","?","$","M","M","R","M","R","T","?","?","$","R","M","R","B",null],"character_chosen":"IRONCLAD","items_purchased":["DollysMirror","Finesse"],"campfire_rested":3,"item_purchase_floors":[27,37],"current_hp_per_floor":[80,64,57,57,63,69,62,59,59,59,56,56,60,64,64,23,80,72,57,57,33,24,49,43,42,42,42,38,40,40,40,65,32,85,77,77,77,83,85,85,85,85,85,85,85,85,85,69,85,45],"gold":156,"neow_bonus":"THREE_ENEMY_KILL","is_prod":false,"is_daily":false,"chose_seed":false,"campfire_upgraded":3,"win_rate":0,"timestamp":1559253404,"path_taken":["M","?","?","?","?","E","M","M","T","$","?","?","M","M","R","BOSS","M","?","?","?","M","R","M","M","T","$","M","M","?","?","R","BOSS","M","?","$","?","M","R","M","R","T","?","?","$","R","M","R","BOSS"],"build_version":"2019-01-23","purchased_purges":3,"victory":true,"max_hp_per_floor":[80,80,80,80,80,80,80,80,80,80,80,80,80,80,80,80,80,80,85,85,85,85,85,85,85,85,85,85,85,85,85,85,85,85,85,85,85,85,85,85,85,85,85,85,85,85,85,85,85,85],"card_choices":[{"not_picked":["Shrug It Off","Feel No Pain"],"picked":"Dropkick","floor":1.0},{"not_picked":["Heavy Blade","Clothesline","Rage"],"picked":"SKIP","floor":5.0},{"not_picked":["Bludgeon","True Grit","Flex"],"picked":"SKIP","floor":6.0},{"not_picked":["Clothesline","Searing Blow","Pummel"],"picked":"SKIP","floor":7.0},{"not_picked":["Warcry","Pommel Strike","Reckless Charge"],"picked":"SKIP","floor":8.0},{"not_picked":["Pommel Strike","Shockwave","Fire Breathing"],"picked":"SKIP","floor":11.0},{"not_picked":["Flex","Fire Breathing","Twin Strike"],"picked":"SKIP","floor":13.0},{"not_picked":["Armaments","Feel No Pain","Wild Strike"],"picked":"SKIP","floor":14.0},{"not_picked":["Metallicize","Pommel Strike+1","Body Slam"],"picked":"SKIP","floor":18.0},{"not_picked":["Iron Wave","Bloodletting","Warcry"],"picked":"SKIP","floor":21.0},{"not_picked":["Second Wind","Dual Wield","Sever Soul"],"picked":"SKIP","floor":22.0},{"not_picked":["Shrug It Off","Cleave","Sword Boomerang"],"picked":"SKIP","floor":24.0},{"not_picked":["Warcry","Whirlwind","Sword Boomerang"],"picked":"SKIP","floor":25.0},{"not_picked":["Pummel","Headbutt","Sentinel"],"picked":"SKIP","floor":28.0},{"not_picked":["Pommel Strike","Evolve","Shrug It Off+1"],"picked":"SKIP","floor":29.0},{"not_picked":["Perfected Strike+1","Anger","Warcry"],"picked":"SKIP","floor":35},{"not_picked":["Headbutt","Body Slam+1","Wild Strike"],"picked":"SKIP","floor":38},{"not_picked":["Thunderclap+1","Pommel Strike","Dual Wield"],"picked":"SKIP","floor":39},{"not_picked":["Iron Wave","Shockwave","Body Slam"],"picked":"SKIP","floor":41},{"not_picked":["Anger","Wild Strike+1","Metallicize"],"picked":"SKIP","floor":48}],"player_experience":330544,"relics_obtained":[{"floor":9.0,"key":"Mercury Hourglass"},{"floor":26.0,"key":"Omamori"},{"floor":31.0,"key":"Mummified Hand"},{"floor":43,"key":"Art of War"}],"event_choices":[{"damage_healed":0.0,"max_hp_gain":0.0,"max_hp_loss":0.0,"gold_gain":0.0,"event_name":"Shining Light","player_choice":"Entered Light","floor":2.0,"gold_loss":0.0,"damage_taken":16.0,"cards_upgraded":["Defend_R","Strike_R"]},{"cards_removed":["Strike_R"],"damage_healed":0.0,"max_hp_gain":0.0,"max_hp_loss":0.0,"gold_gain":0.0,"event_name":"Golden Wing","player_choice":"Card Removal","floor":3.0,"gold_loss":0.0,"damage_taken":7.0},{"damage_healed":0.0,"max_hp_gain":0.0,"max_hp_loss":0.0,"gold_gain":0.0,"event_name":"Liars Game","player_choice":"Ignored","floor":4.0,"gold_loss":0.0,"damage_taken":0.0},{"cards_removed":["Defend_R"],"damage_healed":0.0,"max_hp_gain":0.0,"max_hp_loss":0.0,"gold_gain":0.0,"event_name":"Living Wall","player_choice":"Forget","floor":12.0,"gold_loss":0.0,"damage_taken":0.0},{"damage_healed":0.0,"max_hp_gain":5.0,"max_hp_loss":0.0,"gold_gain":0.0,"event_name":"Forgotten Altar","player_choice":"Shed Blood","floor":19.0,"gold_loss":0.0,"damage_taken":20.0},{"damage_healed":0.0,"max_hp_gain":0.0,"max_hp_loss":0.0,"gold_gain":0.0,"event_name":"Accursed Blacksmith","player_choice":"Forge","floor":20.0,"gold_loss":0.0,"damage_taken":0.0,"cards_upgraded":["Dropkick"]},{"damage_healed":0,"gold_gain":0,"player_choice":"Ignored","damage_taken":0,"max_hp_gain":0,"max_hp_loss":0,"event_name":"NoteForYourself","floor":36,"gold_loss":0},{"cards_removed":["Finesse"],"damage_healed":0,"gold_gain":0,"player_choice":"Removed Skill","damage_taken":0,"max_hp_gain":0,"max_hp_loss":0,"event_name":"Falling","floor":44,"gold_loss":0},{"damage_healed":0,"gold_gain":0,"player_choice":"Ignored","damage_taken":0,"max_hp_gain":0,"max_hp_loss":0,"event_name":"SecretPortal","floor":45,"gold_loss":0}],"is_beta":false,"boss_relics":[{"not_picked":["White Beast Statue","Runic Cube"],"picked":"Empty Cage"},{"not_picked":["Busted Crown","Philosopher\u0027s Stone"],"picked":"Sozu"}],"items_purged_floors":[10,27,37],"is_endless":false,"potions_floor_spawned":[5,7,13,18,24,25,35,38,41],"ascension_level":0}