{"gold_per_floor":[115,126,8,25,37,48,82,82,112,135,135,150,150,150,150,150],"floor_reached":16,"playtime":536,"items_purged":[],"score":173,"play_id":"32624a6f-11ea-461f-b609-a49098a0b6ea","local_time":"20190527000659","is_ascension_mode":true,"campfire_choices":[{"data":"Feel No Pain","floor":11,"key":"SMITH"},{"data":"Infernal Blade","floor":13,"key":"SMITH"},{"data":"Bash","floor":15,"key":"SMITH"}],"neow_cost":"NONE","seed_source_timestamp":729655078281317,"circlet_count":0,"master_deck":["AscendersBane","Strike_R","Strike_R","Strike_R","Strike_R","Strike_R","Defend_R","Defend_R","Defend_R","Defend_R","Bash+1","Feel No Pain+1","Clothesline","Spot Weakness+1","Carnage","Battle Trance","Combust+1","Infernal Blade+1"],"special_seed":0,"relics":["Burning Blood","NeowsBlessing","Anchor","Tiny Chest","Juzu Bracelet"],"potions_floor_usage":[7,16],"damage_taken":[{"damage":0.0,"enemies":"Small Slimes","floor":1.0,"turns":1.0},{"damage":0.0,"enemies":"Jaw Worm","floor":2.0,"turns":1.0},{"damage":0.0,"enemies":"Cultist","floor":4.0,"turns":1.0},{"damage":14.0,"enemies":"Red Slaver","floor":5.0,"turns":4.0},{"damage":9.0,"enemies":"Looter","floor":6.0,"turns":4.0},{"damage":35,"enemies":"Lagavulin","floor":7,"turns":5},{"damage":15,"enemies":"2 Fungi Beasts","floor":12,"turns":4},{"damage":42,"enemies":"The Guardian","floor":16,"turns":9}],"seed_played":"-2065447491719985089","potions_obtained":[{"floor":1.0,"key":"SteroidPotion"},{"floor":4.0,"key":"Poison Potion"},{"floor":6,"key":"Explosive Potion"},{"floor":12,"key":"Regen Potion"}],"is_trial":false,"path_per_floor":["M","M","$","M","M","M","E","?","T","T","R","M","R","?","R","B"],"character_chosen":"IRONCLAD","items_purchased":["Clothesline","Spot Weakness"],"campfire_rested":0,"item_purchase_floors":[3,3],"current_hp_per_floor":[74,75,75,75,67,64,35,35,35,35,35,26,26,26,26,0],"gold":150,"neow_bonus":"THREE_ENEMY_KILL","is_prod":false,"is_daily":false,"chose_seed":false,"campfire_upgraded":3,"win_rate":0,"timestamp":1558933619,"path_taken":["M","M","$","M","M","M","E","?","T","?","R","M","R","?","R","BOSS"],"build_version":"2019-01-23","purchased_purges":0,"victory":false,"max_hp_per_floor":[75,75,75,75,75,75,75,75,75,75,75,75,75,75,75,75],"card_choices":[{"not_picked":["Dropkick","Bloodletting","Iron Wave"],"picked":"SKIP","floor":1.0},{"not_picked":["Power Through","Rampage"],"picked":"Feel No Pain","floor":2.0},{"not_picked":["Clothesline","Power Through"],"picked":"Carnage","floor":4.0},{"not_picked":["Power Through","Anger"],"picked":"Battle Trance","floor":5.0},{"not_picked":["Warcry","Body Slam","Anger"],"picked":"SKIP","floor":6},{"not_picked":["Clash","Perfected Strike"],"picked":"Combust","floor":7},{"not_picked":["Pommel Strike","Power Through"],"picked":"Infernal Blade","floor":12}],"player_experience":483536,"relics_obtained":[{"floor":7,"key":"Anchor"},{"floor":9,"key":"Tiny Chest"},{"floor":10,"key":"Juzu Bracelet"}],"event_choices":[{"damage_healed":0,"gold_gain":0,"player_choice":"Grow","damage_taken":0,"max_hp_gain":0,"max_hp_loss":0,"event_name":"Living Wall","floor":8,"gold_loss":0,"cards_upgraded":["Combust"]},{"damage_healed":0,"gold_gain":0,"player_choice":"Forge","damage_taken":0,"max_hp_gain":0,"max_hp_loss":0,"event_name":"Accursed Blacksmith","floor":14,"gold_loss":0,"cards_upgraded":["Spot Weakness"]}],"is_beta":false,"boss_relics":[],"items_purged_floors":[],"is_endless":false,"potions_floor_spawned":[1,4,6,12],"killed_by":"The Guardian","ascension_level":14}