{"gold_per_floor":[117,117,117,26,45,45,84,84,160,199,220,220,240,240,240,363,363,288,22,43,64,82,82,126,126,126,126,126],"floor_reached":28,"playtime":1567,"items_purged":[],"score":363,"play_id":"3f0f49af-0591-4284-b57a-0ebc5d736196","local_time":"20190608185903","is_ascension_mode":true,"campfire_choices":[{"data":"Flame Barrier","floor":6.0,"key":"SMITH"},{"data":"Pommel Strike","floor":8.0,"key":"SMITH"},{"data":"Demon Form","floor":12.0,"key":"SMITH"},{"data":"True Grit","floor":15.0,"key":"SMITH"},{"data":"Inflame","floor":23.0,"key":"SMITH"},{"floor":27.0,"key":"REST"}],"neow_cost":"NONE","seed_source_timestamp":72930865091163,"circlet_count":0,"master_deck":["Strike_R","Strike_R","Defend_R","Defend_R","Defend_R","Defend_R","Bash","Flame Barrier+1","Injury","Demon Form+1","Flash of Steel","True Grit+1","Pommel Strike+1","Headbutt","Battle Trance+1","Offering","Armaments","Inflame+1","Inflame","Spot Weakness"],"special_seed":0,"relics":["Burning Blood","NeowsBlessing","Golden Idol","Red Skull","The Courier","Oddly Smooth Stone","Empty Cage","Bottled Tornado","Nunchaku","MutagenicStrength","Sundial"],"potions_floor_usage":[28,28],"damage_taken":[{"damage":0.0,"enemies":"Small Slimes","floor":1.0,"turns":1.0},{"damage":0.0,"enemies":"2 Louse","floor":5.0,"turns":1.0},{"damage":0.0,"enemies":"Lagavulin","floor":7.0,"turns":1.0},{"damage":14.0,"enemies":"3 Sentries","floor":10.0,"turns":6.0},{"damage":0.0,"enemies":"Cultist","floor":11.0,"turns":3.0},{"damage":10.0,"enemies":"Large Slime","floor":13.0,"turns":8.0},{"damage":28.0,"enemies":"The Guardian","floor":16.0,"turns":11.0},{"damage":6.0,"enemies":"2 Thieves","floor":18.0,"turns":5.0},{"damage":20.0,"enemies":"Spheric Guardian","floor":20.0,"turns":6.0},{"damage":16.0,"enemies":"Centurion and Healer","floor":21.0,"turns":7.0},{"damage":15.0,"enemies":"Snake Plant","floor":22.0,"turns":3.0},{"damage":39.0,"enemies":"Gremlin Leader","floor":24.0,"turns":6.0},{"damage":32,"enemies":"Book of Stabbing","floor":28,"turns":4}],"seed_played":"5152962261331313071","potions_obtained":[{"floor":1.0,"key":"SteroidPotion"},{"floor":7.0,"key":"EssenceOfSteel"},{"floor":10.0,"key":"Dexterity Potion"},{"floor":11.0,"key":"Energy Potion"},{"floor":21.0,"key":"LiquidBronze"},{"floor":24.0,"key":"GamblersBrew"}],"is_trial":false,"path_per_floor":["M","?","?","$","M","R","E","R","T","E","M","R","M","?","R","B",null,"M","$","M","M","M","R","E","?","T","R","E"],"character_chosen":"IRONCLAD","items_purchased":["Flash of Steel","Inflame","Bottled Tornado"],"campfire_rested":1,"item_purchase_floors":[4,19,19],"current_hp_per_floor":[78,78,78,78,80,80,80,80,80,72,78,78,74,74,74,52,73,73,73,59,49,40,40,7,7,7,31,0],"gold":126,"neow_bonus":"THREE_ENEMY_KILL","is_prod":false,"is_daily":false,"chose_seed":false,"campfire_upgraded":5,"win_rate":0,"timestamp":1560038343,"path_taken":["M","?","?","$","M","R","E","R","T","E","M","R","?","?","R","BOSS","M","$","M","M","M","R","E","?","T","R","E"],"build_version":"2019-01-23","purchased_purges":0,"victory":false,"max_hp_per_floor":[80,80,80,80,80,80,80,80,80,80,80,80,80,80,80,80,80,80,80,80,80,80,80,80,80,80,80,80],"card_choices":[{"not_picked":["Carnage","Rampage"],"picked":"Flame Barrier","floor":1.0},{"not_picked":["Whirlwind","Armaments"],"picked":"True Grit","floor":5.0},{"not_picked":["Intimidate","Clothesline"],"picked":"Pommel Strike","floor":7.0},{"not_picked":["Searing Blow","Rampage","Sever Soul"],"picked":"SKIP","floor":10.0},{"not_picked":["Searing Blow","Evolve"],"picked":"Headbutt","floor":11.0},{"not_picked":["Havoc","Warcry"],"picked":"Battle Trance","floor":13.0},{"not_picked":["Fiend Fire","Demon Form"],"picked":"Offering","floor":16.0},{"not_picked":["Clash","Rage"],"picked":"Armaments","floor":18.0},{"not_picked":["Seeing Red","Iron Wave+1"],"picked":"Inflame","floor":20.0},{"not_picked":["Pommel Strike","Sword Boomerang+1"],"picked":"Spot Weakness","floor":21.0},{"not_picked":["Thunderclap","Flex","Heavy Blade"],"picked":"SKIP","floor":22.0},{"not_picked":["Searing Blow","Rampage+1","Second Wind+1"],"picked":"SKIP","floor":24.0}],"player_experience":50892,"relics_obtained":[{"floor":7.0,"key":"Red Skull"},{"floor":9.0,"key":"The Courier"},{"floor":10.0,"key":"Oddly Smooth Stone"},{"floor":24.0,"key":"Nunchaku"},{"floor":26.0,"key":"Sundial"}],"event_choices":[{"damage_healed":0.0,"max_hp_gain":0.0,"max_hp_loss":0.0,"gold_gain":0.0,"event_name":"Golden Idol","player_choice":"Take Wound","floor":2.0,"gold_loss":0.0,"damage_taken":0.0,"relics_obtained":["Golden Idol"],"cards_obtained":["Injury"]},{"damage_healed":0.0,"max_hp_gain":0.0,"max_hp_loss":0.0,"gold_gain":0.0,"cards_transformed":["Strike_R"],"event_name":"Transmorgrifier","player_choice":"Transformed","floor":3.0,"gold_loss":0.0,"damage_taken":0.0,"cards_obtained":["Demon Form"]},{"damage_healed":0.0,"max_hp_gain":0.0,"max_hp_loss":0.0,"gold_gain":0.0,"event_name":"Living Wall","player_choice":"Grow","floor":14.0,"gold_loss":0.0,"damage_taken":0.0,"cards_upgraded":["Battle Trance"]},{"damage_healed":0.0,"max_hp_gain":0.0,"max_hp_loss":0.0,"gold_gain":0.0,"event_name":"Drug Dealer","player_choice":"Inject Mutagens","floor":25.0,"gold_loss":0.0,"damage_taken":0.0,"relics_obtained":["MutagenicStrength"]}],"is_beta":false,"boss_relics":[{"not_picked":["Black Star","Runic Pyramid"],"picked":"Empty Cage"}],"items_purged_floors":[],"is_endless":false,"potions_floor_spawned":[1,7,10,11,21,24],"killed_by":"Book of Stabbing","ascension_level":7}