{"gold_per_floor":[117,127,127,127,77,102,121,46,46,76,94,94,121,141,141,243,243,254,34,36,36,36,36,36,46,46,46,56,72,72,102,102,201,201,220,220,220,234,246,246,271,27,52,67,67,167,181,181,181,181,181,181,56,86,86],"floor_reached":56,"playtime":8145,"items_purged":["Strike_G","Blade Dance","Writhe"],"score":1145,"play_id":"eb815574-dea8-43fa-8244-7067137b91cb","local_time":"20190602020156","is_ascension_mode":false,"campfire_choices":[{"floor":12,"key":"REST"},{"data":"Deadly Poison","floor":15,"key":"SMITH"},{"data":"Noxious Fumes","floor":23,"key":"SMITH"},{"data":"Wraith Form v2","floor":27,"key":"SMITH"},{"data":"Crippling Poison","floor":30,"key":"SMITH"},{"data":"PiercingWail","floor":32,"key":"SMITH"},{"floor":40,"key":"RECALL"},{"data":"Noxious Fumes","floor":49,"key":"SMITH"},{"data":"Caltrops","floor":52,"key":"SMITH"}],"neow_cost":"NONE","seed_source_timestamp":39644074734027,"circlet_count":0,"master_deck":["Defend_G+1","Defend_G+1","Defend_G+1","Defend_G+1","Defend_G+1","Strike_G+1","Strike_G+1","Strike_G+1","Survivor+1","Neutralize+1","Dagger Spray","Deadly Poison","PiercingWail+1","Deadly Poison+1","Wraith Form v2+1","Predator","Crippling Poison+1","Noxious Fumes+1","Die Die Die","Footwork+1","Caltrops+1","Noxious Fumes+1","Backflip","PiercingWail+1","Parasite","PiercingWail+1"],"relics":["Ring of the Snake","Strawberry","Darkstone Periapt","Ninja Scroll","Orichalcum","Busted Crown","Bronze Scales","Pear","Letter Opener","Snecko Eye","Anchor","Happy Flower","Pocketwatch","War Paint"],"potions_floor_usage":[11,16,55,55,55],"damage_taken":[{"damage":0,"enemies":"Cultist","floor":1,"turns":5},{"damage":0,"enemies":"2 Louse","floor":2,"turns":3},{"damage":48,"enemies":"3 Sentries","floor":6,"turns":16},{"damage":0,"enemies":"Jaw Worm","floor":7,"turns":3},{"damage":0,"enemies":"Large Slime","floor":11,"turns":6},{"damage":0,"enemies":"3 Louse","floor":14,"turns":3},{"damage":22,"enemies":"Hexaghost","floor":16,"turns":10},{"damage":0,"enemies":"Spheric Guardian","floor":18,"turns":5},{"damage":10,"enemies":"2 Thieves","floor":20,"turns":5},{"damage":0,"enemies":"Cultist and Chosen","floor":25,"turns":5},{"damage":0,"enemies":"Snake Plant","floor":28,"turns":4},{"damage":0,"enemies":"3 Cultists","floor":29,"turns":4},{"damage":11,"enemies":"Book of Stabbing","floor":31,"turns":5},{"damage":22,"enemies":"Automaton","floor":33,"turns":9},{"damage":0,"enemies":"3 Shapes","floor":35,"turns":4},{"damage":0,"enemies":"3 Darklings","floor":38,"turns":4},{"damage":3,"enemies":"Transient","floor":39,"turns":5},{"damage":13,"enemies":"Giant Head","floor":41,"turns":9},{"damage":0,"enemies":"4 Shapes","floor":44,"turns":5},{"damage":0,"enemies":"Mind Bloom Boss Battle","floor":46,"turns":6},{"damage":7,"enemies":"Writhing Mass","floor":47,"turns":5},{"damage":42,"enemies":"Donu and Deca","floor":50,"turns":10},{"damage":23,"enemies":"Shield and Spear","floor":54,"turns":7},{"damage":49,"enemies":"The Heart","floor":55,"turns":11}],"seed_played":"1880920472074640660","potions_obtained":[{"floor":7,"key":"Regen Potion"},{"floor":14,"key":"FearPotion"},{"floor":16,"key":"SteroidPotion"},{"floor":20,"key":"GhostInAJar"},{"floor":25,"key":"Energy Potion"},{"floor":33,"key":"Swift Potion"},{"floor":44,"key":"Regen Potion"}],"is_trial":false,"path_per_floor":["M","M","?","?","?","E","M","$","T","?","M","R","T","M","R","B",null,"M","$","M","?","?","R","T","M","T","R","M","M","R","E","R","B",null,"M","?","?","M","M","R","E","$","T","M","?","?","M","?","R","B",null,"R","$","E","B",null],"character_chosen":"THE_SILENT","items_purchased":["Crippling Poison","Bronze Scales","Noxious Fumes","Backflip","Dexterity Potion"],"campfire_rested":1,"item_purchase_floors":[19,19,42,42,42],"current_hp_per_floor":[77,77,62,62,62,14,14,14,14,14,29,52,52,52,52,30,77,77,77,67,67,67,67,77,77,77,77,77,77,77,66,66,44,87,87,87,87,87,84,84,71,71,71,71,71,71,70,99,99,57,99,99,99,76,42],"gold":86,"neow_bonus":"RANDOM_COMMON_RELIC","is_prod":false,"is_daily":false,"chose_seed":false,"campfire_upgraded":7,"win_rate":0,"timestamp":1559462516,"path_taken":["M","M","?","?","?","E","M","$","T","?","M","R","?","M","R","BOSS","M","$","M","?","?","R","?","M","T","R","M","M","R","E","R","BOSS","M","?","?","M","M","R","E","$","T","M","?","?","?","?","R","BOSS","R","$","E","BOSS"],"build_version":"2019-01-23","purchased_purges":3,"victory":true,"max_hp_per_floor":[77,77,77,77,77,77,77,77,77,77,77,77,77,77,77,77,77,77,77,77,77,77,77,87,87,87,87,87,87,87,87,87,87,87,87,87,87,87,87,87,87,87,87,87,87,87,93,99,99,99,99,99,99,99,99],"card_choices":[{"not_picked":["Dagger Throw","Deadly Poison"],"picked":"Dagger Spray","floor":1},{"not_picked":["Terror","Slice"],"picked":"Blade Dance","floor":2},{"not_picked":["Backflip","Cloak And Dagger"],"picked":"Deadly Poison","floor":6},{"not_picked":["Finisher","Expertise","Acrobatics"],"picked":"SKIP","floor":7},{"not_picked":["Expertise","Flying Knee"],"picked":"PiercingWail","floor":11},{"not_picked":["Masterful Stab","Night Terror"],"picked":"Deadly Poison","floor":14},{"not_picked":["A Thousand Cuts","Venomology"],"picked":"Wraith Form v2","floor":16},{"not_picked":[],"picked":"Predator","floor":18},{"not_picked":["PiercingWail+1"],"picked":"SKIP","floor":20},{"not_picked":["Flying Knee"],"picked":"SKIP","floor":25},{"not_picked":["Flying Knee+1"],"picked":"SKIP","floor":28},{"not_picked":["Choke+1"],"picked":"SKIP","floor":29},{"not_picked":[],"picked":"Poisoned Stab","floor":31},{"not_picked":[],"picked":"Die Die Die","floor":33},{"not_picked":["Underhanded Strike+1"],"picked":"SKIP","floor":35},{"not_picked":["Outmaneuver"],"picked":"SKIP","floor":38},{"not_picked":[],"picked":"Footwork+1","floor":39},{"not_picked":[],"picked":"Caltrops","floor":41},{"not_picked":["Escape Plan"],"picked":"SKIP","floor":44},{"not_picked":[],"picked":"PiercingWail","floor":46},{"not_picked":[],"picked":"PiercingWail+1","floor":47},{"not_picked":["Escape Plan"],"picked":"SKIP","floor":54}],"player_experience":143776,"relics_obtained":[{"floor":6,"key":"Darkstone Periapt"},{"floor":9,"key":"Ninja Scroll"},{"floor":13,"key":"Orichalcum"},{"floor":24,"key":"Pear"},{"floor":31,"key":"Letter Opener"},{"floor":41,"key":"Anchor"},{"floor":43,"key":"Happy Flower"},{"floor":46,"key":"Pocketwatch"},{"floor":54,"key":"War Paint"}],"event_choices":[{"damage_healed":0,"gold_gain":0,"player_choice":"Entered Light","damage_taken":15,"max_hp_gain":0,"max_hp_loss":0,"event_name":"Shining Light","floor":3,"gold_loss":0,"cards_upgraded":["Strike_G","Strike_G"]},{"damage_healed":0,"gold_gain":0,"player_choice":"Grow","damage_taken":0,"max_hp_gain":0,"max_hp_loss":0,"event_name":"Living Wall","floor":4,"gold_loss":0,"cards_upgraded":["Neutralize"]},{"cards_removed":["Strike_G"],"damage_healed":0,"gold_gain":0,"player_choice":"Card Removal","damage_taken":0,"max_hp_gain":0,"max_hp_loss":0,"event_name":"The Cleric","floor":5,"gold_loss":50},{"damage_healed":0,"gold_gain":30,"player_choice":"Searched \u00271\u0027 times","damage_taken":0,"max_hp_gain":0,"max_hp_loss":0,"event_name":"Dead Adventurer","floor":10,"gold_loss":0},{"damage_healed":0,"gold_gain":0,"player_choice":"Simplicity","damage_taken":0,"max_hp_gain":0,"max_hp_loss":0,"event_name":"Back to Basics","floor":21,"gold_loss":0,"cards_upgraded":["Defend_G","Defend_G","Defend_G","Defend_G","Defend_G","Strike_G"]},{"damage_healed":0,"gold_gain":0,"player_choice":"Read","damage_taken":0,"max_hp_gain":0,"max_hp_loss":0,"event_name":"The Library","floor":22,"gold_loss":0,"cards_obtained":["Noxious Fumes"]},{"cards_removed":["Poisoned Stab"],"damage_healed":0,"gold_gain":0,"player_choice":"Removed Attack","damage_taken":0,"max_hp_gain":0,"max_hp_loss":0,"event_name":"Falling","floor":36,"gold_loss":0},{"damage_healed":0,"gold_gain":0,"player_choice":"Ignored","damage_taken":0,"max_hp_gain":0,"max_hp_loss":0,"event_name":"Tomb of Lord Red Mask","floor":37,"gold_loss":0},{"damage_healed":0,"gold_gain":0,"player_choice":"Ignored","damage_taken":0,"max_hp_gain":0,"max_hp_loss":0,"event_name":"Mysterious Sphere","floor":45,"gold_loss":0},{"damage_healed":0,"gold_gain":0,"player_choice":"Fight","damage_taken":0,"max_hp_gain":0,"max_hp_loss":0,"event_name":"MindBloom","floor":46,"gold_loss":0},{"damage_healed":23,"gold_gain":0,"player_choice":"Writhe","damage_taken":0,"max_hp_gain":0,"max_hp_loss":0,"event_name":"Winding Halls","floor":48,"gold_loss":0,"cards_obtained":["Writhe"]}],"is_beta":false,"boss_relics":[{"not_picked":["Pandora\u0027s Box","Ectoplasm"],"picked":"Busted Crown"},{"not_picked":["Philosopher\u0027s Stone","Astrolabe"],"picked":"Snecko Eye"}],"items_purged_floors":[8,42,53],"is_endless":false,"potions_floor_spawned":[7,14,16,20,25,33,35,38,44],"ascension_level":0}