{"gold_per_floor":[215,215,226,245,107,133,144,158,158,158,186,186,186,206,206,308,308,323,336,8,28,28,28,28,28,28,28,45,61,73,92,92,92],"floor_reached":33,"playtime":2501,"items_purged":[],"score":311,"play_id":"c68e1db4-ea49-42b5-93ed-e7e31cf705ea","local_time":"20190529005744","is_ascension_mode":false,"campfire_choices":[{"floor":10,"key":"REST"},{"floor":15,"key":"DIG"},{"floor":23,"key":"REST"},{"floor":25,"key":"DIG"},{"floor":32,"key":"REST"}],"neow_cost":"NONE","seed_source_timestamp":24074467063390,"circlet_count":0,"master_deck":["Strike_R","Strike_R","Strike_R","Strike_R","Defend_R","Defend_R","Defend_R","Defend_R","Bash","Thunderclap","Rage","Heavy Blade","Cleave","Shrug It Off","Whirlwind","Metallicize","Barricade","Fiend Fire","Decay","Doubt","Decay","Heavy Blade","Pommel Strike","Metamorphosis","Headbutt+1","Discovery","Immolate","Ghostly","Ghostly","Ghostly","Ghostly","Ghostly","Shrug It Off","Rage+1","Flex","Reckless Charge+1","Juggernaut"],"relics":["Burning Blood","Shovel","Juzu Bracelet","Centennial Puzzle","Ornamental Fan","Potion Belt","Calling Bell","Ancient Tea Set","Kunai","Ginger","Bronze Scales","Smiling Mask","Bottled Lightning"],"potions_floor_usage":[6,6,11,16,18,19,33,33],"damage_taken":[{"damage":12,"enemies":"2 Louse","floor":1,"turns":3},{"damage":7,"enemies":"Cultist","floor":3,"turns":5},{"damage":0,"enemies":"Small Slimes","floor":4,"turns":4},{"damage":42,"enemies":"Lagavulin","floor":6,"turns":11},{"damage":13,"enemies":"2 Fungi Beasts","floor":7,"turns":3},{"damage":8,"enemies":"Lots of Slimes","floor":8,"turns":2},{"damage":10,"enemies":"3 Sentries","floor":11,"turns":8},{"damage":2,"enemies":"Blue Slaver","floor":14,"turns":5},{"damage":65,"enemies":"Slime Boss","floor":16,"turns":18},{"damage":11,"enemies":"Shell Parasite","floor":18,"turns":3},{"damage":26,"enemies":"Chosen","floor":19,"turns":6},{"damage":48,"enemies":"Snake Plant","floor":21,"turns":4},{"damage":4,"enemies":"Sentry and Sphere","floor":28,"turns":6},{"damage":30,"enemies":"Centurion and Healer","floor":29,"turns":11},{"damage":3,"enemies":"Snake Plant","floor":30,"turns":2},{"damage":1,"enemies":"Sentry and Sphere","floor":31,"turns":6},{"damage":67,"enemies":"Champ","floor":33,"turns":10}],"seed_played":"-2474231100101881492","potions_obtained":[{"floor":3,"key":"EssenceOfSteel"},{"floor":4,"key":"Poison Potion"},{"floor":7,"key":"Fire Potion"},{"floor":14,"key":"AttackPotion"},{"floor":16,"key":"AttackPotion"},{"floor":18,"key":"Fire Potion"},{"floor":30,"key":"LiquidBronze"},{"floor":31,"key":"Dexterity Potion"}],"is_trial":false,"path_per_floor":["M","?","M","M","$","E","M","M","T","R","E","?","?","M","R","B",null,"M","M","$","M","?","R","?","R","T","?","M","M","M","M","R","B"],"character_chosen":"IRONCLAD","items_purchased":["Limit Break","Bronze Scales","Metamorphosis"],"campfire_rested":3,"item_purchase_floors":[5,20,20],"current_hp_per_floor":[74,56,55,61,61,25,18,16,16,40,36,36,90,90,90,31,90,85,65,65,23,23,50,45,45,45,45,45,21,24,29,42,0],"gold":92,"neow_bonus":"HUNDRED_GOLD","is_prod":false,"is_daily":false,"chose_seed":false,"campfire_upgraded":0,"win_rate":0.0,"timestamp":1559113064,"path_taken":["M","?","M","M","$","E","M","M","T","R","E","?","?","M","R","BOSS","M","M","?","M","?","R","?","R","T","?","M","M","M","M","R","BOSS"],"build_version":"2019-01-23","purchased_purges":0,"victory":false,"max_hp_per_floor":[80,80,80,80,80,80,80,80,80,80,80,80,90,90,90,90,90,90,90,90,90,90,90,45,45,45,45,45,45,45,45,45,45],"card_choices":[{"not_picked":["Sword Boomerang","Perfected Strike"],"picked":"Thunderclap","floor":1},{"not_picked":["Pummel","Spot Weakness"],"picked":"Rage","floor":3},{"not_picked":["Evolve","Reckless Charge"],"picked":"Heavy Blade","floor":4},{"not_picked":["Twin Strike","Anger"],"picked":"Cleave","floor":6},{"not_picked":["Shockwave","Cleave"],"picked":"Shrug It Off","floor":7},{"not_picked":["Sever Soul","Carnage"],"picked":"Whirlwind","floor":8},{"not_picked":["Body Slam","Blood for Blood"],"picked":"Metallicize","floor":11},{"not_picked":["Anger","Carnage"],"picked":"Barricade","floor":14},{"not_picked":["Barricade","Berserk"],"picked":"Fiend Fire","floor":16},{"not_picked":["Twin Strike","Clash"],"picked":"Heavy Blade","floor":18},{"not_picked":["Anger","Intimidate"],"picked":"Pommel Strike","floor":19},{"not_picked":["Havoc","Pummel"],"picked":"Headbutt+1","floor":21},{"not_picked":["Cleave","Havoc"],"picked":"Rage+1","floor":28},{"not_picked":["Bloodletting","Anger+1"],"picked":"Flex","floor":29},{"not_picked":["Thunderclap+1","Armaments"],"picked":"Reckless Charge+1","floor":30},{"not_picked":["Flex","Cleave"],"picked":"Juggernaut","floor":31}],"player_experience":104290,"relics_obtained":[{"floor":6,"key":"Juzu Bracelet"},{"floor":9,"key":"Centennial Puzzle"},{"floor":11,"key":"Ornamental Fan"},{"floor":15,"key":"Potion Belt"},{"floor":17,"key":"Ancient Tea Set"},{"floor":17,"key":"Kunai"},{"floor":17,"key":"Ginger"},{"floor":25,"key":"Smiling Mask"},{"floor":26,"key":"Bottled Lightning"}],"event_choices":[{"damage_healed":0,"gold_gain":0,"player_choice":"Success","damage_taken":18,"relics_obtained":["Shovel"],"max_hp_gain":0,"max_hp_loss":0,"event_name":"Scrap Ooze","floor":2,"gold_loss":0},{"damage_healed":0,"gold_gain":0,"cards_transformed":["Strike_R"],"player_choice":"Transformed","damage_taken":0,"max_hp_gain":0,"max_hp_loss":0,"event_name":"Transmorgrifier","floor":12,"gold_loss":0,"cards_obtained":["Brutality"]},{"cards_removed":["Brutality"],"damage_healed":44,"gold_gain":0,"player_choice":"Offered Rare","damage_taken":0,"max_hp_gain":10,"max_hp_loss":0,"event_name":"Bonfire Elementals","floor":13,"gold_loss":0},{"damage_healed":0,"gold_gain":0,"player_choice":"2 cards matched","damage_taken":0,"max_hp_gain":0,"max_hp_loss":0,"event_name":"Match and Keep!","floor":22,"gold_loss":0,"cards_obtained":["Discovery","Immolate"]},{"damage_healed":0,"gold_gain":0,"player_choice":"Became a Ghost","damage_taken":0,"max_hp_gain":0,"max_hp_loss":45,"event_name":"Ghosts","floor":24,"gold_loss":0,"cards_obtained":["Ghostly","Ghostly","Ghostly","Ghostly","Ghostly"]},{"damage_healed":0,"gold_gain":0,"cards_transformed":["Limit Break"],"player_choice":"Transformed","damage_taken":0,"max_hp_gain":0,"max_hp_loss":0,"event_name":"Transmorgrifier","floor":27,"gold_loss":0,"cards_obtained":["Shrug It Off"]}],"is_beta":false,"boss_relics":[{"not_picked":["Tiny House","Runic Dome"],"picked":"Calling Bell"}],"items_purged_floors":[],"is_endless":false,"potions_floor_spawned":[3,4,7,14,16,18,30,31],"killed_by":"Champ","ascension_level":0}