{"gold_per_floor":[166,166,178,178,178,178,178,206,206,232,232,244,43,59,59,164,164,164,178,78,78,78,78,78,78,78,112,112,112,112],"floor_reached":30,"playtime":814,"items_purged":["Strike_R","Defend_R"],"score":242,"play_id":"ecd6d6ef-3bbb-494c-9eb0-34065df2265e","local_time":"20190531001659","is_ascension_mode":false,"campfire_choices":[{"data":"Bash","floor":6,"key":"SMITH"},{"floor":15,"key":"REST"},{"data":"Anger","floor":23,"key":"SMITH"}],"neow_cost":"NONE","seed_source_timestamp":958571597750304,"circlet_count":0,"master_deck":["Strike_R","Strike_R+1","Defend_R+1","Defend_R+1","Bash+1","Anger+1","Dropkick"],"relics":["Tiny House","Odd Mushroom","Boot","Thread and Needle","Philosopher\u0027s Stone","Mummified Hand","Girya","Molten Egg 2"],"potions_floor_usage":[8,10,16,18],"damage_taken":[{"damage":7,"enemies":"2 Louse","floor":1,"turns":2},{"damage":8,"enemies":"Small Slimes","floor":3,"turns":4},{"damage":5,"enemies":"The Mushroom Lair","floor":8,"turns":3},{"damage":7,"enemies":"3 Sentries","floor":10,"turns":8},{"damage":2,"enemies":"Cultist","floor":12,"turns":3},{"damage":0,"enemies":"2 Fungi Beasts","floor":14,"turns":4},{"damage":11,"enemies":"Slime Boss","floor":16,"turns":8},{"damage":0,"enemies":"3 Byrds","floor":18,"turns":1},{"damage":12,"enemies":"Spheric Guardian","floor":19,"turns":4},{"damage":75,"enemies":"Book of Stabbing","floor":27,"turns":5},{"damage":18,"enemies":"Snake Plant","floor":30,"turns":2}],"seed_played":"7789490791503946948","potions_obtained":[{"floor":0,"key":"Fire Potion"},{"floor":3,"key":"Explosive Potion"},{"floor":16,"key":"SmokeBomb"}],"is_trial":false,"path_per_floor":["M","?","M","?","?","R","?","?","T","E","?","M","$","M","R","B",null,"M","M","$","?","?","R","?","?","T","E","T","$","M"],"character_chosen":"IRONCLAD","items_purchased":["Dropkick","Strength Potion"],"campfire_rested":1,"item_purchase_floors":[13,13],"current_hp_per_floor":[78,83,75,68,50,50,50,45,45,38,38,36,36,36,63,52,90,90,78,78,90,90,90,90,90,90,15,15,15,0],"gold":112,"neow_bonus":"BOSS_RELIC","is_prod":false,"is_daily":false,"chose_seed":false,"campfire_upgraded":2,"win_rate":0,"timestamp":1559251019,"path_taken":["M","?","M","?","?","R","?","?","T","E","?","M","$","?","R","BOSS","M","M","$","?","?","R","?","?","T","E","?","$","M"],"build_version":"2019-01-23","purchased_purges":2,"victory":false,"max_hp_per_floor":[85,90,90,90,90,90,90,90,90,90,90,90,90,90,90,90,90,90,90,90,90,90,90,90,90,90,90,90,90,90],"card_choices":[{"not_picked":["Clothesline","Hemokinesis","Thunderclap"],"picked":"SKIP","floor":1},{"not_picked":["Pommel Strike","Iron Wave"],"picked":"Anger","floor":3},{"not_picked":["Pommel Strike","Heavy Blade","Offering"],"picked":"SKIP","floor":10},{"not_picked":["Armaments","Clothesline","Disarm"],"picked":"SKIP","floor":12},{"not_picked":["Sword Boomerang","Flex","Iron Wave"],"picked":"SKIP","floor":14},{"not_picked":["Battle Trance","Combust","Evolve"],"picked":"SKIP","floor":19},{"not_picked":["Wild Strike","Thunderclap","Clothesline"],"picked":"SKIP","floor":27}],"player_experience":329377,"relics_obtained":[{"floor":8,"key":"Odd Mushroom"},{"floor":9,"key":"Boot"},{"floor":10,"key":"Thread and Needle"},{"floor":26,"key":"Mummified Hand"},{"floor":27,"key":"Girya"},{"floor":28,"key":"Molten Egg 2"}],"event_choices":[{"damage_healed":0,"gold_gain":0,"player_choice":"Donut","damage_taken":0,"max_hp_gain":5,"max_hp_loss":0,"event_name":"Big Fish","floor":2,"gold_loss":0},{"cards_removed":["Strike_R"],"damage_healed":0,"gold_gain":0,"player_choice":"Card Removal","damage_taken":7,"max_hp_gain":0,"max_hp_loss":0,"event_name":"Golden Wing","floor":4,"gold_loss":0},{"damage_healed":0,"gold_gain":0,"player_choice":"Entered Light","damage_taken":18,"max_hp_gain":0,"max_hp_loss":0,"event_name":"Shining Light","floor":5,"gold_loss":0,"cards_upgraded":["Strike_R","Defend_R"]},{"damage_healed":0,"gold_gain":0,"player_choice":"Ignored","damage_taken":0,"max_hp_gain":0,"max_hp_loss":0,"event_name":"Golden Idol","floor":7,"gold_loss":0},{"damage_healed":0,"gold_gain":0,"player_choice":"Fought Mushrooms","damage_taken":0,"max_hp_gain":0,"max_hp_loss":0,"event_name":"Mushrooms","floor":8,"gold_loss":0},{"cards_removed":["Strike_R"],"damage_healed":0,"gold_gain":0,"player_choice":"Card Removal","damage_taken":0,"max_hp_gain":0,"max_hp_loss":0,"event_name":"Wheel of Change","floor":11,"gold_loss":0},{"damage_healed":30,"gold_gain":0,"player_choice":"Heal","damage_taken":0,"max_hp_gain":0,"max_hp_loss":0,"event_name":"The Library","floor":21,"gold_loss":0},{"damage_healed":0,"gold_gain":0,"player_choice":"Ignored","damage_taken":0,"max_hp_gain":0,"max_hp_loss":0,"event_name":"The Mausoleum","floor":24,"gold_loss":0},{"cards_removed":["Defend_R"],"damage_healed":0,"gold_gain":0,"player_choice":"Elegance","damage_taken":0,"max_hp_gain":0,"max_hp_loss":0,"event_name":"Back to Basics","floor":25,"gold_loss":0}],"is_beta":false,"boss_relics":[{"not_picked":["Runic Cube","Snecko Eye"],"picked":"Philosopher\u0027s Stone"}],"items_purged_floors":[13,20],"is_endless":false,"potions_floor_spawned":[3,16],"killed_by":"Snake Plant","ascension_level":0}