{"gold_per_floor":[210,53,69,69,83,83,127,127,127,147,147,222,262,277,277,373,373,389,412,35,49,70,70,70],"floor_reached":24,"playtime":1822,"items_purged":["Strike_R","Strike_R"],"score":396,"play_id":"f8fe7f91-cc2c-4f89-b352-ba96c0ea5d87","local_time":"20190527012747","is_ascension_mode":true,"campfire_choices":[{"data":"Armaments","floor":6.0,"key":"SMITH"},{"data":"Flame Barrier","floor":11.0,"key":"SMITH"},{"data":"Combust","floor":15.0,"key":"SMITH"},{"data":"Feel No Pain","floor":23.0,"key":"SMITH"}],"neow_cost":"NONE","seed_source_timestamp":733010423123749,"circlet_count":0,"master_deck":["AscendersBane","Strike_R","Strike_R","Strike_R","Defend_R","Defend_R","Defend_R","Defend_R","Bash","Flame Barrier+1","Combust+1","Armaments+1","Pommel Strike","Corruption","Battle Trance","Uppercut","Feed","Fiend Fire","Feel No Pain+1","Shrug It Off","Disarm","Feel No Pain"],"special_seed":0,"relics":["Burning Blood","Golden Idol","Bottled Tornado","Gremlin Horn","Paper Frog","Runic Pyramid","Centennial Puzzle"],"potions_floor_usage":[24],"damage_taken":[{"damage":4.0,"enemies":"Small Slimes","floor":1.0,"turns":4.0},{"damage":2.0,"enemies":"2 Louse","floor":3.0,"turns":4.0},{"damage":6.0,"enemies":"Cultist","floor":5.0,"turns":4.0},{"damage":15.0,"enemies":"3 Sentries","floor":7.0,"turns":6.0},{"damage":31.0,"enemies":"Large Slime","floor":10.0,"turns":6.0},{"damage":0.0,"enemies":"Gremlin Nob","floor":13.0,"turns":4.0},{"damage":0.0,"enemies":"Blue Slaver","floor":14.0,"turns":5.0},{"damage":29.0,"enemies":"Slime Boss","floor":16.0,"turns":9.0},{"damage":9.0,"enemies":"Spheric Guardian","floor":18.0,"turns":4.0},{"damage":0.0,"enemies":"Chosen","floor":19.0,"turns":4.0},{"damage":18.0,"enemies":"Snake Plant","floor":21.0,"turns":3.0},{"damage":16.0,"enemies":"Shelled Parasite and Fungi","floor":22.0,"turns":5.0},{"damage":47,"enemies":"Slavers","floor":24,"turns":6}],"seed_played":"2825984908571761131","potions_obtained":[{"floor":1.0,"key":"Weak Potion"},{"floor":3.0,"key":"PowerPotion"},{"floor":10.0,"key":"PowerPotion"},{"floor":13.0,"key":"Weak Potion"},{"floor":18.0,"key":"SpeedPotion"},{"floor":21.0,"key":"SteroidPotion"}],"is_trial":false,"path_per_floor":["M","$","M","?","M","R","E","?","T","M","R","?","E","M","R","B",null,"M","M","$","M","M","R","E"],"character_chosen":"IRONCLAD","items_purchased":["Combust","Armaments","Shrug It Off","Disarm","Centennial Puzzle"],"campfire_rested":0,"item_purchase_floors":[2,2,20,20,20],"current_hp_per_floor":[70,70,74,74,74,74,65,65,65,40,40,29,35,41,41,18,61,58,64,64,52,42,42,0],"gold":70,"neow_bonus":"HUNDRED_GOLD","is_prod":false,"is_daily":false,"chose_seed":false,"campfire_upgraded":4,"win_rate":0,"timestamp":1558938467,"path_taken":["M","$","M","?","M","R","E","?","T","?","R","?","E","M","R","BOSS","M","M","$","M","M","R","E"],"build_version":"2019-01-23","purchased_purges":2,"victory":false,"max_hp_per_floor":[75,75,75,75,75,75,75,75,75,75,75,75,75,75,75,75,75,75,75,75,75,75,75,75],"card_choices":[{"not_picked":["Dual Wield","Havoc"],"picked":"Flame Barrier","floor":1.0},{"not_picked":["Anger","Rupture"],"picked":"Pommel Strike","floor":3.0},{"not_picked":["Shrug It Off","Clash"],"picked":"Corruption","floor":5.0},{"not_picked":["Rampage","Combust"],"picked":"Battle Trance","floor":7.0},{"not_picked":["True Grit","Thunderclap"],"picked":"Uppercut","floor":10.0},{"not_picked":["Flex","Anger"],"picked":"Feed","floor":13.0},{"not_picked":["Infernal Blade","Havoc","Pommel Strike"],"picked":"SKIP","floor":14.0},{"not_picked":["Dark Embrace","Feed"],"picked":"Fiend Fire","floor":16.0},{"not_picked":["True Grit","Havoc+1"],"picked":"Feel No Pain","floor":18.0},{"not_picked":["Thunderclap+1","Heavy Blade+1","Body Slam"],"picked":"SKIP","floor":19.0},{"not_picked":["Sword Boomerang","Reckless Charge"],"picked":"Feel No Pain","floor":21.0},{"not_picked":["Infernal Blade","Havoc","Cleave"],"picked":"SKIP","floor":22.0}],"player_experience":485800,"relics_obtained":[{"floor":7.0,"key":"Bottled Tornado"},{"floor":9.0,"key":"Gremlin Horn"},{"floor":13.0,"key":"Paper Frog"}],"event_choices":[{"damage_healed":0.0,"max_hp_gain":0.0,"max_hp_loss":0.0,"gold_gain":0.0,"event_name":"Golden Idol","player_choice":"Take Wound","floor":4.0,"gold_loss":0.0,"damage_taken":0.0,"relics_obtained":["Golden Idol"],"cards_obtained":["Injury"]},{"cards_removed":["Injury"],"damage_healed":0.0,"max_hp_gain":0.0,"max_hp_loss":0.0,"gold_gain":0.0,"event_name":"Fountain of Cleansing","player_choice":"Removed Curses","floor":8.0,"gold_loss":0.0,"damage_taken":0.0},{"damage_healed":0.0,"max_hp_gain":0.0,"max_hp_loss":0.0,"gold_gain":75.0,"event_name":"World of Goop","player_choice":"Gather Gold","floor":12.0,"gold_loss":0.0,"damage_taken":11.0}],"is_beta":false,"boss_relics":[{"not_picked":["Calling Bell","Lizard Tail"],"picked":"Runic Pyramid"}],"items_purged_floors":[2,20],"is_endless":false,"potions_floor_spawned":[1,3,10,13,18,21],"killed_by":"Slavers","ascension_level":14}