{"gold_per_floor":[214,229,229,12,30,55,70,70,70,88,36,48,68,85,85,185,185,175,188,188,6,21,56,73,73,96,96,3,103,114,126,126,126],"floor_reached":33,"playtime":2590,"items_purged":[],"score":298,"play_id":"dcaabaac-14cc-414b-b153-1d90160f6c49","local_time":"20190527131511","is_ascension_mode":false,"campfire_choices":[{"floor":8,"key":"REST"},{"floor":15,"key":"REST"},{"floor":25,"key":"REST"},{"floor":32,"key":"REST"}],"neow_cost":"NONE","seed_source_timestamp":1089658441630,"circlet_count":0,"master_deck":["Defend_G","Defend_G","Defend_G","Defend_G","Defend_G","Strike_G","Strike_G","Strike_G","Strike_G","Survivor","Neutralize","Dodge and Roll","Dagger Spray","Blade Dance","Bane","Noxious Fumes+1","Crippling Poison","Bane","Outmaneuver","Distraction","Poisoned Stab","Unload","Poisoned Stab+1","Dagger Throw+1","Iron Wave","Flying Knee","Backflip+1","Deflect","Dodge and Roll","Discovery","Backflip+1","Poisoned Stab+1","Sucker Punch","Expertise","Crippling Poison+1"],"relics":["Ring of the Snake","Toy Ornithopter","Frozen Egg 2","Meat on the Bone","Bronze Scales","Lizard Tail","Lantern","Anchor","PreservedInsect","MutagenicStrength","Prayer Wheel","Kunai"],"potions_floor_usage":[6,16,18,18,18,19,22,29,29,33],"damage_taken":[{"damage":3,"enemies":"Jaw Worm","floor":1,"turns":6},{"damage":5,"enemies":"Cultist","floor":2,"turns":5},{"damage":0,"enemies":"Small Slimes","floor":5,"turns":3},{"damage":38,"enemies":"Gremlin Nob","floor":6,"turns":5},{"damage":6,"enemies":"Gremlin Gang","floor":7,"turns":3},{"damage":7,"enemies":"3 Louse","floor":10,"turns":3},{"damage":3,"enemies":"2 Fungi Beasts","floor":12,"turns":2},{"damage":1,"enemies":"Exordium Wildlife","floor":13,"turns":4},{"damage":7,"enemies":"Looter","floor":14,"turns":3},{"damage":12,"enemies":"Slime Boss","floor":16,"turns":8},{"damage":21,"enemies":"2 Thieves","floor":18,"turns":4},{"damage":1,"enemies":"3 Byrds","floor":19,"turns":4},{"damage":6,"enemies":"Snake Plant","floor":22,"turns":5},{"damage":49,"enemies":"Slavers","floor":23,"turns":6},{"damage":25,"enemies":"Cultist and Chosen","floor":24,"turns":5},{"damage":8,"enemies":"Colosseum Slavers","floor":29,"turns":3},{"damage":4,"enemies":"Colosseum Nobs","floor":29,"turns":4},{"damage":0,"enemies":"Chosen and Byrds","floor":30,"turns":6},{"damage":22,"enemies":"Shelled Parasite and Fungi","floor":31,"turns":6},{"damage":127,"enemies":"Champ","floor":33,"turns":14}],"seed_played":"-2559363959895494253","potions_obtained":[{"floor":2,"key":"FearPotion"},{"floor":6,"key":"Fire Potion"},{"floor":10,"key":"EntropicBrew"},{"floor":12,"key":"GamblersBrew"},{"floor":13,"key":"Regen Potion"},{"floor":18,"key":"Block Potion"},{"floor":23,"key":"Energy Potion"},{"floor":31,"key":"Explosive Potion"}],"is_trial":false,"path_per_floor":["M","M","?","$","M","E","M","R","T","M","?","M","M","M","R","B",null,"M","M","?","$","M","E","M","R","T","?","$","?","M","M","R","B"],"character_chosen":"THE_SILENT","items_purchased":["Toy Ornithopter","Blade Dance","Lantern","Flying Knee","Discovery"],"campfire_rested":4,"item_purchase_floors":[4,4,21,21,28],"current_hp_per_floor":[67,62,62,62,62,29,23,44,44,37,37,46,45,38,59,52,70,70,69,69,69,64,27,14,35,35,35,35,45,45,35,56,0],"gold":126,"neow_bonus":"HUNDRED_GOLD","is_prod":false,"is_daily":false,"chose_seed":false,"campfire_upgraded":0,"win_rate":0.0,"timestamp":1558984511,"path_taken":["M","M","?","$","?","E","M","R","T","M","?","M","?","M","R","BOSS","M","M","?","$","M","E","?","R","T","?","$","?","M","M","R","BOSS"],"build_version":"2019-01-23","purchased_purges":0,"victory":false,"max_hp_per_floor":[70,70,70,70,70,70,70,70,70,70,70,70,70,70,70,70,70,70,70,70,70,70,70,70,70,70,70,70,70,70,70,70,70],"card_choices":[{"not_picked":["Escape Plan","Prepared"],"picked":"Dodge and Roll","floor":1},{"not_picked":["Acrobatics","Skewer"],"picked":"Dagger Spray","floor":2},{"not_picked":["Expertise","Skewer"],"picked":"Bane","floor":5},{"not_picked":["Choke","Flying Knee"],"picked":"Noxious Fumes","floor":6},{"not_picked":["Underhanded Strike","Poisoned Stab"],"picked":"Crippling Poison","floor":7},{"not_picked":["Deflect","Backflip"],"picked":"Bane","floor":10},{"not_picked":["Flechettes","Underhanded Strike"],"picked":"Outmaneuver","floor":12},{"not_picked":["Burst","Prepared"],"picked":"Distraction","floor":13},{"not_picked":["Sucker Punch","Escape Plan"],"picked":"Poisoned Stab","floor":14},{"not_picked":["Phantasmal Killer","Burst"],"picked":"Unload","floor":16},{"not_picked":["Slice","Masterful Stab"],"picked":"Poisoned Stab+1","floor":18},{"not_picked":["Dagger Spray","Flying Knee"],"picked":"Dagger Throw+1","floor":19},{"not_picked":["Blade Dance","Calculated Gamble+1"],"picked":"Backflip+1","floor":22},{"not_picked":["Flying Knee","Masterful Stab"],"picked":"Deflect","floor":23},{"not_picked":["Unload","Heel Hook"],"picked":"Dodge and Roll","floor":24},{"not_picked":["Deadly Poison","Calculated Gamble"],"picked":"Backflip+1","floor":29},{"not_picked":["Sucker Punch","Calculated Gamble"],"picked":"Poisoned Stab+1","floor":30},{"not_picked":["Calculated Gamble","Outmaneuver"],"picked":"Sucker Punch","floor":30},{"not_picked":["Underhanded Strike+1","Backflip"],"picked":"Expertise","floor":31},{"not_picked":["Well Laid Plans+1","Poisoned Stab"],"picked":"Crippling Poison+1","floor":31}],"player_experience":78828,"relics_obtained":[{"floor":6,"key":"Frozen Egg 2"},{"floor":9,"key":"Meat on the Bone"},{"floor":23,"key":"Anchor"},{"floor":26,"key":"PreservedInsect"},{"floor":29,"key":"Prayer Wheel"},{"floor":29,"key":"Kunai"}],"event_choices":[{"damage_healed":0,"gold_gain":0,"player_choice":"Bought 0 Potions","damage_taken":0,"max_hp_gain":0,"max_hp_loss":0,"event_name":"The Woman in Blue","floor":3,"gold_loss":0},{"damage_healed":0,"gold_gain":0,"player_choice":"Paid Gold","damage_taken":0,"relics_obtained":["Bronze Scales"],"max_hp_gain":0,"max_hp_loss":0,"event_name":"WeMeetAgain","floor":11,"gold_loss":52},{"cards_removed":["Strike_G"],"damage_healed":0,"gold_gain":0,"player_choice":"Took Card","damage_taken":0,"max_hp_gain":0,"max_hp_loss":0,"event_name":"NoteForYourself","floor":20,"gold_loss":0,"cards_obtained":["Iron Wave"]},{"damage_healed":0,"gold_gain":0,"player_choice":"Inject Mutagens","damage_taken":0,"relics_obtained":["MutagenicStrength"],"max_hp_gain":0,"max_hp_loss":0,"event_name":"Drug Dealer","floor":27,"gold_loss":0},{"damage_healed":0,"gold_gain":0,"player_choice":"Fight","damage_taken":0,"max_hp_gain":0,"max_hp_loss":0,"event_name":"Colosseum","floor":29,"gold_loss":0},{"damage_healed":0,"gold_gain":0,"player_choice":"Fought Nobs","damage_taken":0,"max_hp_gain":0,"max_hp_loss":0,"event_name":"Colosseum","floor":29,"gold_loss":0}],"is_beta":false,"boss_relics":[{"not_picked":["Black Star","Runic Pyramid"],"picked":"Lizard Tail"}],"items_purged_floors":[],"is_endless":false,"potions_floor_spawned":[2,6,10,12,13,18,23,31],"killed_by":"Champ","ascension_level":0}