{"gold_per_floor":[117,132,147,159,33,33,58,58,84,30,30,60,71,71,71,71],"floor_reached":16,"playtime":610,"items_purged":["Strike_R"],"score":204,"play_id":"377178b3-a65b-4210-8e81-d94b30e07454","local_time":"20190531142649","is_ascension_mode":true,"campfire_choices":[{"data":"Perfected Strike","floor":6,"key":"SMITH"},{"data":"Inflame","floor":8,"key":"SMITH"},{"data":"Immolate","floor":15,"key":"SMITH"}],"neow_cost":"NONE","seed_source_timestamp":1126807280220949,"circlet_count":0,"master_deck":["AscendersBane","Strike_R","Strike_R","Strike_R","Strike_R","Defend_R","Defend_R","Defend_R","Bash+1","Clothesline","Perfected Strike+1","Twin Strike","Cleave","Inflame+1","Armaments","Immolate+1","True Grit","Ghostly Armor"],"relics":["Burning Blood","Dream Catcher","Omamori","Juzu Bracelet"],"potions_floor_usage":[7,12],"damage_taken":[{"damage":4,"enemies":"2 Louse","floor":1,"turns":3},{"damage":0,"enemies":"Cultist","floor":2,"turns":3},{"damage":7,"enemies":"Small Slimes","floor":3,"turns":3},{"damage":17,"enemies":"Blue Slaver","floor":4,"turns":3},{"damage":35,"enemies":"3 Sentries","floor":7,"turns":6},{"damage":10,"enemies":"Lagavulin","floor":12,"turns":6},{"damage":16,"enemies":"Lots of Slimes","floor":13,"turns":4},{"damage":23,"enemies":"Slime Boss","floor":16,"turns":9}],"seed_played":"-6589269292684662835","potions_obtained":[{"floor":2,"key":"Swift Potion"},{"floor":3,"key":"Dexterity Potion"}],"is_trial":false,"path_per_floor":["M","M","M","M","$","R","E","R","T","$","?","E","M","?","R","B"],"character_chosen":"IRONCLAD","items_purchased":["Cleave","Armaments"],"campfire_rested":0,"item_purchase_floors":[5,10],"current_hp_per_floor":[70,75,74,63,63,63,34,34,34,34,34,30,20,20,20,0],"gold":71,"neow_bonus":"UPGRADE_CARD","is_prod":false,"is_daily":false,"chose_seed":false,"campfire_upgraded":3,"win_rate":0,"timestamp":1559330809,"path_taken":["M","M","M","M","$","R","E","R","T","$","?","E","M","?","R","BOSS"],"build_version":"2019-01-23","purchased_purges":1,"victory":false,"max_hp_per_floor":[75,75,75,75,75,75,75,75,75,75,75,75,75,75,75,75],"card_choices":[{"not_picked":["Body Slam","Corruption"],"picked":"Clothesline","floor":1},{"not_picked":["Blood for Blood","Flex","Whirlwind"],"picked":"SKIP","floor":2},{"not_picked":["Armaments","Burning Pact"],"picked":"Perfected Strike","floor":3},{"not_picked":["Warcry","Sword Boomerang"],"picked":"Twin Strike","floor":4},{"not_picked":["Hemokinesis","Metallicize"],"picked":"Inflame","floor":7},{"not_picked":["Havoc","True Grit"],"picked":"Immolate","floor":12},{"not_picked":["Heavy Blade","Carnage"],"picked":"True Grit","floor":13}],"player_experience":506932,"relics_obtained":[{"floor":7,"key":"Dream Catcher"},{"floor":9,"key":"Omamori"},{"floor":12,"key":"Juzu Bracelet"}],"event_choices":[{"damage_healed":0,"gold_gain":0,"player_choice":"Cursed","damage_taken":0,"max_hp_gain":0,"max_hp_loss":0,"event_name":"Wheel of Change","floor":11,"gold_loss":0,"cards_obtained":["Decay"]},{"damage_healed":0,"gold_gain":0,"cards_transformed":["Defend_R"],"player_choice":"Transformed","damage_taken":0,"max_hp_gain":0,"max_hp_loss":0,"event_name":"Transmorgrifier","floor":14,"gold_loss":0,"cards_obtained":["Ghostly Armor"]}],"is_beta":false,"boss_relics":[],"items_purged_floors":[5],"is_endless":false,"potions_floor_spawned":[2,3],"killed_by":"Slime Boss","ascension_level":17}