{"gold_per_floor":[114,64,64,74,74,102,102,102,102,3,21,21,21,36,36,36],"floor_reached":16,"playtime":358,"items_purged":["Parasite"],"score":98,"play_id":"a123a9e8-63a1-43b7-9631-1ca4c3913e82","local_time":"20190527094518","is_ascension_mode":false,"campfire_choices":[{"data":"Flex","floor":12,"key":"SMITH"},{"data":"Bash","floor":15,"key":"SMITH"}],"neow_cost":"NONE","seed_source_timestamp":647492285156318,"circlet_count":0,"master_deck":["Strike_R","Strike_R","Strike_R","Strike_R","Strike_R","Defend_R","Defend_R","Defend_R","Bash+1","Flex+1","Clash","Flex"],"relics":["Burning Blood","Lantern","Potion Belt"],"potions_floor_usage":[4,16],"damage_taken":[{"damage":8,"enemies":"Small Slimes","floor":1,"turns":4},{"damage":16,"enemies":"Jaw Worm","floor":4,"turns":3},{"damage":52,"enemies":"3 Sentries","floor":6,"turns":11},{"damage":0,"enemies":"2 Louse","floor":11,"turns":2},{"damage":12,"enemies":"Blue Slaver","floor":14,"turns":3},{"damage":53,"enemies":"The Guardian","floor":16,"turns":8}],"seed_played":"7680436823873001010","potions_obtained":[{"floor":1,"key":"LiquidBronze"},{"floor":11,"key":"BloodPotion"}],"is_trial":false,"path_per_floor":["M","?","$","M","?","E","?","?","T","$","M","R","$","M","R","B"],"character_chosen":"IRONCLAD","items_purchased":["Clash"],"campfire_rested":0,"item_purchase_floors":[10],"current_hp_per_floor":[78,78,78,68,68,22,42,42,42,42,48,48,48,42,42,0],"gold":36,"neow_bonus":"THREE_CARDS","is_prod":false,"is_daily":false,"chose_seed":false,"campfire_upgraded":2,"win_rate":0,"timestamp":1558939518,"path_taken":["M","?","$","M","?","E","?","?","T","$","M","R","?","M","R","BOSS"],"build_version":"2019-01-23","purchased_purges":1,"victory":false,"max_hp_per_floor":[80,80,80,80,80,80,80,80,80,77,77,77,77,77,77,77],"card_choices":[{"not_picked":["Dropkick","Body Slam","Clothesline"],"picked":"SKIP","floor":1},{"not_picked":["Havoc","Hemokinesis"],"picked":"Flex","floor":4},{"not_picked":["Limit Break","Blood for Blood","Havoc"],"picked":"SKIP","floor":6},{"not_picked":["True Grit","Perfected Strike","Body Slam"],"picked":"SKIP","floor":11},{"not_picked":["Carnage","Feel No Pain"],"picked":"Flex","floor":14}],"player_experience":321574,"relics_obtained":[{"floor":6,"key":"Lantern"},{"floor":9,"key":"Potion Belt"}],"event_choices":[{"cards_removed":["Defend_R"],"damage_healed":0,"gold_gain":0,"player_choice":"Card Removal","damage_taken":0,"max_hp_gain":0,"max_hp_loss":0,"event_name":"The Cleric","floor":2,"gold_loss":50},{"damage_healed":0,"gold_gain":0,"player_choice":"Ignored","damage_taken":0,"max_hp_gain":0,"max_hp_loss":0,"event_name":"Golden Idol","floor":5,"gold_loss":0},{"damage_healed":20,"gold_gain":0,"player_choice":"Healed and dodged fight","damage_taken":0,"max_hp_gain":0,"max_hp_loss":0,"event_name":"Mushrooms","floor":7,"gold_loss":0,"cards_obtained":["Parasite"]},{"damage_healed":0,"gold_gain":0,"player_choice":"Ignored","damage_taken":0,"max_hp_gain":0,"max_hp_loss":0,"event_name":"Liars Game","floor":8,"gold_loss":0}],"is_beta":false,"boss_relics":[],"items_purged_floors":[10],"is_endless":false,"potions_floor_spawned":[1,11],"killed_by":"The Guardian","ascension_level":0}