{"gold_per_floor":[17,17,29,46,46,46,63,63,63,92,102,102,113,129,129,231,231,249,263,71,88,104,104,132,142,167,167,184,184,215,215,215,319,319,333,333,231,247,265,300,52,63,63,63,73,73,90,90,90,90],"floor_reached":51,"playtime":2243,"items_purged":["Strike_B","Strike_B"],"score":898,"play_id":"9522a76c-bc78-4a07-b040-19a0bc73d1ff","local_time":"20180913225756","is_ascension_mode":false,"campfire_choices":[{"data":"Double Energy","floor":6,"key":"SMITH"},{"data":"Tempest","floor":8,"key":"SMITH"},{"floor":15,"key":"REST"},{"data":"Double Energy","floor":23,"key":"SMITH"},{"data":"Double Energy","floor":27,"key":"SMITH"},{"data":"Hologram","floor":29,"key":"SMITH"},{"data":"Thunder Strike","floor":32,"key":"SMITH"},{"data":"Fission","floor":44,"key":"SMITH"},{"data":"Turbo","floor":46,"key":"SMITH"},{"data":"Electrodynamics","floor":49,"key":"SMITH"}],"neow_cost":"NO_GOLD","seed_source_timestamp":2329712206819074,"circlet_count":0,"master_deck":["Strike_B","Strike_B","Defend_B","Defend_B","Defend_B","Defend_B","Zap+1","Dualcast","Double Energy+1","Tempest+1","Glacier+1","Thunder Strike+1","Double Energy+1","Fission+1","Conserve Battery+1","Double Energy+1","Hologram+1","Meteor Strike","Electrodynamics+1","Turbo+1"],"relics":["Cracked Core","Unceasing Top","Blue Candle","Gambling Chip","Sozu","Chemical X","Singing Bowl","War Paint","Pen Nib","Eternal Feather","Bottled Tornado","Omamori","Molten Egg 2"],"potions_floor_usage":[10,16],"damage_taken":[{"damage":1,"enemies":"Cultist","floor":1,"turns":3},{"damage":2,"enemies":"Small Slimes","floor":3,"turns":3},{"damage":0,"enemies":"2 Louse","floor":4,"turns":2},{"damage":26,"enemies":"Gremlin Gang","floor":7,"turns":4},{"damage":12,"enemies":"3 Sentries","floor":10,"turns":5},{"damage":9,"enemies":"2 Fungi Beasts","floor":11,"turns":2},{"damage":0,"enemies":"Blue Slaver","floor":13,"turns":1},{"damage":0,"enemies":"Looter","floor":14,"turns":3},{"damage":33,"enemies":"Slime Boss","floor":16,"turns":7},{"damage":0,"enemies":"Chosen","floor":18,"turns":4},{"damage":0,"enemies":"2 Thieves","floor":19,"turns":1},{"damage":0,"enemies":"3 Cultists","floor":21,"turns":2},{"damage":0,"enemies":"Centurion and Healer","floor":22,"turns":2},{"damage":6,"enemies":"Book of Stabbing","floor":24,"turns":3},{"damage":0,"enemies":"Snecko","floor":25,"turns":1},{"damage":0,"enemies":"Cultist and Chosen","floor":28,"turns":1},{"damage":0,"enemies":"Gremlin Leader","floor":30,"turns":2},{"damage":0,"enemies":"Collector","floor":33,"turns":3},{"damage":0,"enemies":"3 Darklings","floor":35,"turns":1},{"damage":0,"enemies":"3 Shapes","floor":38,"turns":1},{"damage":10,"enemies":"Transient","floor":39,"turns":4},{"damage":0,"enemies":"2 Orb Walkers","floor":40,"turns":1},{"damage":0,"enemies":"Sphere and 2 Shapes","floor":42,"turns":1},{"damage":2,"enemies":"Maw","floor":45,"turns":5},{"damage":0,"enemies":"Transient","floor":47,"turns":5},{"damage":0,"enemies":"Donu and Deca","floor":50,"turns":1}],"seed_played":"-2385098885454812384","potions_obtained":[{"floor":4,"key":"Block Potion"},{"floor":7,"key":"LiquidBronze"},{"floor":10,"key":"Poison Potion"},{"floor":13,"key":"SteroidPotion"},{"floor":16,"key":"FearPotion"}],"is_trial":false,"path_per_floor":["M","$","M","M","$","R","M","R","T","E","M","?","M","M","R","B",null,"M","M","$","M","M","R","E","M","T","R","M","R","E","?","R","B",null,"M","?","$","M","M","E","$","M","T","R","M","R","M","$","R","B"],"character_chosen":"DEFECT","items_purchased":["Chemical X","Turbo","Omamori"],"campfire_rested":1,"item_purchase_floors":[20,37,41],"current_hp_per_floor":[74,74,72,72,72,72,46,46,46,34,25,25,25,25,47,14,75,75,75,75,75,75,75,71,73,73,73,73,73,73,58,58,58,84,86,86,86,88,80,82,82,84,84,94,94,96,98,98,98,98],"gold":90,"neow_bonus":"ONE_RARE_RELIC","is_prod":false,"is_daily":false,"chose_seed":false,"campfire_upgraded":9,"win_rate":0,"timestamp":1536868676,"path_taken":["M","$","M","M","$","R","M","R","T","E","M","?","M","M","R","BOSS","M","M","$","M","?","R","E","?","T","R","M","R","E","?","R","BOSS","M","?","?","M","M","E","$","M","T","R","M","R","?","?","R","BOSS"],"build_version":"2018-08-30","purchased_purges":2,"victory":true,"max_hp_per_floor":[75,75,75,75,75,75,75,75,75,75,75,75,75,75,75,75,75,75,75,75,75,75,75,77,79,79,79,79,79,79,84,84,84,84,86,86,86,88,90,92,92,94,94,94,96,96,98,98,98,98],"card_choices":[{"not_picked":["Conserve Battery","Cold Snap"],"picked":"Double Energy","floor":1},{"not_picked":["Barrage","Conserve Battery"],"picked":"Tempest","floor":3},{"not_picked":["Barrage","White Noise","Sweeping Beam"],"picked":"SKIP","floor":4},{"not_picked":["Rebound","Steam","Go for the Eyes"],"picked":"SKIP","floor":7},{"not_picked":["Steam","Chill"],"picked":"Glacier","floor":10},{"not_picked":["Ball Lightning","Streamline"],"picked":"Thunder Strike","floor":11},{"not_picked":["Gash","Steam"],"picked":"Double Energy","floor":13},{"not_picked":["Cold Snap","Coolheaded","Rip and Tear"],"picked":"SKIP","floor":14},{"not_picked":["Seek","Rainbow"],"picked":"Fission","floor":16},{"not_picked":["Steam","Undo"],"picked":"Conserve Battery","floor":18},{"not_picked":["Sweeping Beam+1","Streamline","Gash"],"picked":"SKIP","floor":19},{"not_picked":["Compile Driver","Sunder+1"],"picked":"Double Energy","floor":21},{"not_picked":["Sweeping Beam+1","Lockon","Beam Cell"],"picked":"SKIP","floor":22},{"not_picked":["Conserve Battery","Genetic Algorithm","Darkness"],"picked":"Singing Bowl","floor":24},{"not_picked":["Sweeping Beam","Beam Cell","Fusion"],"picked":"Singing Bowl","floor":25},{"not_picked":["Doom and Gloom","Stack"],"picked":"Hologram","floor":28},{"not_picked":["Cold Snap","Melter"],"picked":"Meteor Strike","floor":30},{"not_picked":["Multi-Cast","Core Surge"],"picked":"Electrodynamics","floor":33},{"not_picked":["Chaos","Compile Driver+1","Cold Snap+1"],"picked":"Singing Bowl","floor":35},{"not_picked":["Gash","Force Field","Reinforced Body+1"],"picked":"Singing Bowl","floor":38},{"not_picked":["Reinforced Body","Go for the Eyes+1","Turbo"],"picked":"Singing Bowl","floor":39},{"not_picked":["Steam","Cold Snap+1","Self Repair+1"],"picked":"Singing Bowl","floor":40},{"not_picked":["Go for the Eyes","Rebound+1","Sunder"],"picked":"Singing Bowl","floor":42},{"not_picked":["Turbo","Leap+1","Reinforced Body+1"],"picked":"Singing Bowl","floor":45},{"not_picked":["Biased Cognition","Sweeping Beam+1","Storm"],"picked":"Singing Bowl","floor":47}],"player_experience":221039,"relics_obtained":[{"floor":9,"key":"Blue Candle"},{"floor":10,"key":"Gambling Chip"},{"floor":24,"key":"Singing Bowl"},{"floor":26,"key":"War Paint"},{"floor":30,"key":"Pen Nib"},{"floor":40,"key":"Bottled Tornado"},{"floor":43,"key":"Molten Egg 2"}],"event_choices":[{"event_name":"Living Wall","player_choice":"Grow","floor":12,"damage_taken":0},{"event_name":"Forgotten Altar","player_choice":"Shed Blood","floor":31,"damage_taken":0},{"event_name":"Tomb of Lord Red Mask","player_choice":"Ignored","floor":36,"damage_taken":0}],"is_beta":false,"boss_relics":[{"not_picked":["Empty Cage","Ectoplasm"],"picked":"Sozu"},{"not_picked":["Pandora\u0027s Box","Calling Bell"],"picked":"Eternal Feather"}],"items_purged_floors":[37,41],"is_endless":false,"potions_floor_spawned":[4,7,10,13,16,19,25,28,30,33,38,45,47],"ascension_level":0}