{"gold_per_floor":[214,214,23,43,43,43,78,91,91,122,122,154,164,36,36,138,138,149,149,26,36,56,56,72,103,149,149,160,175,210,228,228,329,329,345,35,35,35,35],"floor_reached":39,"playtime":3205,"items_purged":["Strike_R"],"score":680,"play_id":"91ab5276-a6ee-4bb8-a37b-955e8f502c42","local_time":"20190505080514","is_ascension_mode":true,"campfire_choices":[{"data":"Offering","floor":6.0,"key":"SMITH"},{"floor":11.0,"key":"REST"},{"floor":15.0,"key":"REST"},{"data":"True Grit","floor":23.0,"key":"SMITH"},{"data":"Barricade","floor":27.0,"key":"SMITH"},{"floor":32.0,"key":"REST"}],"neow_cost":"NONE","seed_source_timestamp":0,"circlet_count":0,"master_deck":["AscendersBane","Strike_R+1","Strike_R","Strike_R+1","Defend_R","Defend_R+1","Defend_R","Defend_R","Bash+1","Headbutt","Offering+1","True Grit+1","Headbutt","Shockwave+1","Rampage","Armaments+1","Shrug It Off+1","Ghostly Armor+1","Barricade+1","Havoc+1","Spot Weakness+1","Havoc+1","Warcry+1","True Grit+1","Limit Break+1","Impervious+1","Seeing Red+1","Battle Trance+1","True Grit+1","Limit Break+1","Pommel Strike+1","Limit Break+1","Violence+1"],"special_seed":0,"relics":["Burning Blood","Toxic Egg 2","Dodecahedron","Self Forming Clay","Bronze Scales","Velvet Choker","Happy Flower","Anchor","Paper Frog","Mark of Pain","Whetstone"],"potions_floor_usage":[],"damage_taken":[{"damage":3.0,"enemies":"Small Slimes","floor":1.0,"turns":5.0},{"damage":6.0,"enemies":"2 Louse","floor":4.0,"turns":3.0},{"damage":35.0,"enemies":"Gremlin Nob","floor":7.0,"turns":4.0},{"damage":0.0,"enemies":"Cultist","floor":8.0,"turns":3.0},{"damage":20.0,"enemies":"3 Sentries","floor":10.0,"turns":6.0},{"damage":20.0,"enemies":"Gremlin Nob","floor":12.0,"turns":4.0},{"damage":13.0,"enemies":"Large Slime","floor":13.0,"turns":4.0},{"damage":45.0,"enemies":"Hexaghost","floor":16.0,"turns":10.0},{"damage":18.0,"enemies":"Chosen","floor":18.0,"turns":5.0},{"damage":2.0,"enemies":"3 Byrds","floor":21.0,"turns":3.0},{"damage":15.0,"enemies":"Cultist and Chosen","floor":22.0,"turns":5.0},{"damage":13.0,"enemies":"Centurion and Healer","floor":24.0,"turns":6.0},{"damage":18.0,"enemies":"Gremlin Leader","floor":25.0,"turns":7.0},{"damage":0.0,"enemies":"Snake Plant","floor":28.0,"turns":6.0},{"damage":8.0,"enemies":"Sentry and Sphere","floor":29.0,"turns":8.0},{"damage":20.0,"enemies":"Slavers","floor":30.0,"turns":4.0},{"damage":6.0,"enemies":"Snecko","floor":31.0,"turns":6.0},{"damage":7.0,"enemies":"Champ","floor":33.0,"turns":9.0},{"damage":7.0,"enemies":"3 Shapes","floor":35.0,"turns":6.0},{"damage":75,"enemies":"Time Eater","floor":39,"turns":6}],"seed_played":"-6173867957959322919","potions_obtained":[{"floor":7.0,"key":"FearPotion"},{"floor":12.0,"key":"AttackPotion"},{"floor":13.0,"key":"EssenceOfSteel"},{"floor":16.0,"key":"Dexterity Potion"},{"floor":22.0,"key":"Energy Potion"},{"floor":25.0,"key":"Strength Potion"},{"floor":31.0,"key":"Energy Potion"},{"floor":35.0,"key":"SpeedPotion"}],"is_trial":false,"path_per_floor":["M","?","$","M","?","R","E","M","T","E","R","E","M","$","R","B",null,"M","?","$","M","M","R","M","E","T","R","M","M","E","M","R","B",null,"M","$","?","?","B"],"character_chosen":"IRONCLAD","items_purchased":["Offering","True Grit","Shrug It Off+1","Ghostly Armor+1","Spot Weakness+1","Havoc+1","Limit Break+1","Whetstone"],"campfire_rested":3,"item_purchase_floors":[3,3,14,14,20,20,36,36],"current_hp_per_floor":[75,75,75,75,59,59,30,36,36,22,46,32,25,25,49,10,63,51,51,51,55,46,46,39,27,27,27,33,31,17,17,41,40,70,69,69,69,69,0],"gold":35,"neow_bonus":"HUNDRED_GOLD","is_prod":false,"is_daily":false,"chose_seed":false,"campfire_upgraded":3,"win_rate":0,"timestamp":1557061514,"path_taken":["M","?","$","M","?","R","E","M","T","E","R","E","M","$","R","BOSS","M","?","?","M","M","R","M","E","T","R","M","M","E","M","R","BOSS","M","$","?","?","BOSS"],"build_version":"2019-01-23","purchased_purges":1,"victory":false,"max_hp_per_floor":[80,80,80,80,80,80,80,80,80,80,80,80,80,80,80,80,80,80,80,80,80,80,80,80,80,80,80,80,80,80,80,80,80,80,80,80,80,80,80],"card_choices":[{"not_picked":["Iron Wave","Evolve"],"picked":"Headbutt","floor":1.0},{"not_picked":["Shockwave","Dropkick"],"picked":"Headbutt","floor":4.0},{"not_picked":["Double Tap","Iron Wave"],"picked":"Shockwave","floor":7.0},{"not_picked":["Headbutt","Perfected Strike"],"picked":"Rampage","floor":8.0},{"not_picked":["Dropkick","Heavy Blade"],"picked":"Armaments+1","floor":10.0},{"not_picked":["Twin Strike","Sever Soul","Clothesline"],"picked":"SKIP","floor":12.0},{"not_picked":["Hemokinesis","Clothesline","Anger"],"picked":"SKIP","floor":13.0},{"not_picked":["Demon Form","Dark Embrace"],"picked":"Barricade","floor":16.0},{"not_picked":["Anger","Infernal Blade+1"],"picked":"Havoc+1","floor":18.0},{"not_picked":["Twin Strike","Flex+1"],"picked":"Warcry+1","floor":21.0},{"not_picked":["Body Slam","Clash"],"picked":"True Grit+1","floor":22.0},{"not_picked":["Body Slam+1","True Grit+1"],"picked":"Limit Break+1","floor":24.0},{"not_picked":["Bloodletting+1","Hemokinesis+1"],"picked":"Impervious+1","floor":25.0},{"not_picked":["Burning Pact+1","Clothesline"],"picked":"Seeing Red+1","floor":28.0},{"not_picked":["Twin Strike","Headbutt","Sword Boomerang"],"picked":"SKIP","floor":29.0},{"not_picked":["Sever Soul","Flex+1"],"picked":"Battle Trance+1","floor":30.0},{"not_picked":["Body Slam+1","Anger"],"picked":"True Grit+1","floor":31.0},{"not_picked":["Exhume+1","Berserk"],"picked":"Limit Break+1","floor":33.0},{"not_picked":["Combust+1","Anger+1"],"picked":"Pommel Strike+1","floor":35.0},{"not_picked":["Swift Strike","Dramatic Entrance"],"picked":"Violence+1","floor":37.0}],"player_experience":387824,"relics_obtained":[{"floor":7.0,"key":"Toxic Egg 2"},{"floor":9.0,"key":"Dodecahedron"},{"floor":10.0,"key":"Self Forming Clay"},{"floor":12.0,"key":"Bronze Scales"},{"floor":25.0,"key":"Happy Flower"},{"floor":26.0,"key":"Anchor"},{"floor":30.0,"key":"Paper Frog"}],"event_choices":[{"damage_healed":0.0,"max_hp_gain":0.0,"max_hp_loss":0.0,"gold_gain":0.0,"event_name":"Scrap Ooze","player_choice":"Fled","floor":2.0,"gold_loss":0.0,"damage_taken":0.0},{"damage_healed":0.0,"max_hp_gain":0.0,"max_hp_loss":0.0,"gold_gain":0.0,"event_name":"Shining Light","player_choice":"Entered Light","floor":5.0,"gold_loss":0.0,"damage_taken":16.0,"cards_upgraded":["Defend_R","Bash"]},{"cards_removed":["Strike_R"],"damage_healed":0.0,"max_hp_gain":0.0,"max_hp_loss":0.0,"gold_gain":0.0,"event_name":"Purifier","player_choice":"Purged","floor":19.0,"gold_loss":0.0,"damage_taken":0.0},{"damage_healed":0.0,"max_hp_gain":0.0,"max_hp_loss":0.0,"gold_gain":0.0,"event_name":"SensoryStone","player_choice":"Memory 1","floor":37.0,"gold_loss":0.0,"damage_taken":0.0},{"damage_healed":0.0,"max_hp_gain":0.0,"max_hp_loss":0.0,"gold_gain":0.0,"event_name":"SecretPortal","player_choice":"Took Portal","floor":38.0,"gold_loss":0.0,"damage_taken":0.0}],"is_beta":false,"boss_relics":[{"not_picked":["Black Star","Runic Cube"],"picked":"Velvet Choker"},{"not_picked":["Eternal Feather","Sozu"],"picked":"Mark of Pain"}],"items_purged_floors":[36],"is_endless":false,"potions_floor_spawned":[7,12,13,16,22,25,31,35],"killed_by":"Time Eater","ascension_level":11}