{"gold_per_floor":[116,128,128,78,94,94,114,125,176,196,23,23,41,61,61,192,192,213,228,228],"floor_reached":20,"playtime":1482,"items_purged":[],"score":168,"play_id":"7ad981e7-bf01-4292-b940-d6a37e2d8523","local_time":"20190528225051","is_ascension_mode":false,"campfire_choices":[{"data":"Iron Wave","floor":6,"key":"SMITH"},{"floor":15,"key":"REST"}],"neow_cost":"NONE","seed_source_timestamp":17479814456969,"circlet_count":0,"master_deck":["Strike_R","Strike_R","Strike_R","Strike_R","Strike_R","Defend_R","Defend_R","Defend_R","Defend_R","Bash","Cleave","Iron Wave+1","Clothesline","Body Slam","Heavy Blade","Flex","Headbutt","Injury","Feed","Armaments","Pommel Strike","Impervious","Hemokinesis","Body Slam","Shrug It Off","Rage","Feed","Iron Wave","Intimidate"],"relics":["Burning Blood","Boot","Anchor","Odd Mushroom","Blood Vial","Dream Catcher","Golden Idol","Orrery"],"potions_floor_usage":[7,10,14],"damage_taken":[{"damage":1,"enemies":"2 Louse","floor":1,"turns":3},{"damage":6,"enemies":"Jaw Worm","floor":2,"turns":4},{"damage":2,"enemies":"Small Slimes","floor":5,"turns":3},{"damage":0,"enemies":"The Mushroom Lair","floor":7,"turns":4},{"damage":5,"enemies":"Looter","floor":8,"turns":3},{"damage":14,"enemies":"Exordium Wildlife","floor":10,"turns":5},{"damage":18,"enemies":"Exordium Thugs","floor":13,"turns":5},{"damage":19,"enemies":"Large Slime","floor":14,"turns":6},{"damage":71,"enemies":"Slime Boss","floor":16,"turns":12},{"damage":3,"enemies":"Chosen","floor":18,"turns":6},{"damage":39,"enemies":"Spheric Guardian","floor":19,"turns":7},{"damage":67,"enemies":"Cultist and Chosen","floor":20,"turns":7}],"seed_played":"8775450937896303526","potions_obtained":[{"floor":1,"key":"Strength Potion"},{"floor":5,"key":"SkillPotion"},{"floor":8,"key":"Ancient Potion"},{"floor":14,"key":"Fruit Juice"}],"is_trial":false,"path_per_floor":["M","M","?","?","M","R","?","M","T","M","$","?","M","M","R","B",null,"M","M","M"],"character_chosen":"IRONCLAD","items_purchased":["Dream Catcher","Headbutt"],"campfire_rested":1,"item_purchase_floors":[11,11],"current_hp_per_floor":[80,80,80,80,80,80,80,80,80,72,72,72,62,56,81,18,85,85,52,0],"gold":228,"neow_bonus":"RANDOM_COMMON_RELIC","is_prod":false,"is_daily":false,"chose_seed":false,"campfire_upgraded":1,"win_rate":0.0,"timestamp":1559105451,"path_taken":["M","M","?","?","M","R","?","M","T","M","$","?","M","M","R","BOSS","M","M","M"],"build_version":"2019-01-23","purchased_purges":0,"victory":false,"max_hp_per_floor":[80,80,80,80,80,80,80,80,80,80,80,80,80,85,85,85,85,85,85,88],"card_choices":[{"not_picked":["Feel No Pain","Clash"],"picked":"Cleave","floor":1},{"not_picked":["Fire Breathing","Rampage"],"picked":"Iron Wave","floor":2},{"not_picked":["Headbutt","Clash"],"picked":"Clothesline","floor":5},{"not_picked":["Reckless Charge","Bloodletting"],"picked":"Body Slam","floor":7},{"not_picked":["Flame Barrier","Cleave"],"picked":"Heavy Blade","floor":8},{"not_picked":["Uppercut","Battle Trance"],"picked":"Flex","floor":10},{"not_picked":["Cleave","Flex"],"picked":"Feed","floor":13},{"not_picked":["Perfected Strike","Spot Weakness"],"picked":"Armaments","floor":14},{"not_picked":["Wild Strike","Sever Soul"],"picked":"Pommel Strike","floor":15},{"not_picked":["Bludgeon","Offering"],"picked":"Impervious","floor":16},{"not_picked":["Wild Strike","Havoc"],"picked":"Hemokinesis","floor":17},{"not_picked":["Headbutt","Hemokinesis"],"picked":"Body Slam","floor":17},{"not_picked":["Pommel Strike","Second Wind"],"picked":"Shrug It Off","floor":17},{"not_picked":["Clothesline","Seeing Red"],"picked":"Rage","floor":17},{"not_picked":["Whirlwind","Shockwave"],"picked":"Feed","floor":17},{"not_picked":["Searing Blow","Feel No Pain"],"picked":"Iron Wave","floor":18},{"not_picked":["Twin Strike+1","Power Through"],"picked":"Intimidate","floor":19}],"player_experience":97810,"relics_obtained":[{"floor":7,"key":"Odd Mushroom"},{"floor":9,"key":"Blood Vial"}],"event_choices":[{"damage_healed":0,"gold_gain":0,"player_choice":"Box","damage_taken":0,"relics_obtained":["Anchor"],"max_hp_gain":0,"max_hp_loss":0,"event_name":"Big Fish","floor":3,"gold_loss":0,"cards_obtained":["Regret"]},{"cards_removed":["Regret"],"damage_healed":0,"gold_gain":0,"player_choice":"Card Removal","damage_taken":0,"max_hp_gain":0,"max_hp_loss":0,"event_name":"The Cleric","floor":4,"gold_loss":50},{"damage_healed":0,"gold_gain":0,"player_choice":"Fought Mushrooms","damage_taken":0,"max_hp_gain":0,"max_hp_loss":0,"event_name":"Mushrooms","floor":7,"gold_loss":0},{"damage_healed":0,"gold_gain":0,"player_choice":"Take Wound","damage_taken":0,"relics_obtained":["Golden Idol"],"max_hp_gain":0,"max_hp_loss":0,"event_name":"Golden Idol","floor":12,"gold_loss":0,"cards_obtained":["Injury"]}],"is_beta":false,"boss_relics":[{"not_picked":["White Beast Statue","Lizard Tail"],"picked":"Orrery"}],"items_purged_floors":[],"is_endless":false,"potions_floor_spawned":[1,5,8,14],"killed_by":"Cultist and Chosen","ascension_level":0}