{"gold_per_floor":[365,4,15,28,28,58,58,83,83,83,103,178,194,20,20,94,94,105,38,53,70,70,70,95,95,95,10,10,10,10,0,0,0],"floor_reached":33,"playtime":1622,"items_purged":["Strike_R","Strike_R"],"score":486,"play_id":"3f91f28f-bd2c-4a5b-b539-af75e3fbe1cb","local_time":"20190522210634","is_ascension_mode":true,"campfire_choices":[{"data":"Armaments","floor":7.0,"key":"SMITH"},{"data":"True Grit","floor":10.0,"key":"SMITH"},{"data":"Armaments","floor":15.0,"key":"SMITH"},{"data":"True Grit","floor":23.0,"key":"SMITH"},{"data":"Body Slam","floor":25,"key":"SMITH"},{"data":"Disarm","floor":28,"key":"SMITH"},{"floor":32,"key":"REST"}],"neow_cost":"PERCENT_DAMAGE","seed_source_timestamp":371770917009983,"circlet_count":0,"master_deck":["AscendersBane","Strike_R","Strike_R","Strike_R","Defend_R","Defend_R","Defend_R","Defend_R","Bash","Shrug It Off","Battle Trance","Dark Shackles","Iron Wave","Armaments+1","Shrug It Off","Body Slam+1","True Grit+1","Shrug It Off","Armaments+1","Fiend Fire","Shrug It Off","Battle Trance","True Grit+1","Disarm+1","Sentinel+1","Uppercut+1"],"special_seed":0,"relics":["Burning Blood","Membership Card","Mercury Hourglass","Matryoshka","Sundial","Pear","Meat on the Bone","Mark of Pain","Potion Belt","Bag of Preparation","Juzu Bracelet","Art of War"],"potions_floor_usage":[24,24],"damage_taken":[{"damage":7.0,"enemies":"Small Slimes","floor":1.0,"turns":4.0},{"damage":1.0,"enemies":"Jaw Worm","floor":3.0,"turns":5.0},{"damage":0.0,"enemies":"Cultist","floor":4.0,"turns":3.0},{"damage":9.0,"enemies":"3 Sentries","floor":6.0,"turns":13.0},{"damage":12.0,"enemies":"Lagavulin","floor":8.0,"turns":7.0},{"damage":0.0,"enemies":"Looter","floor":11.0,"turns":4.0},{"damage":2.0,"enemies":"3 Louse","floor":13.0,"turns":3.0},{"damage":31.0,"enemies":"Hexaghost","floor":16.0,"turns":16.0},{"damage":7.0,"enemies":"3 Byrds","floor":18.0,"turns":5.0},{"damage":0.0,"enemies":"Shell Parasite","floor":20.0,"turns":2.0},{"damage":0.0,"enemies":"Centurion and Healer","floor":21.0,"turns":9.0},{"damage":67,"enemies":"Gremlin Leader","floor":24,"turns":8},{"damage":66,"enemies":"Collector","floor":33,"turns":7}],"seed_played":"-4309872108934317867","potions_obtained":[{"floor":3.0,"key":"FearPotion"},{"floor":6.0,"key":"SpeedPotion"},{"floor":11.0,"key":"EssenceOfSteel"},{"floor":16.0,"key":"EssenceOfSteel"}],"is_trial":false,"path_per_floor":["M","$","M","M","?","E","R","E","T","R","M","?","M","$","R","B",null,"M","$","M","M","?","R","E","R","T","?","R","?","$","?","R","B"],"character_chosen":"IRONCLAD","items_purchased":["Membership Card","Battle Trance","Regen Potion","Dark Shackles","Iron Wave","Meat on the Bone","Battle Trance","True Grit"],"campfire_rested":1,"item_purchase_floors":[2,2,2,2,2,14,19,19],"current_hp_per_floor":[49,49,68,74,74,71,71,65,75,75,81,73,77,77,77,52,77,76,76,82,85,85,85,36,36,36,36,36,36,36,36,61,0],"gold":0,"neow_bonus":"TWO_FIFTY_GOLD","is_prod":false,"is_daily":false,"chose_seed":false,"campfire_upgraded":6,"win_rate":0,"timestamp":1558577194,"path_taken":["M","$","M","M","?","E","R","E","T","R","M","?","M","$","R","BOSS","M","$","?","M","?","R","E","R","T","?","R","?","$","?","R","BOSS"],"build_version":"2019-01-23","purchased_purges":2,"victory":false,"max_hp_per_floor":[75,75,75,75,75,75,75,75,85,85,85,85,85,85,85,85,85,85,85,85,85,85,85,85,85,85,85,85,85,85,85,85,85],"card_choices":[{"not_picked":["Clash","Havoc"],"picked":"Shrug It Off","floor":1.0},{"not_picked":["Warcry","Twin Strike"],"picked":"Armaments","floor":3.0},{"not_picked":["Clash","Sentinel"],"picked":"Shrug It Off","floor":4.0},{"not_picked":["Seeing Red","Sentinel"],"picked":"Body Slam","floor":6.0},{"not_picked":["Warcry","Juggernaut"],"picked":"True Grit","floor":8.0},{"not_picked":["Dropkick","Twin Strike"],"picked":"Shrug It Off","floor":11.0},{"not_picked":["Power Through","Warcry"],"picked":"Armaments","floor":13.0},{"not_picked":["Feed","Bludgeon"],"picked":"Fiend Fire","floor":16.0},{"not_picked":["Flex","Bloodletting"],"picked":"Shrug It Off","floor":18.0},{"not_picked":["Clash","Perfected Strike"],"picked":"Disarm","floor":20.0},{"not_picked":["Anger+1","Shrug It Off"],"picked":"Sentinel+1","floor":21.0},{"not_picked":["Sword Boomerang+1","Pummel"],"picked":"Uppercut+1","floor":24}],"player_experience":473197,"relics_obtained":[{"floor":6.0,"key":"Mercury Hourglass"},{"floor":8.0,"key":"Matryoshka"},{"floor":9.0,"key":"Sundial"},{"floor":9.0,"key":"Pear"},{"floor":24,"key":"Potion Belt"},{"floor":26,"key":"Bag of Preparation"},{"floor":26,"key":"Juzu Bracelet"}],"event_choices":[{"damage_healed":0.0,"max_hp_gain":0.0,"max_hp_loss":0.0,"gold_gain":0.0,"event_name":"The Cleric","player_choice":"Leave","floor":5.0,"gold_loss":0.0,"damage_taken":0.0},{"damage_healed":0.0,"max_hp_gain":0.0,"max_hp_loss":0.0,"gold_gain":75.0,"event_name":"FaceTrader","player_choice":"Touch","floor":12.0,"gold_loss":0.0,"damage_taken":8.0},{"damage_healed":0.0,"max_hp_gain":0.0,"max_hp_loss":0.0,"gold_gain":0.0,"event_name":"Beggar","player_choice":"Ignored","floor":22.0,"gold_loss":0.0,"damage_taken":0.0},{"damage_healed":0,"gold_gain":0,"player_choice":"Obtained Relic","damage_taken":0,"relics_obtained":["Art of War"],"max_hp_gain":0,"max_hp_loss":0,"event_name":"Addict","floor":27,"gold_loss":85},{"damage_healed":0,"gold_gain":0,"player_choice":"Ignored","damage_taken":0,"max_hp_gain":0,"max_hp_loss":0,"event_name":"N\u0027loth","floor":29,"gold_loss":0},{"damage_healed":0,"gold_gain":0,"player_choice":"Paid Fearfully","damage_taken":0,"max_hp_gain":0,"max_hp_loss":0,"event_name":"Masked Bandits","floor":31,"gold_loss":10}],"is_beta":false,"boss_relics":[{"not_picked":["Coffee Dripper","Lizard Tail"],"picked":"Mark of Pain"}],"items_purged_floors":[2,14],"is_endless":false,"potions_floor_spawned":[3,6,11,16,18],"killed_by":"Collector","ascension_level":14}