{"gold_per_floor":[115,40,59,79,79,112,122,142,190,190,202,250,250,260,260,360,360,340,340,340],"floor_reached":20,"playtime":684,"items_purged":["Strike_R"],"score":305,"play_id":"31c929d9-978d-4ea6-a537-da545b7d69bc","local_time":"20190521134701","is_ascension_mode":true,"campfire_choices":[{"data":"Perfected Strike","floor":13.0,"key":"SMITH"},{"data":"Inflame","floor":15.0,"key":"SMITH"}],"neow_cost":"NONE","seed_source_timestamp":0,"circlet_count":0,"master_deck":["Strike_R","Strike_R","Strike_R","Strike_R","Defend_R","Defend_R","Defend_R","Defend_R","Bash","Feed+1","Perfected Strike+1","Twin Strike+1","Inflame+1","Twin Strike","Perfected Strike"],"special_seed":0,"relics":["Burning Blood","Ornamental Fan","Centennial Puzzle","Strawberry","Orrery","Mummified Hand"],"potions_floor_usage":[16,16],"damage_taken":[{"damage":11.0,"enemies":"Cultist","floor":1.0,"turns":4.0},{"damage":9.0,"enemies":"2 Louse","floor":3.0,"turns":2.0},{"damage":5.0,"enemies":"Small Slimes","floor":4.0,"turns":3.0},{"damage":35.0,"enemies":"3 Sentries","floor":6.0,"turns":8.0},{"damage":1.0,"enemies":"Exordium Thugs","floor":7.0,"turns":3.0},{"damage":12.0,"enemies":"Red Slaver","floor":8.0,"turns":4.0},{"damage":0.0,"enemies":"Large Slime","floor":11.0,"turns":4.0},{"damage":10.0,"enemies":"Exordium Wildlife","floor":14.0,"turns":4.0},{"damage":37,"enemies":"The Guardian","floor":16,"turns":11},{"damage":23,"enemies":"2 Thieves","floor":18,"turns":4},{"damage":74,"enemies":"3 Byrds","floor":20,"turns":7}],"seed_played":"-4042270567561652871","potions_obtained":[{"floor":3.0,"key":"Poison Potion"},{"floor":6.0,"key":"GamblersBrew"},{"floor":7.0,"key":"Weak Potion"},{"floor":11.0,"key":"SpeedPotion"},{"floor":18,"key":"Strength Potion"}],"is_trial":false,"path_per_floor":["M","$","M","M","?","E","M","M","T","?","M","T","R","M","R","B",null,"M","?","M"],"character_chosen":"IRONCLAD","items_purchased":[],"campfire_rested":0,"item_purchase_floors":[],"current_hp_per_floor":[70,70,70,74,56,27,36,30,30,30,40,47,47,47,47,16,85,72,72,0],"gold":340,"neow_bonus":"ONE_RANDOM_RARE_CARD","is_prod":false,"is_daily":false,"chose_seed":false,"campfire_upgraded":2,"win_rate":0,"timestamp":1558435621,"path_taken":["M","?","M","M","?","E","M","M","T","?","M","?","R","M","R","BOSS","M","?","M"],"build_version":"2019-01-23","purchased_purges":1,"victory":false,"max_hp_per_floor":[83,83,86,89,89,89,93,93,93,93,97,104,104,108,108,108,108,112,112,112],"card_choices":[{"not_picked":["Iron Wave","Combust","Anger"],"picked":"SKIP","floor":1.0},{"not_picked":["Headbutt","Sword Boomerang"],"picked":"Perfected Strike","floor":3.0},{"not_picked":["Power Through","Anger"],"picked":"Twin Strike","floor":4.0},{"not_picked":["Second Wind","Twin Strike"],"picked":"Inflame","floor":6.0},{"not_picked":["Anger","True Grit","Thunderclap"],"picked":"SKIP","floor":7.0},{"not_picked":["Armaments","Fire Breathing","Wild Strike"],"picked":"SKIP","floor":8.0},{"not_picked":["Impervious","Hemokinesis","Evolve"],"picked":"SKIP","floor":11.0},{"not_picked":["Entrench","Flex","Sword Boomerang"],"picked":"SKIP","floor":14.0},{"not_picked":["Headbutt","Wild Strike"],"picked":"Twin Strike","floor":17},{"not_picked":["Twin Strike","Hemokinesis"],"picked":"Perfected Strike","floor":17},{"not_picked":["Bludgeon","Power Through+1","Clash+1"],"picked":"SKIP","floor":18}],"player_experience":304677,"relics_obtained":[{"floor":6.0,"key":"Ornamental Fan"},{"floor":9.0,"key":"Centennial Puzzle"},{"floor":12.0,"key":"Strawberry"}],"event_choices":[{"damage_healed":0.0,"max_hp_gain":0.0,"max_hp_loss":0.0,"gold_gain":0.0,"event_name":"Shining Light","player_choice":"Entered Light","floor":5.0,"gold_loss":0.0,"damage_taken":18.0,"cards_upgraded":["Twin Strike","Feed"]},{"damage_healed":0.0,"max_hp_gain":0.0,"max_hp_loss":0.0,"gold_gain":0.0,"event_name":"Dead Adventurer","player_choice":"Searched \u00270\u0027 times","floor":10.0,"gold_loss":0.0,"damage_taken":0.0},{"damage_healed":0,"gold_gain":0,"player_choice":"Gave Potion","damage_taken":0,"relics_obtained":["Mummified Hand"],"max_hp_gain":0,"max_hp_loss":0,"event_name":"WeMeetAgain","floor":19,"gold_loss":0}],"is_beta":false,"boss_relics":[{"not_picked":["Runic Pyramid","White Beast Statue"],"picked":"Orrery"}],"items_purged_floors":[2],"is_endless":false,"potions_floor_spawned":[3,6,7,11,18],"killed_by":"3 Byrds","ascension_level":9}