{"gold_per_floor":[114,130,146,162,0,32,32,61,86,86,261,261,278,298,298,399,399,399,30,30,0,0,0,0,0,0,0,0,0,0,0,0,0,0,0,0,0,0,0,0,0,0,0,0,0,0,0,0,0,0],"floor_reached":50,"playtime":9096,"items_purged":["Doubt"],"score":578,"play_id":"62928921-f891-4f04-ab5e-06e908bdb9be","local_time":"20190607230920","is_ascension_mode":true,"campfire_choices":[{"floor":7.0,"key":"REST"},{"floor":10.0,"key":"REST"},{"floor":15.0,"key":"REST"},{"floor":25.0,"key":"REST"},{"data":"Adrenaline","floor":27.0,"key":"SMITH"},{"floor":32.0,"key":"REST"},{"floor":41.0,"key":"REST"},{"floor":47.0,"key":"REST"},{"floor":49.0,"key":"REST"}],"neow_cost":"NONE","seed_source_timestamp":0,"circlet_count":0,"master_deck":["Defend_G","Defend_G","Defend_G","Defend_G","Defend_G","Strike_G","Strike_G","Strike_G","Strike_G","Strike_G","Survivor","Neutralize","Bouncing Flask","Bouncing Flask","Bane","Distraction","Poisoned Stab","Well Laid Plans","Flash of Steel","Quick Slash","Crippling Poison","Flying Knee","Blade Dance","Sucker Punch","Burst","Adrenaline+1","Leg Sweep","Dodge and Roll","Decay","Acrobatics+1","Deadly Poison","Bouncing Flask+1","Slice","Adrenaline+1","Prepared+1","Blade Dance+1","Burst","Quick Slash+1","Backstab+1","Flying Knee+1","Reflex+1","Escape Plan+1","Blade Dance+1","Blur","Backstab+1","Tactician+1"],"special_seed":0,"relics":["Ring of the Snake","Incense Burner","Dream Catcher","Oddly Smooth Stone","Ectoplasm","Torii","Nilry\u0027s Codex","Meat on the Bone","Ornamental Fan","Busted Crown","Bronze Scales","Red Mask","Unceasing Top","Molten Egg 2","Ice Cream","Boot"],"potions_floor_usage":[50],"damage_taken":[{"damage":6.0,"enemies":"Jaw Worm","floor":1.0,"turns":4.0},{"damage":1.0,"enemies":"2 Louse","floor":2.0,"turns":3.0},{"damage":3.0,"enemies":"Small Slimes","floor":3.0,"turns":3.0},{"damage":8.0,"enemies":"3 Louse","floor":4.0,"turns":3.0},{"damage":18.0,"enemies":"Gremlin Nob","floor":6.0,"turns":3.0},{"damage":47.0,"enemies":"Lagavulin","floor":8.0,"turns":6.0},{"damage":16.0,"enemies":"Lots of Slimes","floor":13.0,"turns":5.0},{"damage":0.0,"enemies":"Red Slaver","floor":14.0,"turns":3.0},{"damage":12.0,"enemies":"The Guardian","floor":16.0,"turns":7.0},{"damage":5.0,"enemies":"3 Byrds","floor":18.0,"turns":4.0},{"damage":21.0,"enemies":"2 Thieves","floor":21.0,"turns":3.0},{"damage":2.0,"enemies":"Book of Stabbing","floor":24.0,"turns":6.0},{"damage":6.0,"enemies":"Chosen and Byrds","floor":28.0,"turns":5.0},{"damage":15.0,"enemies":"Snake Plant","floor":29.0,"turns":3.0},{"damage":2.0,"enemies":"Centurion and Healer","floor":31.0,"turns":5.0},{"damage":7.0,"enemies":"Champ","floor":33.0,"turns":8.0},{"damage":1.0,"enemies":"3 Darklings","floor":35.0,"turns":4.0},{"damage":0.0,"enemies":"3 Shapes","floor":36.0,"turns":3.0},{"damage":14.0,"enemies":"Mind Bloom Boss Battle","floor":39.0,"turns":5.0},{"damage":18.0,"enemies":"Spire Growth","floor":40.0,"turns":3.0},{"damage":7.0,"enemies":"Transient","floor":42.0,"turns":5.0},{"damage":13.0,"enemies":"2 Orb Walkers","floor":45.0,"turns":4.0},{"damage":31.0,"enemies":"Giant Head","floor":46.0,"turns":7.0},{"damage":10.0,"enemies":"Sphere and 2 Shapes","floor":48.0,"turns":4.0},{"damage":72,"enemies":"Time Eater","floor":50,"turns":7}],"seed_played":"8474765375893542755","potions_obtained":[{"floor":3.0,"key":"Explosive Potion"},{"floor":8.0,"key":"Energy Potion"},{"floor":13.0,"key":"Block Potion"},{"floor":21.0,"key":"GamblersBrew"},{"floor":24.0,"key":"Dexterity Potion"},{"floor":33.0,"key":"AttackPotion"},{"floor":36.0,"key":"Regen Potion"},{"floor":48.0,"key":"GamblersBrew"}],"is_trial":false,"path_per_floor":["M","M","M","M","$","E","R","E","T","R","?","?","M","M","R","B",null,"M","$","?","M","$","?","E","R","T","R","M","M","?","M","R","B",null,"M","M","T","?","?","M","R","M","T","$","?","E","R","M","R","B"],"character_chosen":"THE_SILENT","items_purchased":["Well Laid Plans","Flash of Steel","Torii"],"campfire_rested":8,"item_purchase_floors":[5,5,19],"current_hp_per_floor":[64,63,60,52,52,34,55,8,8,29,29,22,6,6,27,15,70,65,65,49,28,28,28,26,47,47,47,41,38,38,36,57,50,70,69,69,69,69,55,37,58,51,51,51,52,33,54,44,65,0],"gold":0,"neow_bonus":"THREE_CARDS","is_prod":false,"is_daily":false,"chose_seed":false,"campfire_upgraded":1,"win_rate":1,"timestamp":1559941760,"path_taken":["M","M","M","M","$","E","R","E","T","R","?","?","M","M","R","BOSS","M","$","?","M","$","?","E","R","T","R","M","M","?","?","R","BOSS","M","M","?","?","?","M","R","M","T","?","?","E","R","M","R","BOSS"],"build_version":"2019-01-23","purchased_purges":1,"victory":false,"max_hp_per_floor":[70,70,70,70,70,70,70,70,70,70,70,70,70,70,70,70,70,70,70,70,70,70,70,70,70,70,70,70,70,70,70,70,70,70,70,70,70,70,70,70,70,70,70,70,70,70,70,70,70,70],"card_choices":[{"not_picked":["Acrobatics","Bane"],"picked":"Bouncing Flask","floor":0.0},{"not_picked":["Prepared","All Out Attack"],"picked":"Bouncing Flask","floor":1.0},{"not_picked":["Backflip","Escape Plan"],"picked":"Bane","floor":2.0},{"not_picked":["Dagger Throw","Flechettes"],"picked":"Distraction","floor":3.0},{"not_picked":["Reflex","Dagger Spray"],"picked":"Poisoned Stab","floor":4.0},{"not_picked":["Dagger Throw","Dagger Spray"],"picked":"Quick Slash","floor":6.0},{"not_picked":["Blur","Deflect"],"picked":"Crippling Poison","floor":8.0},{"not_picked":["Bouncing Flask","Dodge and Roll"],"picked":"Flying Knee","floor":10.0},{"not_picked":["Choke","Crippling Poison"],"picked":"Blade Dance","floor":13.0},{"not_picked":["Riddle With Holes","Underhanded Strike"],"picked":"Sucker Punch","floor":14.0},{"not_picked":["Flying Knee","Slice"],"picked":"Burst","floor":15.0},{"not_picked":["Phantasmal Killer","Unload"],"picked":"Adrenaline","floor":16.0},{"not_picked":["Masterful Stab+1","Slice"],"picked":"Leg Sweep","floor":18.0},{"not_picked":["Acrobatics","Tactician+1"],"picked":"Dodge and Roll","floor":21.0},{"not_picked":["Dagger Spray","Choke"],"picked":"Acrobatics+1","floor":24.0},{"not_picked":["Dagger Throw","Sucker Punch"],"picked":"Deadly Poison","floor":25.0},{"not_picked":["Dagger Spray","Distraction"],"picked":"Bouncing Flask+1","floor":28.0},{"not_picked":["Tactician+1","Blade Dance"],"picked":"Slice","floor":29.0},{"not_picked":["Deflect","Dodge and Roll"],"picked":"Prepared+1","floor":31.0},{"not_picked":["Prepared","Riddle With Holes"],"picked":"Blade Dance+1","floor":32.0},{"not_picked":["A Thousand Cuts","Unload"],"picked":"Burst","floor":33.0},{"not_picked":[],"picked":"Quick Slash+1","floor":35.0},{"not_picked":[],"picked":"Backstab+1","floor":36.0},{"not_picked":[],"picked":"Flying Knee+1","floor":40.0},{"not_picked":[],"picked":"Reflex+1","floor":42.0},{"not_picked":[],"picked":"Escape Plan+1","floor":45.0},{"not_picked":[],"picked":"Blade Dance+1","floor":46.0},{"not_picked":[],"picked":"Blur","floor":47.0},{"not_picked":[],"picked":"Backstab+1","floor":48.0},{"not_picked":[],"picked":"Tactician+1","floor":49.0}],"player_experience":43449,"relics_obtained":[{"floor":6.0,"key":"Incense Burner"},{"floor":8.0,"key":"Dream Catcher"},{"floor":20.0,"key":"Nilry\u0027s Codex"},{"floor":24.0,"key":"Meat on the Bone"},{"floor":26.0,"key":"Ornamental Fan"},{"floor":37.0,"key":"Bronze Scales"},{"floor":39.0,"key":"Unceasing Top"},{"floor":43.0,"key":"Molten Egg 2"},{"floor":45.0,"key":"Ice Cream"},{"floor":46.0,"key":"Boot"}],"event_choices":[{"damage_healed":0.0,"max_hp_gain":0.0,"max_hp_loss":0.0,"gold_gain":175.0,"event_name":"Liars Game","player_choice":"AGREE","floor":11.0,"gold_loss":0.0,"damage_taken":0.0,"cards_obtained":["Doubt"]},{"damage_healed":0.0,"max_hp_gain":0.0,"max_hp_loss":0.0,"gold_gain":0.0,"event_name":"Scrap Ooze","player_choice":"Success","floor":12.0,"gold_loss":0.0,"damage_taken":7.0,"relics_obtained":["Oddly Smooth Stone"]},{"damage_healed":0.0,"max_hp_gain":0.0,"max_hp_loss":0.0,"gold_gain":0.0,"event_name":"Cursed Tome","player_choice":"Obtained Book","floor":20.0,"gold_loss":0.0,"damage_taken":16.0},{"damage_healed":0.0,"max_hp_gain":0.0,"max_hp_loss":0.0,"gold_gain":0.0,"event_name":"Forgotten Altar","player_choice":"Smashed Altar","floor":23.0,"gold_loss":0.0,"damage_taken":0.0,"cards_obtained":["Decay"]},{"damage_healed":0.0,"max_hp_gain":0.0,"max_hp_loss":0.0,"gold_gain":0.0,"event_name":"Duplicator","player_choice":"Copied","floor":30.0,"gold_loss":0.0,"damage_taken":0.0,"cards_obtained":["Adrenaline"]},{"damage_healed":0.0,"max_hp_gain":0.0,"max_hp_loss":0.0,"gold_gain":0.0,"event_name":"Tomb of Lord Red Mask","player_choice":"Paid","floor":38.0,"gold_loss":0.0,"damage_taken":0.0,"relics_obtained":["Red Mask"]},{"damage_healed":0.0,"max_hp_gain":0.0,"max_hp_loss":0.0,"gold_gain":0.0,"event_name":"MindBloom","player_choice":"Fight","floor":39.0,"gold_loss":0.0,"damage_taken":0.0},{"damage_healed":0.0,"max_hp_gain":0.0,"max_hp_loss":0.0,"gold_gain":0.0,"event_name":"Mysterious Sphere","player_choice":"Fight","floor":45.0,"gold_loss":0.0,"damage_taken":0.0}],"is_beta":false,"boss_relics":[{"not_picked":["Tiny House","White Beast Statue"],"picked":"Ectoplasm"},{"not_picked":["Velvet Choker","Astrolabe"],"picked":"Busted Crown"}],"items_purged_floors":[19],"is_endless":false,"potions_floor_spawned":[3,8,13,16,21,24,33,36,39,42,48],"killed_by":"Time Eater","ascension_level":1}