{"gold_per_floor":[114,114,129,145,160,187,187,200,200,200,211,211,224,255,255,352,352,364,25,43,58,58,58,85,85,85,135,135],"floor_reached":28,"playtime":1677,"items_purged":[],"score":275,"play_id":"8af4ef12-d8a6-4e83-84e0-edff423bf2b3","local_time":"20190530231409","is_ascension_mode":false,"campfire_choices":[{"floor":7,"key":"RECALL"},{"data":"Sunder","floor":10,"key":"SMITH"},{"floor":15,"key":"REST"},{"floor":23,"key":"REST"}],"neow_cost":"NONE","seed_source_timestamp":11551001846565,"circlet_count":0,"master_deck":["Strike_B","Strike_B","Strike_B","Strike_B","Defend_B","Defend_B","Defend_B","Defend_B","Zap","Dualcast","Chill","Glacier","Hello World","Cold Snap","Sunder+1","Streamline","Turbo","Blizzard","Leap","Meteor Strike","Ball Lightning","Cold Snap+1","Echo Form","Decay","Go for the Eyes","Necronomicurse"],"relics":["Philosopher\u0027s Stone","Blue Candle","Oddly Smooth Stone","Pen Nib","Inserter","MealTicket","Potion Belt","Sundial","Necronomicon","Bag of Marbles"],"potions_floor_usage":[6,14,18,18,21,24,28],"damage_taken":[{"damage":5,"enemies":"Cultist","floor":1,"turns":4},{"damage":6,"enemies":"Small Slimes","floor":3,"turns":4},{"damage":0,"enemies":"2 Louse","floor":4,"turns":3},{"damage":3,"enemies":"Blue Slaver","floor":5,"turns":4},{"damage":0,"enemies":"3 Sentries","floor":6,"turns":10},{"damage":3,"enemies":"Lots of Slimes","floor":8,"turns":4},{"damage":5,"enemies":"Looter","floor":11,"turns":3},{"damage":1,"enemies":"2 Fungi Beasts","floor":13,"turns":4},{"damage":10,"enemies":"Lagavulin","floor":14,"turns":5},{"damage":16,"enemies":"Slime Boss","floor":16,"turns":10},{"damage":22,"enemies":"3 Byrds","floor":18,"turns":3},{"damage":0,"enemies":"Shell Parasite","floor":20,"turns":8},{"damage":22,"enemies":"Chosen and Byrds","floor":21,"turns":5},{"damage":27,"enemies":"Book of Stabbing","floor":24,"turns":6},{"damage":24,"enemies":"Cultist and Chosen","floor":28,"turns":6}],"seed_played":"594270629185378508","potions_obtained":[{"floor":1,"key":"Energy Potion"},{"floor":4,"key":"EssenceOfSteel"},{"floor":5,"key":"LiquidBronze"},{"floor":6,"key":"SpeedPotion"},{"floor":16,"key":"AttackPotion"},{"floor":18,"key":"FearPotion"},{"floor":20,"key":"LiquidBronze"}],"is_trial":false,"path_per_floor":["M","?","M","M","M","E","R","M","T","R","M","?","M","E","R","B",null,"M","$","M","M","?","R","E","?","T","T","M"],"character_chosen":"DEFECT","items_purchased":["MealTicket","Potion Belt"],"campfire_rested":2,"item_purchase_floors":[19,19],"current_hp_per_floor":[70,70,64,64,61,61,61,58,58,58,53,53,52,42,64,48,75,53,53,53,31,31,53,26,10,10,10,0],"gold":135,"neow_bonus":"BOSS_RELIC","is_prod":false,"is_daily":false,"chose_seed":false,"campfire_upgraded":1,"win_rate":0,"timestamp":1559279649,"path_taken":["M","?","M","M","M","E","R","?","T","R","M","?","M","E","R","BOSS","M","$","M","?","?","R","E","?","T","?","M"],"build_version":"2019-01-23","purchased_purges":0,"victory":false,"max_hp_per_floor":[75,75,75,75,75,75,75,75,75,75,75,75,75,75,75,75,75,75,75,75,75,75,75,75,75,75,75,75],"card_choices":[{"not_picked":["Hologram","Streamline"],"picked":"Chill","floor":1},{"not_picked":["Hologram","Ball Lightning"],"picked":"Glacier","floor":3},{"not_picked":["Doom and Gloom","Heatsinks"],"picked":"Hello World","floor":4},{"not_picked":["Consume","Chaos"],"picked":"Cold Snap","floor":5},{"not_picked":["Stack","Chill"],"picked":"Sunder","floor":6},{"not_picked":["Rebound","Beam Cell"],"picked":"Streamline","floor":8},{"not_picked":["Consume","Streamline"],"picked":"Turbo","floor":11},{"not_picked":["Compile Driver","Meteor Strike"],"picked":"Blizzard","floor":13},{"not_picked":["Loop","Coolheaded"],"picked":"Leap","floor":14},{"not_picked":["Core Surge","Creative AI"],"picked":"Meteor Strike","floor":16},{"not_picked":["Compile Driver","Rebound"],"picked":"Ball Lightning","floor":18},{"not_picked":["Steam+1","Melter"],"picked":"Cold Snap+1","floor":20},{"not_picked":["Turbo","Barrage"],"picked":"Echo Form","floor":21},{"not_picked":["Heatsinks","Coolheaded"],"picked":"Go for the Eyes","floor":24}],"player_experience":135208,"relics_obtained":[{"floor":6,"key":"Blue Candle"},{"floor":9,"key":"Oddly Smooth Stone"},{"floor":14,"key":"Pen Nib"},{"floor":24,"key":"Sundial"},{"floor":25,"key":"Necronomicon"},{"floor":27,"key":"Bag of Marbles"}],"event_choices":[{"damage_healed":0,"gold_gain":0,"player_choice":"Ignored","damage_taken":0,"max_hp_gain":0,"max_hp_loss":0,"event_name":"Purifier","floor":2,"gold_loss":0},{"damage_healed":0,"gold_gain":0,"player_choice":"Bought 0 Potions","damage_taken":0,"max_hp_gain":0,"max_hp_loss":0,"event_name":"The Woman in Blue","floor":12,"gold_loss":0},{"damage_healed":0,"gold_gain":0,"player_choice":"Smashed Altar","damage_taken":0,"max_hp_gain":0,"max_hp_loss":0,"event_name":"Forgotten Altar","floor":22,"gold_loss":0,"cards_obtained":["Decay"]},{"damage_healed":0,"gold_gain":0,"player_choice":"Obtained Book","damage_taken":16,"max_hp_gain":0,"max_hp_loss":0,"event_name":"Cursed Tome","floor":25,"gold_loss":0}],"is_beta":false,"boss_relics":[{"not_picked":["Snecko Eye","Velvet Choker"],"picked":"Inserter"}],"items_purged_floors":[],"is_endless":false,"potions_floor_spawned":[1,4,5,6,16,18,20],"killed_by":"Cultist and Chosen","ascension_level":0}