{"gold_per_floor":[119,135,151,151,426,20,35,54,135,145,145,177,191,203,203,300,300,310,310,1,12,30,30],"floor_reached":23,"playtime":1692,"items_purged":[],"score":197,"play_id":"c3d49ac5-e59c-4c0b-b66a-c040e88d6204","local_time":"20190522163606","is_ascension_mode":false,"campfire_choices":[{"data":"Searing Blow","floor":15,"key":"SMITH"}],"neow_cost":"NONE","seed_source_timestamp":45397858106435,"circlet_count":0,"master_deck":["Strike_R","Strike_R","Strike_R","Strike_R","Defend_R","Defend_R","Defend_R","Defend_R","Bash","Heavy Blade","Flex","Blood for Blood","Anger","Searing Blow+1","Cleave","Whirlwind","Feed","Pommel Strike","Reaper","Twin Strike+1","Body Slam","Dual Wield+1","Armaments"],"relics":["Black Blood","Self Forming Clay","Boot","Kunai","Torii","Membership Card","Oddly Smooth Stone"],"potions_floor_usage":[8,12,12,16,22],"damage_taken":[{"damage":3,"enemies":"Cultist","floor":1,"turns":5},{"damage":3,"enemies":"2 Louse","floor":2,"turns":3},{"damage":6,"enemies":"Jaw Worm","floor":3,"turns":3},{"damage":6,"enemies":"2 Fungi Beasts","floor":7,"turns":3},{"damage":9,"enemies":"Lots of Slimes","floor":8,"turns":5},{"damage":5,"enemies":"3 Louse","floor":10,"turns":3},{"damage":21,"enemies":"3 Sentries","floor":12,"turns":6},{"damage":0,"enemies":"Exordium Wildlife","floor":13,"turns":2},{"damage":8,"enemies":"Red Slaver","floor":14,"turns":4},{"damage":33,"enemies":"Slime Boss","floor":16,"turns":11},{"damage":27,"enemies":"Spheric Guardian","floor":18,"turns":6},{"damage":20,"enemies":"2 Thieves","floor":21,"turns":5},{"damage":34,"enemies":"Snecko","floor":22,"turns":7},{"damage":70,"enemies":"Gremlin Leader","floor":23,"turns":4}],"seed_played":"8262370233693570294","potions_obtained":[{"floor":1,"key":"Block Potion"},{"floor":2,"key":"Ancient Potion"},{"floor":10,"key":"FearPotion"},{"floor":12,"key":"FairyPotion"},{"floor":14,"key":"LiquidBronze"},{"floor":21,"key":"Ancient Potion"}],"is_trial":false,"path_per_floor":["M","M","M","$","?","$","M","M","T","M","?","E","M","M","R","B",null,"M","?","$","M","M","E"],"character_chosen":"IRONCLAD","items_purchased":["Self Forming Clay","Boot","Membership Card","Oddly Smooth Stone","Energy Potion","Body Slam"],"campfire_rested":0,"item_purchase_floors":[6,6,20,20,20,20],"current_hp_per_floor":[88,88,88,88,88,88,88,85,85,86,86,71,77,75,75,48,88,71,71,71,73,55,0],"gold":30,"neow_bonus":"TEN_PERCENT_HP_BONUS","is_prod":false,"is_daily":false,"chose_seed":false,"campfire_upgraded":1,"win_rate":0.0,"timestamp":1558564566,"path_taken":["M","?","M","$","?","$","M","?","T","M","?","E","M","M","R","BOSS","M","?","$","?","M","E"],"build_version":"2019-01-23","purchased_purges":0,"victory":false,"max_hp_per_floor":[88,88,88,88,88,88,88,88,88,88,88,88,88,88,88,88,88,88,88,88,88,88,88],"card_choices":[{"not_picked":["Rupture","Feel No Pain"],"picked":"Heavy Blade","floor":1},{"not_picked":["Sword Boomerang","True Grit"],"picked":"Flex","floor":2},{"not_picked":["Sword Boomerang","Clash"],"picked":"Blood for Blood","floor":3},{"not_picked":["Warcry","Armaments"],"picked":"Anger","floor":7},{"not_picked":["Clothesline","Heavy Blade"],"picked":"Searing Blow","floor":8},{"not_picked":["Heavy Blade","Battle Trance"],"picked":"Cleave","floor":10},{"not_picked":["Disarm","Rage"],"picked":"Whirlwind","floor":12},{"not_picked":["Body Slam","Evolve"],"picked":"Feed","floor":13},{"not_picked":["Heavy Blade","Whirlwind"],"picked":"Pommel Strike","floor":14},{"not_picked":["Demon Form","Offering"],"picked":"Reaper","floor":16},{"not_picked":["Ghostly Armor","Dropkick"],"picked":"Twin Strike+1","floor":18},{"not_picked":["Anger","Pommel Strike"],"picked":"Dual Wield+1","floor":21},{"not_picked":["Battle Trance","Pommel Strike"],"picked":"Armaments","floor":22}],"player_experience":65174,"relics_obtained":[{"floor":9,"key":"Kunai"},{"floor":12,"key":"Torii"}],"event_choices":[{"damage_healed":0,"gold_gain":275,"player_choice":"Desecrate","damage_taken":0,"max_hp_gain":0,"max_hp_loss":0,"event_name":"Golden Shrine","floor":5,"gold_loss":0,"cards_obtained":["Regret"]},{"cards_removed":["Regret"],"damage_healed":0,"gold_gain":0,"player_choice":"Forget","damage_taken":0,"max_hp_gain":0,"max_hp_loss":0,"event_name":"Living Wall","floor":11,"gold_loss":0},{"cards_removed":["Strike_R"],"damage_healed":0,"gold_gain":0,"player_choice":"Card Removal","damage_taken":0,"max_hp_gain":0,"max_hp_loss":0,"event_name":"Wheel of Change","floor":19,"gold_loss":0}],"is_beta":false,"boss_relics":[{"not_picked":["Tiny House","Busted Crown"],"picked":"Black Blood"}],"items_purged_floors":[],"is_endless":false,"potions_floor_spawned":[1,2,10,12,14,21],"killed_by":"Gremlin Leader","ascension_level":0}