{"gold_per_floor":[119,13,28,28,39,39,72,72,72,84,84,84,104,144,144,275,275,289,329,344,344,269,269,269],"floor_reached":24,"playtime":778,"items_purged":["Strike_B"],"score":224,"play_id":"1f756db6-aeee-40c4-8f2c-c4f213ce3fe7","local_time":"20180816122339","is_ascension_mode":true,"campfire_choices":[{"data":"Hologram","floor":6,"key":"SMITH"},{"floor":8,"key":"REST"},{"floor":15,"key":"REST"},{"floor":23,"key":"REST"}],"neow_cost":"NONE","seed_source_timestamp":265542981810949,"circlet_count":0,"master_deck":["Strike_B","Strike_B","Defend_B","Defend_B","Defend_B","Defend_B","Zap+1","Dualcast","Gash","Streamline","Hologram+1","Beam Cell","Coolheaded","Creative AI","Leap"],"relics":["Cracked Core","Incense Burner","Meat on the Bone","Golden Idol","Blue Candle","Fusion Hammer","Red Mask"],"potions_floor_usage":[18,18],"damage_taken":[{"damage":7,"enemies":"Small Slimes","floor":1,"turns":3},{"damage":1,"enemies":"2 Louse","floor":3,"turns":2},{"damage":7,"enemies":"Jaw Worm","floor":5,"turns":2},{"damage":25,"enemies":"Lagavulin","floor":7,"turns":6},{"damage":8,"enemies":"Blue Slaver","floor":10,"turns":3},{"damage":0,"enemies":"3 Louse","floor":13,"turns":3},{"damage":14,"enemies":"Gremlin Nob","floor":14,"turns":3},{"damage":18,"enemies":"Slime Boss","floor":16,"turns":11},{"damage":22,"enemies":"3 Byrds","floor":18,"turns":3},{"damage":41,"floor":19,"turns":6},{"damage":0,"enemies":"2 Thieves","floor":20,"turns":4},{"damage":0,"enemies":"Gremlin Leader","floor":24,"turns":1}],"seed_played":"63441661323422759","potions_obtained":[{"floor":7,"key":"LiquidBronze"},{"floor":13,"key":"Explosive Potion"},{"floor":14,"key":"FocusPotion"},{"floor":18,"key":"Dexterity Potion"}],"is_trial":false,"path_per_floor":["M","$","M","?","M","R","E","R","T","M","?","?","M","E","R","B",null,"M","?","M","?","$","R"],"character_chosen":"DEFECT","items_purchased":["Gash","Streamline"],"campfire_rested":3,"item_purchase_floors":[2,2],"current_hp_per_floor":[68,68,67,67,60,60,35,57,57,49,42,42,42,40,60,42,69,47,18,30,30,30,50,50],"gold":269,"neow_bonus":"UPGRADE_CARD","is_prod":false,"is_daily":false,"chose_seed":false,"campfire_upgraded":1,"win_rate":0,"timestamp":1534411419,"path_taken":["M","$","M","?","M","R","E","R","T","M","?","?","?","E","R","BOSS","M","?","?","?","$","R","E"],"build_version":"2018-08-09","purchased_purges":1,"victory":false,"max_hp_per_floor":[75,75,75,75,75,75,75,75,75,75,75,69,69,69,69,69,69,69,69,69,69,69,69,69],"card_choices":[{"not_picked":["Cold Snap","Barrage","Aggregate"],"picked":"SKIP","floor":1},{"not_picked":["Loop","Darkness"],"picked":"Hologram","floor":3},{"not_picked":["Hello World","Cold Snap","Self Repair"],"picked":"SKIP","floor":5},{"not_picked":["Storm","Redo","Cold Snap"],"picked":"SKIP","floor":7},{"not_picked":["Steam","Redo","Chill"],"picked":"SKIP","floor":10},{"not_picked":["Meteor Strike","Ball Lightning"],"picked":"Beam Cell","floor":13},{"not_picked":["Redo","Ball Lightning"],"picked":"Coolheaded","floor":14},{"not_picked":["Echo Form","Fission"],"picked":"Creative AI","floor":16},{"not_picked":["Heatsinks","Streamline","Chill"],"picked":"SKIP","floor":18},{"not_picked":["Steam+1","Go for the Eyes"],"picked":"Leap","floor":19},{"not_picked":["Ball Lightning+1","Consume","Storm"],"picked":"SKIP","floor":20}],"player_experience":212101,"relics_obtained":[{"floor":7,"key":"Incense Burner"},{"floor":9,"key":"Meat on the Bone"},{"floor":14,"key":"Blue Candle"},{"floor":19,"key":"Red Mask"}],"event_choices":[{"event_name":"Liars Game","player_choice":"disagreed","floor":4,"damage_taken":0},{"event_name":"Golden Wing","player_choice":"Card Removal","floor":11,"damage_taken":0},{"event_name":"Golden Idol","player_choice":"Lose Max HP","floor":12,"damage_taken":0},{"event_name":"Masked Bandits","player_choice":"Fought Bandits","floor":19,"damage_taken":0},{"event_name":"Drug Dealer","player_choice":"Ignored","floor":21,"damage_taken":0}],"is_beta":false,"boss_relics":[{"not_picked":["Black Star","Lizard Tail"],"picked":"Fusion Hammer"}],"items_purged_floors":[22],"is_endless":false,"potions_floor_spawned":[7,13,14,16,18],"killed_by":"Gremlin Leader","ascension_level":2}