{"gold_per_floor":[18,32,47,65,81,0,0,10,34,34,64,64,98,117,117,213,213,226,226,240,252,252,252,262,262,262,185,212,228,8,8,8,106,106,118,129,146,160,6,36,0,0,0,0,33,53,53,70,70,70],"floor_reached":50,"playtime":6593,"items_purged":[],"score":611,"play_id":"d510e3b0-f824-4216-addb-89df4e0da7ad","local_time":"20190519185327","is_ascension_mode":false,"campfire_choices":[{"data":"Rainbow","floor":10,"key":"SMITH"},{"floor":12,"key":"REST"},{"floor":15,"key":"REST"},{"floor":23,"key":"REST"},{"floor":32,"key":"REST"},{"data":"Fission","floor":42,"key":"SMITH"},{"data":"Echo Form","floor":44,"key":"SMITH"},{"floor":49,"key":"REST"}],"neow_cost":"NO_GOLD","seed_source_timestamp":27311805366193,"circlet_count":0,"master_deck":["Defend_B","Defend_B","Defend_B","Defend_B","Zap","Dualcast","Buffer","Ball Lightning","Go for the Eyes","Compile Driver","Stack","Compile Driver","Sweeping Beam","Self Repair","Rainbow+1","Capacitor","Melter","Cold Snap","Echo Form+1","BootSequence+1","Lockon","Beam Cell","BootSequence","Chill+1","Bite","Bite","Bite","Bite","Bite","Defragment","Chaos","Reprogram+1","Echo Form","Beam Cell","Cold Snap","Fission+1","Leap+1","Conserve Battery+1","Sunder+1","FTL+1","Blind","Steam","Gash","Fusion+1","Normality","Gash+1","Tempest+1","Hologram+1"],"relics":["Cracked Core","GremlinMask","Oddly Smooth Stone","Pear","Strawberry","Runic Pyramid","Gremlin Horn","Boot","DollysMirror","Cursed Key","Potion Belt","Red Mask","Mercury Hourglass","Bottled Lightning"],"potions_floor_usage":[5,11,11,18,38,45,45,46,50,50],"damage_taken":[{"damage":2,"enemies":"Cultist","floor":1,"turns":5},{"damage":4,"enemies":"Jaw Worm","floor":2,"turns":4},{"damage":6,"enemies":"2 Louse","floor":3,"turns":2},{"damage":13,"enemies":"Lots of Slimes","floor":4,"turns":5},{"damage":9,"enemies":"3 Louse","floor":5,"turns":5},{"damage":8,"enemies":"Exordium Wildlife","floor":8,"turns":4},{"damage":17,"enemies":"3 Sentries","floor":11,"turns":8},{"damage":16,"enemies":"Lagavulin","floor":13,"turns":7},{"damage":11,"enemies":"2 Fungi Beasts","floor":14,"turns":4},{"damage":46,"enemies":"The Guardian","floor":16,"turns":13},{"damage":45,"enemies":"3 Byrds","floor":18,"turns":6},{"damage":4,"enemies":"Spheric Guardian","floor":20,"turns":5},{"damage":7,"enemies":"Snake Plant","floor":21,"turns":5},{"damage":5,"enemies":"Snecko","floor":24,"turns":7},{"damage":58,"enemies":"Book of Stabbing","floor":28,"turns":8},{"damage":0,"enemies":"Centurion and Healer","floor":29,"turns":9},{"damage":51,"enemies":"Automaton","floor":33,"turns":12},{"damage":0,"enemies":"Orb Walker","floor":35,"turns":5},{"damage":0,"enemies":"3 Darklings","floor":36,"turns":7},{"damage":0,"enemies":"Writhing Mass","floor":37,"turns":8},{"damage":12,"enemies":"Transient","floor":38,"turns":5},{"damage":0,"enemies":"Nemesis","floor":40,"turns":9},{"damage":52,"enemies":"Reptomancer","floor":45,"turns":9},{"damage":12,"enemies":"3 Darklings","floor":46,"turns":11},{"damage":17,"enemies":"4 Shapes","floor":48,"turns":5},{"damage":71,"enemies":"Donu and Deca","floor":50,"turns":8}],"seed_played":"8730140936646145022","potions_obtained":[{"floor":3,"key":"Regen Potion"},{"floor":5,"key":"Weak Potion"},{"floor":8,"key":"SneckoOil"},{"floor":14,"key":"FairyPotion"},{"floor":16,"key":"Explosive Potion"},{"floor":20,"key":"LiquidBronze"},{"floor":29,"key":"SteroidPotion"},{"floor":38,"key":"Fire Potion"},{"floor":45,"key":"Weak Potion"},{"floor":46,"key":"Fire Potion"},{"floor":48,"key":"SpeedPotion"}],"is_trial":false,"path_per_floor":["M","M","M","M","M","$","?","M","T","R","E","R","E","M","R","B",null,"M","?","M","M","?","R","M","?","T","$","E","M","$","?","R","B",null,"M","M","M","M","$","E","?","R","T","R","E","M","?","M","R","B"],"character_chosen":"DEFECT","items_purchased":["Sweeping Beam","Self Repair","Defragment","DollysMirror","Beam Cell","Blind","Steam","Gash"],"campfire_rested":5,"item_purchase_floors":[6,6,27,30,30,39,39,39],"current_hp_per_floor":[73,69,63,50,55,55,55,54,54,54,54,79,77,73,92,53,92,54,54,50,57,57,84,86,64,64,64,21,42,42,42,61,35,64,64,64,64,61,61,64,64,64,64,64,25,36,36,21,39,0],"gold":70,"neow_bonus":"THREE_RARE_CARDS","is_prod":false,"is_daily":false,"chose_seed":false,"campfire_upgraded":3,"win_rate":0.0,"timestamp":1558313607,"path_taken":["M","M","?","?","M","$","?","?","T","R","E","R","E","M","R","BOSS","M","?","M","M","?","R","?","?","T","$","E","M","?","?","R","BOSS","M","M","M","M","$","E","?","R","T","R","E","M","?","M","R","BOSS"],"build_version":"2019-01-23","purchased_purges":0,"victory":false,"max_hp_per_floor":[75,75,75,75,75,75,75,75,75,75,85,85,92,92,92,92,92,92,92,92,92,92,92,92,64,64,64,64,64,64,64,64,64,64,64,64,64,64,64,64,64,64,64,64,64,64,61,61,61,61],"card_choices":[{"not_picked":["Meteor Strike","Seek"],"picked":"Buffer","floor":0},{"not_picked":["Steam Power","Stack"],"picked":"Ball Lightning","floor":1},{"not_picked":["Compile Driver","Ball Lightning"],"picked":"Go for the Eyes","floor":2},{"not_picked":["Fission","Go for the Eyes"],"picked":"Compile Driver","floor":3},{"not_picked":["Compile Driver","Barrage"],"picked":"Stack","floor":4},{"not_picked":["Turbo","Stack"],"picked":"Compile Driver","floor":5},{"not_picked":["Compile Driver","Sweeping Beam"],"picked":"Rainbow","floor":8},{"not_picked":["Skim","Chill"],"picked":"Capacitor","floor":11},{"not_picked":["Ball Lightning","Stack"],"picked":"Melter","floor":13},{"not_picked":["Static Discharge","Steam"],"picked":"Cold Snap","floor":14},{"not_picked":["Reboot","Seek"],"picked":"Echo Form","floor":16},{"not_picked":["Static Discharge","Glacier+1"],"picked":"BootSequence+1","floor":18},{"not_picked":["Stack","Go for the Eyes"],"picked":"Lockon","floor":20},{"not_picked":["Redo","Force Field"],"picked":"Beam Cell","floor":21},{"not_picked":["Self Repair","Scrape"],"picked":"Chill+1","floor":24},{"not_picked":["Force Field","Hologram"],"picked":"Chaos","floor":28},{"not_picked":["Chaos","Hologram"],"picked":"Reprogram+1","floor":29},{"not_picked":["Echo Form","Hyperbeam"],"picked":"Fission","floor":33},{"not_picked":["Ball Lightning","Sweeping Beam+1"],"picked":"Leap+1","floor":35},{"not_picked":["Chill","Recycle+1"],"picked":"Conserve Battery+1","floor":36},{"not_picked":["Chaos+1","Rip and Tear"],"picked":"Sunder+1","floor":37},{"not_picked":["Go for the Eyes","Redo+1"],"picked":"FTL+1","floor":38},{"not_picked":["Redo","Skim+1"],"picked":"Fusion+1","floor":40},{"not_picked":["Leap","Steam"],"picked":"Gash+1","floor":45},{"not_picked":["Stack","Scrape+1"],"picked":"Tempest+1","floor":46},{"not_picked":["Beam Cell","Leap+1"],"picked":"Hologram+1","floor":48}],"player_experience":41097,"relics_obtained":[{"floor":9,"key":"Oddly Smooth Stone"},{"floor":11,"key":"Pear"},{"floor":13,"key":"Strawberry"},{"floor":26,"key":"Gremlin Horn"},{"floor":28,"key":"Boot"},{"floor":40,"key":"Potion Belt"},{"floor":43,"key":"Mercury Hourglass"},{"floor":45,"key":"Bottled Lightning"}],"event_choices":[{"damage_healed":0,"gold_gain":0,"player_choice":"Trade","damage_taken":0,"relics_obtained":["GremlinMask"],"max_hp_gain":0,"max_hp_loss":0,"event_name":"FaceTrader","floor":7,"gold_loss":0},{"damage_healed":0,"gold_gain":0,"player_choice":"Ignored","damage_taken":0,"max_hp_gain":0,"max_hp_loss":0,"event_name":"Ghosts","floor":19,"gold_loss":0},{"damage_healed":0,"gold_gain":0,"cards_transformed":["Strike_B"],"player_choice":"Transformed","damage_taken":0,"max_hp_gain":0,"max_hp_loss":0,"event_name":"Transmorgrifier","floor":22,"gold_loss":0,"cards_obtained":["BootSequence"]},{"damage_healed":0,"gold_gain":0,"player_choice":"Became a vampire","damage_taken":0,"max_hp_gain":0,"max_hp_loss":28,"event_name":"Vampires","floor":25,"gold_loss":0,"cards_obtained":["Bite","Bite","Bite","Bite","Bite"]},{"damage_healed":0,"gold_gain":0,"player_choice":"Read","damage_taken":0,"max_hp_gain":0,"max_hp_loss":0,"event_name":"The Library","floor":31,"gold_loss":0,"cards_obtained":["Cold Snap"]},{"damage_healed":0,"gold_gain":0,"player_choice":"Paid","damage_taken":0,"relics_obtained":["Red Mask"],"max_hp_gain":0,"max_hp_loss":0,"event_name":"Tomb of Lord Red Mask","floor":41,"gold_loss":36},{"damage_healed":0,"gold_gain":0,"player_choice":"Max HP","damage_taken":0,"max_hp_gain":0,"max_hp_loss":3,"event_name":"Winding Halls","floor":47,"gold_loss":0}],"is_beta":false,"boss_relics":[{"not_picked":["Fusion Hammer","Runic Dome"],"picked":"Runic Pyramid"},{"not_picked":["Philosopher\u0027s Stone","Empty Cage"],"picked":"Cursed Key"}],"items_purged_floors":[],"is_endless":false,"potions_floor_spawned":[3,5,8,14,16,20,29,38,45,46,48],"killed_by":"Donu and Deca","ascension_level":0}