{"gold_per_floor":[114,39,39,52,52,78,78,96,119,154,154,174,174,26,26,103,103,117,128,146,71,71,71,86,86,86,86,145,164,63,73,73,73],"floor_reached":33,"playtime":1427,"items_purged":["Defend_R"],"score":555,"play_id":"ea684f2e-2816-4c7b-9cc7-6b074cf32c16","local_time":"20190601115221","is_ascension_mode":true,"campfire_choices":[{"data":"Bash","floor":7.0,"key":"SMITH"},{"data":"Offering","floor":11.0,"key":"SMITH"},{"data":"Inflame","floor":15.0,"key":"SMITH"},{"floor":23.0,"key":"REST"},{"data":"Shockwave","floor":25.0,"key":"SMITH"},{"data":"Demon Form","floor":27.0,"key":"SMITH"},{"floor":32.0,"key":"REST"}],"neow_cost":"NONE","seed_source_timestamp":0,"circlet_count":0,"master_deck":["AscendersBane","Strike_R","Strike_R","Strike_R","Defend_R","Defend_R","Defend_R","Bash+1","Shrug It Off","Twin Strike","Pommel Strike","Twin Strike","Offering+1","Sword Boomerang","Inflame+1","True Grit","Demon Form+1","Inflame","Perfected Strike+1","Ghostly Armor","Shockwave+1","Shrug It Off","Shrug It Off"],"special_seed":0,"relics":["Burning Blood","NeowsBlessing","GremlinMask","Art of War","Vajra","Bag of Preparation","Snecko Eye","Torii","Tiny Chest"],"potions_floor_usage":[],"damage_taken":[{"damage":0.0,"enemies":"2 Louse","floor":1.0,"turns":1.0},{"damage":0.0,"enemies":"Cultist","floor":4.0,"turns":1.0},{"damage":0.0,"enemies":"3 Sentries","floor":6.0,"turns":1.0},{"damage":8.0,"enemies":"Small Slimes","floor":8.0,"turns":4.0},{"damage":32.0,"enemies":"Lagavulin","floor":10.0,"turns":6.0},{"damage":6.0,"enemies":"Blue Slaver","floor":12.0,"turns":3.0},{"damage":23.0,"enemies":"The Guardian","floor":16.0,"turns":9.0},{"damage":25.0,"enemies":"Chosen","floor":18.0,"turns":4.0},{"damage":11.0,"enemies":"Spheric Guardian","floor":19.0,"turns":3.0},{"damage":36.0,"enemies":"Snake Plant","floor":20.0,"turns":3.0},{"damage":6.0,"enemies":"Chosen and Byrds","floor":24.0,"turns":4.0},{"damage":19.0,"enemies":"Book of Stabbing","floor":28.0,"turns":3.0},{"damage":17.0,"enemies":"Sentry and Sphere","floor":29.0,"turns":4.0},{"damage":0.0,"enemies":"Centurion and Healer","floor":31.0,"turns":4.0},{"damage":87,"enemies":"Collector","floor":33,"turns":5}],"seed_played":"8975740604103568780","potions_obtained":[{"floor":12.0,"key":"FearPotion"},{"floor":16.0,"key":"Block Potion"},{"floor":20.0,"key":"Energy Potion"},{"floor":22.0,"key":"FairyPotion"},{"floor":22.0,"key":"FairyPotion"}],"is_trial":false,"path_per_floor":["M","?","?","M","$","E","R","M","T","E","R","M","?","$","R","B",null,"M","M","M","?","?","R","M","R","T","R","E","M","$","M","R","B"],"character_chosen":"IRONCLAD","items_purchased":["Inflame","True Grit","Shrug It Off"],"campfire_rested":2,"item_purchase_floors":[14,14,30],"current_hp_per_floor":[74,74,74,75,75,75,75,73,73,47,47,47,47,47,47,30,64,45,40,10,10,10,32,32,32,32,32,19,8,8,14,36,0],"gold":73,"neow_bonus":"THREE_ENEMY_KILL","is_prod":false,"is_daily":false,"chose_seed":false,"campfire_upgraded":5,"win_rate":0,"timestamp":1559407941,"path_taken":["M","?","?","?","$","E","R","M","T","E","R","M","?","$","R","BOSS","M","M","M","?","?","R","M","R","T","R","E","M","$","?","R","BOSS"],"build_version":"2019-01-23","purchased_purges":1,"victory":false,"max_hp_per_floor":[75,75,75,75,75,75,75,75,75,75,75,75,75,75,75,75,75,75,75,75,75,75,75,75,75,75,75,75,75,75,75,75,75],"card_choices":[{"not_picked":["Iron Wave","Clash"],"picked":"Shrug It Off","floor":1.0},{"not_picked":["Thunderclap","Havoc"],"picked":"Twin Strike","floor":4.0},{"not_picked":["Carnage","Body Slam"],"picked":"Pommel Strike","floor":6.0},{"not_picked":["Bloodletting","Clash"],"picked":"Twin Strike","floor":8.0},{"not_picked":["Flame Barrier","Inflame"],"picked":"Offering","floor":10.0},{"not_picked":["Heavy Blade","Clash"],"picked":"Sword Boomerang","floor":12.0},{"not_picked":["Dark Embrace","Offering"],"picked":"Demon Form","floor":16.0},{"not_picked":["Clash","Headbutt"],"picked":"Inflame","floor":18.0},{"not_picked":["Anger","Ghostly Armor"],"picked":"Perfected Strike+1","floor":19.0},{"not_picked":["Dropkick","Blood for Blood"],"picked":"Ghostly Armor","floor":20.0},{"not_picked":["True Grit","Feel No Pain"],"picked":"Shockwave","floor":24.0},{"not_picked":["Intimidate","Reckless Charge"],"picked":"Shrug It Off","floor":28.0},{"not_picked":["Flex","Anger","Wild Strike+1"],"picked":"SKIP","floor":29.0},{"not_picked":["Bludgeon","Armaments","Clothesline"],"picked":"SKIP","floor":31.0}],"player_experience":511536,"relics_obtained":[{"floor":6.0,"key":"Art of War"},{"floor":9.0,"key":"Vajra"},{"floor":10.0,"key":"Bag of Preparation"},{"floor":26.0,"key":"Torii"},{"floor":28.0,"key":"Tiny Chest"}],"event_choices":[{"cards_removed":["Strike_R"],"damage_healed":0.0,"max_hp_gain":0.0,"max_hp_loss":0.0,"gold_gain":0.0,"event_name":"The Cleric","player_choice":"Card Removal","floor":2.0,"gold_loss":75.0,"damage_taken":0.0},{"damage_healed":0.0,"max_hp_gain":0.0,"max_hp_loss":0.0,"gold_gain":0.0,"event_name":"FaceTrader","player_choice":"Trade","floor":3.0,"gold_loss":0.0,"damage_taken":0.0,"relics_obtained":["GremlinMask"]},{"damage_healed":0.0,"max_hp_gain":0.0,"max_hp_loss":0.0,"gold_gain":0.0,"event_name":"Scrap Ooze","player_choice":"Fled","floor":13.0,"gold_loss":0.0,"damage_taken":0.0},{"cards_removed":["Strike_R"],"damage_healed":0.0,"max_hp_gain":0.0,"max_hp_loss":0.0,"gold_gain":0.0,"event_name":"Beggar","player_choice":"Gave Gold","floor":21.0,"gold_loss":75.0,"damage_taken":0.0},{"damage_healed":0.0,"max_hp_gain":0.0,"max_hp_loss":0.0,"gold_gain":0.0,"event_name":"Lab","player_choice":"Got Potions","floor":22.0,"gold_loss":0.0,"damage_taken":0.0}],"is_beta":false,"boss_relics":[{"not_picked":["Lizard Tail","Calling Bell"],"picked":"Snecko Eye"}],"items_purged_floors":[30],"is_endless":false,"potions_floor_spawned":[12,16,20,24,28,31],"killed_by":"Collector","ascension_level":17}