{"gold_per_floor":[110,285,108,127,127,157,184,204,204,204,169,203,203,226,226,299,299,319,418,434,709,292,292,322,333,357,369,381,393,420,466,478,566,578,602,157,257,257,268,268,288,288,311,346,446,446,446,95,95,95],"floor_reached":51,"playtime":3325,"items_purged":["Doubt","Regret","Normality","Doubt"],"score":1230,"play_id":"d41fe04d-ac53-463c-8ac2-d993d2088f31","local_time":"20190512192958","is_ascension_mode":true,"campfire_choices":[{"data":"Cloak And Dagger","floor":10.0,"key":"SMITH"},{"data":"Noxious Fumes","floor":13.0,"key":"SMITH"},{"data":"Neutralize","floor":15.0,"key":"SMITH"},{"data":"Dash","floor":23.0,"key":"SMITH"},{"data":"Glass Knife","floor":27.0,"key":"SMITH"},{"data":"Noxious Fumes","floor":32,"key":"SMITH"},{"data":"Catalyst","floor":40,"key":"SMITH"},{"data":"Footwork","floor":42,"key":"SMITH"},{"data":"Panache","floor":46,"key":"SMITH"},{"data":"Blade Dance","floor":49,"key":"SMITH"}],"neow_cost":"NONE","seed_source_timestamp":7633122089958,"circlet_count":0,"master_deck":["AscendersBane","Defend_G","Defend_G","Defend_G","Defend_G+1","Defend_G","Strike_G","Strike_G+1","Strike_G+1","Strike_G","Strike_G","Survivor","Neutralize+1","Cloak And Dagger+1","Quick Slash+1","Dagger Spray","Backflip","Noxious Fumes+1","Glass Knife+1","Well Laid Plans","PiercingWail","Dash+1","Noxious Fumes+1","Corpse Explosion","Noxious Fumes","Panache+1","Catalyst+1","Footwork+1","Caltrops+1","Catalyst+1","Blade Dance+1"],"special_seed":0,"relics":["Ring of the Snake","NeowsBlessing","Dodecahedron","Odd Mushroom","Pantograph","Bag of Preparation","Whetstone","Cursed Key","Shuriken","Juzu Bracelet","MawBank","Tough Bandages","Blood Vial","Coffee Dripper","Omamori","PreservedInsect","Ancient Tea Set","Thread and Needle"],"potions_floor_usage":[33,44,50,50,50],"damage_taken":[{"damage":0.0,"enemies":"Cultist","floor":1.0,"turns":1.0},{"damage":0.0,"enemies":"2 Louse","floor":4.0,"turns":1.0},{"damage":0.0,"enemies":"Gremlin Nob","floor":6.0,"turns":1.0},{"damage":0.0,"enemies":"The Mushroom Lair","floor":7.0,"turns":4.0},{"damage":2.0,"enemies":"Jaw Worm","floor":8.0,"turns":5.0},{"damage":24.0,"enemies":"Lagavulin","floor":12.0,"turns":8.0},{"damage":11.0,"enemies":"The Guardian","floor":16.0,"turns":13.0},{"damage":0.0,"enemies":"Chosen","floor":18.0,"turns":4.0},{"damage":4.0,"enemies":"Shell Parasite","floor":20.0,"turns":4.0},{"damage":10.0,"enemies":"Book of Stabbing","floor":24.0,"turns":6.0},{"damage":5.0,"enemies":"3 Cultists","floor":25.0,"turns":5.0},{"damage":16.0,"enemies":"Shelled Parasite and Fungi","floor":30.0,"turns":5.0},{"damage":13,"enemies":"Gremlin Leader","floor":31,"turns":8},{"damage":27,"enemies":"Champ","floor":33,"turns":11},{"damage":11,"enemies":"Orb Walker","floor":35,"turns":4},{"damage":0,"enemies":"3 Shapes","floor":39,"turns":4},{"damage":2,"enemies":"3 Darklings","floor":41,"turns":3},{"damage":1,"enemies":"Nemesis","floor":44,"turns":5},{"damage":0,"enemies":"Mind Bloom Boss Battle","floor":45,"turns":6},{"damage":49,"enemies":"Donu and Deca","floor":50,"turns":5}],"seed_played":"1125231990043817826","potions_obtained":[{"floor":1.0,"key":"GhostInAJar"},{"floor":12.0,"key":"SmokeBomb"},{"floor":16.0,"key":"Regen Potion"},{"floor":18.0,"key":"Dexterity Potion"},{"floor":24.0,"key":"Dexterity Potion"},{"floor":30.0,"key":"GhostInAJar"},{"floor":31,"key":"GhostInAJar"},{"floor":39,"key":"SpeedPotion"}],"is_trial":false,"path_per_floor":["M","?","$","M","?","E","?","M","T","R","$","E","R","T","R","B",null,"M","?","M","?","$","R","E","M","T","R","?","T","M","E","R","B",null,"M","$","?","?","M","R","M","R","T","E","?","R","?","$","R","B",null],"character_chosen":"THE_SILENT","items_purchased":["Cloak And Dagger","GhostInAJar","Noxious Fumes","Shuriken","Dash","Panache","Omamori","Blade Dance","EntropicBrew","AttackPotion"],"campfire_rested":0,"item_purchase_floors":[3,3,11,22,22,36,36,48,48,48],"current_hp_per_floor":[63,63,63,63,49,49,49,47,47,47,47,23,23,23,23,37,62,70,70,66,66,66,66,56,51,51,51,51,51,35,22,22,22,58,49,49,49,49,51,51,51,51,51,52,70,70,66,66,66,17],"gold":95,"neow_bonus":"THREE_ENEMY_KILL","is_prod":false,"is_daily":false,"chose_seed":false,"campfire_upgraded":10,"win_rate":0,"timestamp":1557707398,"path_taken":["M","?","$","M","?","E","?","M","T","R","$","E","R","?","R","BOSS","M","?","M","?","$","R","E","M","T","R","?","?","M","E","R","BOSS","M","$","?","?","M","R","M","R","T","E","?","R","?","$","R","BOSS"],"build_version":"2019-01-23","purchased_purges":4,"victory":true,"max_hp_per_floor":[70,70,70,70,70,70,70,70,70,70,70,70,70,70,70,70,70,70,70,70,70,70,70,70,70,70,70,70,70,70,70,70,70,70,70,70,70,70,70,70,70,70,70,70,70,70,66,66,66,66],"card_choices":[{"not_picked":["Reflex","Sucker Punch","Deflect"],"picked":"SKIP","floor":1.0},{"not_picked":["Outmaneuver","Flechettes"],"picked":"Quick Slash","floor":4.0},{"not_picked":["Quick Slash","Sucker Punch"],"picked":"Dagger Spray","floor":6.0},{"not_picked":["Flying Knee","Eviscerate"],"picked":"Backflip","floor":8.0},{"not_picked":["Tools of the Trade","Underhanded Strike","Sucker Punch"],"picked":"SKIP","floor":12.0},{"not_picked":["Bullet Time","Storm of Steel"],"picked":"Glass Knife","floor":16.0},{"not_picked":["Choke","Dodge and Roll"],"picked":"Well Laid Plans","floor":18.0},{"not_picked":["Deadly Poison","Underhanded Strike"],"picked":"PiercingWail","floor":20.0},{"not_picked":["Setup","Finisher"],"picked":"Bane","floor":24.0},{"not_picked":["Quick Slash","Accuracy","Backflip"],"picked":"SKIP","floor":25.0},{"not_picked":["Acrobatics","Sucker Punch","Infinite Blades"],"picked":"SKIP","floor":30.0},{"not_picked":["Eviscerate","All Out Attack"],"picked":"Noxious Fumes","floor":31},{"not_picked":["Wraith Form v2","Tools of the Trade"],"picked":"Corpse Explosion","floor":33},{"not_picked":["Dodge and Roll","Terror"],"picked":"Noxious Fumes","floor":35},{"not_picked":["Backstab","Setup+1"],"picked":"Catalyst","floor":39},{"not_picked":["Cloak And Dagger","Calculated Gamble+1"],"picked":"Footwork","floor":41},{"not_picked":["Venomology","Calculated Gamble"],"picked":"Caltrops+1","floor":44},{"not_picked":["Caltrops+1","Acrobatics"],"picked":"Catalyst+1","floor":45}],"player_experience":434445,"relics_obtained":[{"floor":6.0,"key":"Dodecahedron"},{"floor":7.0,"key":"Odd Mushroom"},{"floor":9.0,"key":"Pantograph"},{"floor":12.0,"key":"Bag of Preparation"},{"floor":14.0,"key":"Whetstone"},{"floor":24.0,"key":"Juzu Bracelet"},{"floor":26.0,"key":"MawBank"},{"floor":29.0,"key":"Tough Bandages"},{"floor":31,"key":"Blood Vial"},{"floor":43,"key":"PreservedInsect"},{"floor":44,"key":"Ancient Tea Set"},{"floor":45,"key":"Thread and Needle"}],"event_choices":[{"damage_healed":0.0,"max_hp_gain":0.0,"max_hp_loss":0.0,"gold_gain":175.0,"event_name":"Liars Game","player_choice":"AGREE","floor":2.0,"gold_loss":0.0,"damage_taken":0.0,"cards_obtained":["Doubt"]},{"damage_healed":0.0,"max_hp_gain":0.0,"max_hp_loss":0.0,"gold_gain":0.0,"event_name":"Shining Light","player_choice":"Entered Light","floor":5.0,"gold_loss":0.0,"damage_taken":14.0,"cards_upgraded":["Defend_G","Strike_G"]},{"damage_healed":0.0,"max_hp_gain":0.0,"max_hp_loss":0.0,"gold_gain":0.0,"event_name":"Mushrooms","player_choice":"Fought Mushrooms","floor":7.0,"gold_loss":0.0,"damage_taken":0.0},{"damage_healed":0.0,"max_hp_gain":0.0,"max_hp_loss":0.0,"gold_gain":99.0,"event_name":"Nest","player_choice":"Stole From Cult","floor":19.0,"gold_loss":0.0,"damage_taken":0.0},{"damage_healed":0.0,"max_hp_gain":0.0,"max_hp_loss":0.0,"gold_gain":275.0,"event_name":"Golden Shrine","player_choice":"Desecrate","floor":21.0,"gold_loss":0.0,"damage_taken":0.0,"cards_obtained":["Regret"]},{"damage_healed":0.0,"max_hp_gain":0.0,"max_hp_loss":0.0,"gold_gain":0.0,"event_name":"Cursed Tome","player_choice":"Ignored","floor":28.0,"gold_loss":0.0,"damage_taken":0.0},{"damage_healed":0,"gold_gain":100,"player_choice":"Pray","damage_taken":0,"max_hp_gain":0,"max_hp_loss":0,"event_name":"Golden Shrine","floor":37,"gold_loss":0},{"cards_removed":["Bane"],"damage_healed":0,"gold_gain":0,"player_choice":"Removed Attack","damage_taken":0,"max_hp_gain":0,"max_hp_loss":0,"event_name":"Falling","floor":38,"gold_loss":0},{"damage_healed":0,"gold_gain":0,"player_choice":"Fight","damage_taken":0,"max_hp_gain":0,"max_hp_loss":0,"event_name":"MindBloom","floor":45,"gold_loss":0},{"damage_healed":0,"gold_gain":0,"player_choice":"Max HP","damage_taken":0,"max_hp_gain":0,"max_hp_loss":4,"event_name":"Winding Halls","floor":47,"gold_loss":0}],"is_beta":false,"boss_relics":[{"not_picked":["Sozu","Runic Dome"],"picked":"Cursed Key"},{"not_picked":["White Beast Statue","HoveringKite"],"picked":"Coffee Dripper"}],"items_purged_floors":[3,22,36,48],"is_endless":false,"potions_floor_spawned":[1,6,12,16,18,24,30,31,39],"ascension_level":13}