{"gold_per_floor":[113,188,188,202,24,54,54,69,69,69,30,30,44,58,58,135,135,135,135,60,60,33,33,33,33,33,33,33,33,33,33,33,33,33,33,33,33,33,33,33,33,33,33,33,33,33,33,33,33,33],"floor_reached":51,"playtime":5007,"items_purged":["Strike_G"],"score":1173,"play_id":"f51985dc-8e9a-43f8-af17-fcf775d17c82","local_time":"20190518174739","is_ascension_mode":true,"campfire_choices":[{"data":"Cloak And Dagger","floor":10.0,"key":"SMITH"},{"data":"Accuracy","floor":12.0,"key":"SMITH"},{"data":"Dagger Spray","floor":15.0,"key":"SMITH"},{"data":"Cloak And Dagger","floor":24.0,"key":"SMITH"},{"data":"Blade Dance","floor":27.0,"key":"SMITH"},{"data":"Leg Sweep","floor":32.0,"key":"SMITH"},{"data":"Footwork","floor":42,"key":"SMITH"},{"data":"Leg Sweep","floor":44,"key":"SMITH"},{"data":"Noxious Fumes","floor":46,"key":"SMITH"},{"floor":49,"key":"REST"}],"neow_cost":"NONE","seed_source_timestamp":0,"circlet_count":0,"master_deck":["AscendersBane","Defend_G+1","Defend_G+1","Defend_G+1","Defend_G+1","Defend_G+1","Strike_G+1","Strike_G+1","Strike_G+1","Strike_G+1","Survivor","Neutralize+1","Blade Dance+1","Well Laid Plans","Deadly Poison","PiercingWail","Cloak And Dagger+1","Accuracy+1","Leg Sweep+1","Dagger Spray+1","Die Die Die","Prepared+1","Blur","Cloak And Dagger+1","Deadly Poison","Leg Sweep+1","Malaise","Quick Slash+1","Footwork+1","Calculated Gamble","Noxious Fumes+1","Backflip+1"],"special_seed":0,"relics":["Ring of the Snake","NeowsBlessing","PreservedInsect","Regal Pillow","Mercury Hourglass","Ectoplasm","Shuriken","Bag of Marbles","White Beast Statue","Thread and Needle","MawBank","Ornamental Fan"],"potions_floor_usage":[40,47,48,50,50],"damage_taken":[{"damage":0.0,"enemies":"Jaw Worm","floor":1.0,"turns":1.0},{"damage":0.0,"enemies":"2 Louse","floor":4.0,"turns":1.0},{"damage":0.0,"enemies":"Lagavulin","floor":6.0,"turns":1.0},{"damage":0.0,"enemies":"Cultist","floor":8.0,"turns":4.0},{"damage":1.0,"enemies":"3 Louse","floor":13.0,"turns":2.0},{"damage":8.0,"enemies":"Large Slime","floor":14.0,"turns":7.0},{"damage":12.0,"enemies":"Hexaghost","floor":16.0,"turns":10.0},{"damage":0.0,"enemies":"Spheric Guardian","floor":18.0,"turns":3.0},{"damage":4.0,"enemies":"Chosen","floor":19.0,"turns":5.0},{"damage":5.0,"enemies":"Snake Plant","floor":21.0,"turns":5.0},{"damage":6.0,"enemies":"Book of Stabbing","floor":25.0,"turns":4.0},{"damage":1.0,"enemies":"Shelled Parasite and Fungi","floor":28.0,"turns":5.0},{"damage":0.0,"enemies":"Centurion and Healer","floor":30.0,"turns":8.0},{"damage":42.0,"enemies":"Collector","floor":33.0,"turns":13.0},{"damage":6.0,"enemies":"3 Shapes","floor":35.0,"turns":6.0},{"damage":0.0,"enemies":"Orb Walker","floor":38.0,"turns":5.0},{"damage":2.0,"enemies":"Mind Bloom Boss Battle","floor":39.0,"turns":8.0},{"damage":14,"enemies":"Reptomancer","floor":40,"turns":7},{"damage":0,"enemies":"Transient","floor":45,"turns":5},{"damage":15,"enemies":"Sphere and 2 Shapes","floor":47,"turns":5},{"damage":6,"enemies":"Spire Growth","floor":48,"turns":5},{"damage":45,"enemies":"Time Eater","floor":50,"turns":18}],"seed_played":"-7627833613269551907","potions_obtained":[{"floor":1.0,"key":"Fruit Juice"},{"floor":4.0,"key":"SteroidPotion"},{"floor":16.0,"key":"EssenceOfSteel"},{"floor":19.0,"key":"Fire Potion"},{"floor":21.0,"key":"SkillPotion"},{"floor":25.0,"key":"Regen Potion"},{"floor":35.0,"key":"GhostInAJar"},{"floor":38.0,"key":"PowerPotion"},{"floor":40,"key":"Explosive Potion"},{"floor":47,"key":"Regen Potion"},{"floor":48,"key":"Block Potion"}],"is_trial":false,"path_per_floor":["M","?","?","M","$","E","?","M","T","R","$","R","M","M","R","B",null,"M","M","$","M","$","?","R","E","T","R","M","?","M","?","R","B",null,"M","?","$","M","?","E","?","R","T","R","M","R","M","M","R","B",null],"character_chosen":"THE_SILENT","items_purchased":["Deadly Poison","PreservedInsect","Accuracy","Deadly Poison"],"campfire_rested":1,"item_purchase_floors":[5,5,11,22],"current_hp_per_floor":[59,48,48,53,53,53,53,53,53,53,53,53,52,44,44,32,61,61,57,57,52,52,52,52,46,46,46,59,59,59,59,59,17,58,52,52,52,52,50,36,36,36,36,36,36,36,21,29,64,19],"gold":33,"neow_bonus":"THREE_ENEMY_KILL","is_prod":false,"is_daily":false,"chose_seed":false,"campfire_upgraded":9,"win_rate":0,"timestamp":1558219659,"path_taken":["M","?","?","?","$","E","?","M","T","R","$","R","M","M","R","BOSS","M","M","$","M","$","?","R","E","T","R","M","?","M","?","R","BOSS","M","?","$","M","?","E","?","R","T","R","M","R","M","M","R","BOSS"],"build_version":"2019-01-23","purchased_purges":1,"victory":true,"max_hp_per_floor":[66,66,66,71,71,71,71,71,71,71,71,71,71,71,71,71,71,71,71,71,71,71,71,71,71,71,71,71,71,71,71,71,71,71,71,71,71,71,71,71,67,67,67,67,67,67,67,67,67,67],"card_choices":[{"not_picked":["Expertise","Sucker Punch"],"picked":"Blade Dance","floor":1.0},{"not_picked":["Heel Hook","Dagger Throw"],"picked":"Well Laid Plans","floor":4.0},{"not_picked":["Tactician","Flying Knee"],"picked":"PiercingWail","floor":6.0},{"not_picked":["Backflip","Calculated Gamble"],"picked":"Cloak And Dagger","floor":8.0},{"not_picked":["Dagger Spray","Acrobatics"],"picked":"Leg Sweep","floor":13.0},{"not_picked":["Tools of the Trade","Deadly Poison"],"picked":"Dagger Spray","floor":14.0},{"not_picked":["A Thousand Cuts","Night Terror"],"picked":"Die Die Die","floor":16.0},{"not_picked":["Dagger Spray","Dash"],"picked":"Prepared+1","floor":18.0},{"not_picked":["Terror","Well Laid Plans"],"picked":"Blur","floor":19.0},{"not_picked":["Well Laid Plans","Dagger Throw+1"],"picked":"Cloak And Dagger","floor":21.0},{"not_picked":["Choke+1","Endless Agony"],"picked":"Leg Sweep","floor":25.0},{"not_picked":["Slice","Dagger Throw","Finisher+1"],"picked":"SKIP","floor":28.0},{"not_picked":["Dagger Throw","Masterful Stab","Outmaneuver"],"picked":"SKIP","floor":30.0},{"not_picked":["Bullet Time","Wraith Form v2"],"picked":"Malaise","floor":33.0},{"not_picked":["Quick Slash+1","Flying Knee","Slice"],"picked":"SKIP","floor":35.0},{"not_picked":["Flying Knee","Slice"],"picked":"Quick Slash+1","floor":35.0},{"not_picked":["Deflect","Deadly Poison"],"picked":"Footwork","floor":38.0},{"not_picked":["Prepared","Venomology"],"picked":"Calculated Gamble","floor":40},{"not_picked":["Blade Dance","Bane"],"picked":"Noxious Fumes","floor":45},{"not_picked":["Flying Knee","Catalyst"],"picked":"Backflip+1","floor":47},{"not_picked":["Acrobatics","Dagger Spray","Deadly Poison"],"picked":"SKIP","floor":48}],"player_experience":446997,"relics_obtained":[{"floor":6.0,"key":"Regal Pillow"},{"floor":9.0,"key":"Mercury Hourglass"},{"floor":25.0,"key":"Shuriken"},{"floor":26.0,"key":"Bag of Marbles"},{"floor":39.0,"key":"Thread and Needle"},{"floor":40,"key":"MawBank"},{"floor":43,"key":"Ornamental Fan"}],"event_choices":[{"damage_healed":0.0,"max_hp_gain":0.0,"max_hp_loss":0.0,"gold_gain":75.0,"event_name":"World of Goop","player_choice":"Gather Gold","floor":2.0,"gold_loss":0.0,"damage_taken":11.0},{"damage_healed":0.0,"max_hp_gain":0.0,"max_hp_loss":0.0,"gold_gain":0.0,"event_name":"Upgrade Shrine","player_choice":"Upgraded","floor":3.0,"gold_loss":0.0,"damage_taken":0.0,"cards_upgraded":["Neutralize"]},{"damage_healed":0.0,"max_hp_gain":0.0,"max_hp_loss":0.0,"gold_gain":0.0,"event_name":"Scrap Ooze","player_choice":"Fled","floor":7.0,"gold_loss":0.0,"damage_taken":0.0},{"damage_healed":0.0,"max_hp_gain":0.0,"max_hp_loss":0.0,"gold_gain":0.0,"event_name":"Back to Basics","player_choice":"Simplicity","floor":23.0,"gold_loss":0.0,"damage_taken":0.0,"cards_upgraded":["Defend_G","Defend_G","Defend_G","Defend_G","Defend_G","Strike_G","Strike_G","Strike_G","Strike_G"]},{"damage_healed":0.0,"max_hp_gain":0.0,"max_hp_loss":0.0,"gold_gain":0.0,"event_name":"Beggar","player_choice":"Ignored","floor":29.0,"gold_loss":0.0,"damage_taken":0.0},{"damage_healed":0.0,"max_hp_gain":0.0,"max_hp_loss":0.0,"gold_gain":0.0,"event_name":"Cursed Tome","player_choice":"Ignored","floor":31.0,"gold_loss":0.0,"damage_taken":0.0},{"damage_healed":0.0,"max_hp_gain":0.0,"max_hp_loss":0.0,"gold_gain":0.0,"event_name":"Mysterious Sphere","player_choice":"Ignored","floor":36.0,"gold_loss":0.0,"damage_taken":0.0},{"damage_healed":0.0,"max_hp_gain":0.0,"max_hp_loss":0.0,"gold_gain":0.0,"event_name":"MindBloom","player_choice":"Fight","floor":39.0,"gold_loss":0.0,"damage_taken":0.0},{"damage_healed":0,"gold_gain":0,"player_choice":"Max HP","damage_taken":0,"max_hp_gain":0,"max_hp_loss":4,"event_name":"Winding Halls","floor":41,"gold_loss":0}],"is_beta":false,"boss_relics":[{"not_picked":["Runic Dome","Black Star"],"picked":"Ectoplasm"},{"not_picked":["Coffee Dripper","HoveringKite"],"picked":"White Beast Statue"}],"items_purged_floors":[20],"is_endless":false,"potions_floor_spawned":[1,4,16,19,21,25,35,38,39,40,45,47,48],"ascension_level":15}