{"gold_per_floor":[114,189,189,221,408,449,461,492,528,552,564,9,9,27,27,122,122,133,144,44,62,62,62,88,100,147,174,174,202,202,217,217,317,317,331,351,42,142,188,188,215,53,53,64,0,0,12,24,24,24],"floor_reached":51,"playtime":4669,"items_purged":["Regret","Doubt"],"score":796,"play_id":"17fa0933-26d7-4036-aead-619dac0b478f","local_time":"20190608210858","is_ascension_mode":true,"campfire_choices":[{"data":"Shrug It Off","floor":7,"key":"SMITH"},{"data":"Dark Shackles","floor":13,"key":"SMITH"},{"floor":15,"key":"REST"},{"data":"Seeing Red","floor":23,"key":"SMITH"},{"floor":30,"key":"REST"},{"floor":32,"key":"REST"},{"floor":40,"key":"REST"},{"floor":46,"key":"REST"},{"floor":49,"key":"REST"}],"neow_cost":"NONE","seed_source_timestamp":2058494239092882,"circlet_count":0,"master_deck":["Strike_R","Strike_R","Strike_R","Strike_R","Strike_R","Defend_R","Defend_R","Defend_R","Defend_R","Bash","Thunderclap","Pummel","Shrug It Off+1","Iron Wave","Spot Weakness+1","Spot Weakness","The Bomb+1","Dark Shackles+1","Dark Embrace+1","Demon Form+1","Heavy Blade+1","Burning Pact+1","Seeing Red+1","Writhe","Perfected Strike+1","Infernal Blade","Sword Boomerang+1","Iron Wave","Flex+1","Armaments+1","Offering","Double Tap","Uppercut+1","Thunderclap+1","Pummel+1","Flex","Flex+1","Rage+1","Secret Weapon","Pommel Strike","Heavy Blade+1","Shrug It Off","Offering","Heavy Blade+1"],"relics":["Burning Blood","NeowsBlessing","MawBank","Question Card","Red Skull","Frozen Egg 2","PreservedInsect","Sozu","War Paint","Dream Catcher","Regal Pillow","Ancient Tea Set","Sundial","Letter Opener","Mark of Pain","Centennial Puzzle","Oddly Smooth Stone","Pocketwatch","Girya","Orichalcum","Shuriken","Red Mask"],"potions_floor_usage":[16,16,16,24],"damage_taken":[{"damage":0,"enemies":"Small Slimes","floor":1,"turns":1},{"damage":0,"enemies":"2 Louse","floor":4,"turns":1},{"damage":0,"enemies":"Gremlin Nob","floor":6,"turns":1},{"damage":11,"enemies":"Jaw Worm","floor":8,"turns":4},{"damage":16,"enemies":"Blue Slaver","floor":10,"turns":5},{"damage":6,"enemies":"Large Slime","floor":14,"turns":4},{"damage":36,"enemies":"The Guardian","floor":16,"turns":11},{"damage":5,"enemies":"3 Byrds","floor":18,"turns":3},{"damage":21,"enemies":"Spheric Guardian","floor":19,"turns":4},{"damage":8,"enemies":"Centurion and Healer","floor":21,"turns":4},{"damage":7,"enemies":"Book of Stabbing","floor":24,"turns":4},{"damage":10,"enemies":"Snake Plant","floor":25,"turns":4},{"damage":34,"enemies":"Gremlin Leader","floor":27,"turns":3},{"damage":19,"enemies":"Book of Stabbing","floor":29,"turns":4},{"damage":10,"enemies":"Cultist and Chosen","floor":31,"turns":3},{"damage":74,"enemies":"Automaton","floor":33,"turns":8},{"damage":37,"enemies":"3 Darklings","floor":35,"turns":6},{"damage":18,"enemies":"Orb Walker","floor":36,"turns":4},{"damage":0,"enemies":"Mind Bloom Boss Battle","floor":38,"turns":5},{"damage":21,"enemies":"2 Orb Walkers","floor":39,"turns":2},{"damage":31,"enemies":"Giant Head","floor":41,"turns":6},{"damage":16,"enemies":"Spire Growth","floor":44,"turns":3},{"damage":23,"enemies":"3 Darklings","floor":47,"turns":4},{"damage":7,"enemies":"Transient","floor":48,"turns":5},{"damage":73,"enemies":"Time Eater","floor":50,"turns":7}],"seed_played":"8549805792108264181","potions_obtained":[{"floor":4,"key":"Poison Potion"},{"floor":6,"key":"Dexterity Potion"},{"floor":8,"key":"Weak Potion"},{"floor":16,"key":"Dexterity Potion"}],"is_trial":false,"path_per_floor":["M","?","?","M","?","E","R","M","T","M","?","$","R","M","R","B",null,"M","M","$","M","?","R","E","M","T","E","T","E","R","M","R","B",null,"M","M","$","?","?","R","E","$","T","M","?","R","M","M","R","B",null],"character_chosen":"IRONCLAD","items_purchased":["Spot Weakness","The Bomb","PreservedInsect","Dark Shackles","Centennial Puzzle","Oddly Smooth Stone","Secret Weapon"],"campfire_rested":6,"item_purchase_floors":[12,12,12,12,37,37,42],"current_hp_per_floor":[80,69,69,75,75,80,80,75,75,65,53,53,53,53,77,47,80,80,65,65,63,63,63,62,58,58,30,30,17,56,52,80,12,80,49,37,37,43,28,67,42,42,42,32,32,71,54,53,80,13],"gold":24,"neow_bonus":"THREE_ENEMY_KILL","is_prod":false,"is_daily":false,"chose_seed":false,"campfire_upgraded":3,"win_rate":0,"timestamp":1560020938,"path_taken":["M","?","?","M","?","E","R","M","T","?","?","$","R","M","R","BOSS","M","M","$","M","?","R","E","M","T","E","?","E","R","?","R","BOSS","M","M","$","?","?","R","E","$","T","M","?","R","M","?","R","BOSS"],"build_version":"2019-01-23","purchased_purges":2,"victory":true,"max_hp_per_floor":[80,80,80,80,80,80,80,80,80,80,80,80,80,80,80,80,80,80,80,80,80,80,80,80,80,80,80,80,80,80,80,80,80,80,80,80,80,80,80,80,80,80,80,80,80,80,80,80,80,80],"card_choices":[{"not_picked":["Anger","Uppercut"],"picked":"Thunderclap","floor":1},{"not_picked":["Carnage","Twin Strike"],"picked":"Pummel","floor":4},{"not_picked":["Reckless Charge","Sword Boomerang"],"picked":"Shrug It Off","floor":6},{"not_picked":["Hemokinesis","Clash","Heavy Blade"],"picked":"Iron Wave","floor":8},{"not_picked":["Clash","Twin Strike","Whirlwind"],"picked":"Spot Weakness","floor":10},{"not_picked":["Thunderclap","True Grit","Body Slam"],"picked":"Dark Embrace+1","floor":14},{"not_picked":["Fiend Fire","Bludgeon","Offering"],"picked":"Demon Form+1","floor":16},{"not_picked":["Shrug It Off","Clash","Sword Boomerang+1"],"picked":"Heavy Blade+1","floor":18},{"not_picked":["Intimidate","Warcry","Anger"],"picked":"Burning Pact+1","floor":19},{"not_picked":["True Grit","Iron Wave","Feel No Pain+1"],"picked":"Seeing Red","floor":21},{"not_picked":["Body Slam","Fire Breathing+1","Rupture+1"],"picked":"Perfected Strike+1","floor":24},{"not_picked":["Anger","Reckless Charge+1","Heavy Blade"],"picked":"Infernal Blade","floor":25},{"not_picked":["Dropkick","Clothesline","Immolate"],"picked":"Sword Boomerang+1","floor":27},{"not_picked":["Juggernaut+1","Flame Barrier","Rampage"],"picked":"Iron Wave","floor":29},{"not_picked":["Wild Strike","Power Through","Cleave+1"],"picked":"Flex+1","floor":30},{"not_picked":["Clothesline+1","Body Slam+1","Heavy Blade"],"picked":"Armaments+1","floor":31},{"not_picked":["Clash","Warcry","Armaments"],"picked":"Offering","floor":32},{"not_picked":["Impervious","Fiend Fire","Barricade+1"],"picked":"Double Tap","floor":33},{"not_picked":["Hemokinesis","Clothesline","Headbutt+1"],"picked":"Uppercut+1","floor":35},{"not_picked":["Feel No Pain+1","Cleave","Body Slam+1"],"picked":"Thunderclap+1","floor":36},{"not_picked":["Entrench","Warcry","Brutality+1"],"picked":"Pummel+1","floor":38},{"not_picked":["Blood for Blood","Sword Boomerang","Bloodletting"],"picked":"Flex","floor":39},{"not_picked":["Headbutt","Anger+1","Second Wind"],"picked":"Flex+1","floor":40},{"not_picked":["Headbutt","Pummel","Twin Strike"],"picked":"Rage+1","floor":41},{"not_picked":["Shockwave","Sword Boomerang","Perfected Strike"],"picked":"Pommel Strike","floor":44},{"not_picked":["Clash","Fire Breathing+1","Cleave"],"picked":"Heavy Blade+1","floor":46},{"not_picked":["Body Slam","True Grit+1","Wild Strike"],"picked":"Shrug It Off","floor":47},{"not_picked":["Warcry","Whirlwind","Pommel Strike+1"],"picked":"Offering","floor":48},{"not_picked":["Clothesline","Thunderclap+1","Intimidate"],"picked":"Heavy Blade+1","floor":49}],"player_experience":60826,"relics_obtained":[{"floor":6,"key":"Question Card"},{"floor":9,"key":"Red Skull"},{"floor":24,"key":"Dream Catcher"},{"floor":26,"key":"Regal Pillow"},{"floor":27,"key":"Ancient Tea Set"},{"floor":28,"key":"Sundial"},{"floor":29,"key":"Letter Opener"},{"floor":38,"key":"Pocketwatch"},{"floor":39,"key":"Girya"},{"floor":41,"key":"Orichalcum"},{"floor":43,"key":"Shuriken"}],"event_choices":[{"damage_healed":0,"gold_gain":75,"player_choice":"Gather Gold","damage_taken":11,"max_hp_gain":0,"max_hp_loss":0,"event_name":"World of Goop","floor":2,"gold_loss":0},{"damage_healed":0,"gold_gain":0,"player_choice":"Box","damage_taken":0,"relics_obtained":["MawBank"],"max_hp_gain":0,"max_hp_loss":0,"event_name":"Big Fish","floor":3,"gold_loss":0,"cards_obtained":["Regret"]},{"damage_healed":0,"gold_gain":175,"player_choice":"AGREE","damage_taken":0,"max_hp_gain":0,"max_hp_loss":0,"event_name":"Liars Game","floor":5,"gold_loss":0,"cards_obtained":["Doubt"]},{"damage_healed":0,"gold_gain":0,"player_choice":"Success","damage_taken":12,"relics_obtained":["Frozen Egg 2"],"max_hp_gain":0,"max_hp_loss":0,"event_name":"Scrap Ooze","floor":11,"gold_loss":0},{"damage_healed":0,"gold_gain":0,"player_choice":"Opened","damage_taken":0,"relics_obtained":["War Paint"],"max_hp_gain":0,"max_hp_loss":0,"event_name":"The Mausoleum","floor":22,"gold_loss":0,"cards_obtained":["Writhe"]},{"damage_healed":0,"gold_gain":0,"player_choice":"Fight","damage_taken":0,"max_hp_gain":0,"max_hp_loss":0,"event_name":"MindBloom","floor":38,"gold_loss":0},{"damage_healed":0,"gold_gain":0,"player_choice":"Fight","damage_taken":0,"max_hp_gain":0,"max_hp_loss":0,"event_name":"Mysterious Sphere","floor":39,"gold_loss":0},{"damage_healed":0,"gold_gain":0,"player_choice":"Paid","damage_taken":0,"relics_obtained":["Red Mask"],"max_hp_gain":0,"max_hp_loss":0,"event_name":"Tomb of Lord Red Mask","floor":45,"gold_loss":64}],"is_beta":false,"boss_relics":[{"not_picked":["Runic Pyramid","White Beast Statue"],"picked":"Sozu"},{"not_picked":["Cursed Key","Runic Dome"],"picked":"Mark of Pain"}],"items_purged_floors":[12,20],"is_endless":false,"potions_floor_spawned":[4,6,8,10,16,21,25,33,38,44,47],"ascension_level":1}