{"path_per_floor":["M","M","?","M","?","E","M","R","T","M","?","R","M","E","R","B",null,"M","$","M","$","M","R","M","E","T","M","M","?","R","M","R"],"character_chosen":"DEFECT","items_purchased":["Apotheosis","White Noise"],"gold_per_floor":[109,128,203,214,214,244,263,263,263,279,244,244,264,289,289,394,394,411,127,137,66,76,76,87,119,119,132,146,146,146,157,157,157],"floor_reached":33,"campfire_rested":2,"playtime":1734,"item_purchase_floors":[19,21],"current_hp_per_floor":[74,73,62,62,55,19,15,15,15,22,40,62,56,57,57,26,75,66,66,60,60,40,40,41,37,37,25,14,14,25,37,37,0],"items_purged":["Strike_B"],"gold":157,"score":306,"play_id":"559638ad-84bf-4974-b18b-3ad2eaa10990","local_time":"20180603172334","is_prod":false,"is_daily":false,"chose_seed":false,"is_ascension_mode":false,"campfire_upgraded":2,"win_rate":0.0,"timestamp":1528017814,"campfire_choices":[{"data":"Zap","floor":8,"key":"SMITH"},{"floor":12,"key":"REST"},{"floor":15,"key":"DIG"},{"data":"Apotheosis","floor":23,"key":"SMITH"},{"floor":30,"key":"REST"},{"floor":32,"key":"DIG"}],"path_taken":["M","M","?","M","?","E","?","R","T","M","?","R","M","E","R","BOSS","M","$","M","$","M","R","M","E","T","M","?","?","R","M","R","BOSS"],"build_version":"2018-05-31","seed_source_timestamp":1311065109990584,"purchased_purges":1,"victory":false,"master_deck":["Strike_B","Strike_B","Defend_B","Defend_B","Defend_B","Defend_B","Zap+1","Dualcast","Steam","Glacier","Self Repair","Beam Cell","Storm","Coolheaded","Force Field","Redo","Electrodynamics","Chill+1","Apotheosis+1","Static Discharge","White Noise","Streamline+1","Capacitor+1","Ghostly","Ghostly","Ghostly","Ghostly","Ghostly"],"max_hp_per_floor":[75,75,75,75,75,75,75,75,75,75,75,75,75,75,75,75,75,75,75,75,75,75,75,75,75,75,75,75,37,37,37,37,37],"relics":["Cracked Core","Bronze Scales","Matryoshka","Shovel","Pen Nib","Velvet Choker","Happy Flower","Kunai","Bottled Tornado","Ancient Tea Set"],"card_choices":[{"not_picked":["Stack","Hello World"],"picked":"Steam","floor":1},{"not_picked":["Ball Lightning","Cold Snap"],"picked":"Glacier","floor":2},{"not_picked":["Steam","Rebound"],"picked":"Self Repair","floor":4},{"not_picked":["Rip and Tear","Aggregate"],"picked":"Beam Cell","floor":6},{"not_picked":["Barrage","Amplify"],"picked":"Storm","floor":7},{"not_picked":["Sweeping Beam","Beam Cell"],"picked":"Coolheaded","floor":10},{"not_picked":["Redo","Chaos"],"picked":"Force Field","floor":13},{"not_picked":["Multi-Cast","Darkness"],"picked":"Redo","floor":14},{"not_picked":["Biased Cognition","Buffer"],"picked":"Electrodynamics","floor":16},{"not_picked":["Consume+1","Streamline+1"],"picked":"Chill+1","floor":18},{"not_picked":["Stack","Hello World"],"picked":"Static Discharge","floor":20},{"not_picked":["Go for the Eyes","Hologram+1","Leap"],"picked":"SKIP","floor":22},{"not_picked":["All For One","Go for the Eyes+1","Barrage"],"picked":"SKIP","floor":24},{"not_picked":["Rebound","Barrage"],"picked":"Streamline+1","floor":25},{"not_picked":["Force Field","Rebound"],"picked":"Capacitor+1","floor":27},{"not_picked":["Gash+1","Beam Cell","Melter+1"],"picked":"SKIP","floor":28},{"not_picked":["Steam Power+1","Redo","Hologram"],"picked":"SKIP","floor":31}],"player_experience":66398,"potions_floor_usage":[6,14,27,28,33],"damage_taken":[{"damage":1,"enemies":"2 Louse","floor":1,"turns":2},{"damage":1,"enemies":"Jaw Worm","floor":2,"turns":3},{"damage":0,"enemies":"Cultist","floor":4,"turns":3},{"damage":43,"enemies":"Gremlin Nob","floor":6,"turns":6},{"damage":11,"enemies":"2 Fungi Beasts","floor":7,"turns":3},{"damage":0,"enemies":"Blue Slaver","floor":10,"turns":3},{"damage":13,"enemies":"Lots of Slimes","floor":13,"turns":3},{"damage":6,"enemies":"3 Sentries","floor":14,"turns":6},{"damage":38,"enemies":"Slime Boss","floor":16,"turns":18},{"damage":16,"enemies":"Chosen","floor":18,"turns":5},{"damage":13,"enemies":"2 Thieves","floor":20,"turns":3},{"damage":27,"enemies":"Cultist and Chosen","floor":22,"turns":6},{"damage":9,"enemies":"Centurion and Healer","floor":24,"turns":5},{"damage":11,"enemies":"Book of Stabbing","floor":25,"turns":5},{"damage":19,"enemies":"Snake Plant","floor":27,"turns":3},{"damage":18,"enemies":"Chosen and Byrds","floor":28,"turns":7},{"damage":0,"enemies":"Centurion and Healer","floor":31,"turns":5},{"damage":38,"enemies":"Champ","floor":33,"turns":14}],"relics_obtained":[{"floor":6,"key":"Bronze Scales"},{"floor":9,"key":"Matryoshka"},{"floor":14,"key":"Shovel"},{"floor":15,"key":"Pen Nib"},{"floor":25,"key":"Happy Flower"},{"floor":26,"key":"Kunai"},{"floor":26,"key":"Bottled Tornado"},{"floor":32,"key":"Ancient Tea Set"}],"event_choices":[{"event_name":"World of Goop","player_choice":"Gather Gold","floor":3,"damage_taken":0},{"event_name":"Golden Wing","player_choice":"Card Removal","floor":5,"damage_taken":0},{"event_name":"The Cleric","player_choice":"Healed","floor":11,"damage_taken":0},{"event_name":"Ghosts","player_choice":"Became a Ghost","floor":29,"damage_taken":0}],"boss_relics":[{"not_picked":["Lizard Tail","Cursed Key"],"picked":"Velvet Choker"}],"items_purged_floors":[19],"potions_floor_spawned":[2,4,6,13,18,20,25,28],"seed_played":"-590734645681536822","killed_by":"Champ","ascension_level":0,"potions_obtained":[{"floor":2,"key":"FearPotion"},{"floor":4,"key":"GamblersBrew"},{"floor":6,"key":"Fire Potion"},{"floor":13,"key":"GamblersBrew"},{"floor":18,"key":"GamblersBrew"},{"floor":20,"key":"Block Potion"},{"floor":28,"key":"LiquidBronze"}],"is_trial":false}