{"gold_per_floor":[114,114,126,25,25,50,69,79,102,102,132,132,149,149,149,225,225,239,258,271,196,28,58,58,58,58,90,103,18,44,44,44,44],"floor_reached":33,"playtime":1303,"items_purged":[],"score":625,"play_id":"642b8ef1-8779-424b-b3ea-614aeac08e9c","local_time":"20190530185108","is_ascension_mode":true,"campfire_choices":[{"data":"Perfected Strike","floor":10.0,"key":"SMITH"},{"data":"Shockwave","floor":12.0,"key":"SMITH"},{"data":"Rage","floor":15.0,"key":"SMITH"},{"data":"Perfected Strike","floor":25.0,"key":"SMITH"},{"floor":32,"key":"REST"}],"neow_cost":"NONE","seed_source_timestamp":1055286766981278,"circlet_count":0,"master_deck":["AscendersBane","Strike_R","Strike_R+1","Strike_R","Strike_R","Strike_R","Defend_R","Defend_R","Defend_R","Bash+1","Sword Boomerang","Pommel Strike+1","PanicButton","Perfected Strike+1","Shockwave+1","Cleave","Rage+1","Reaper","Shrug It Off","Pommel Strike+1","Perfected Strike+1","True Grit","Shrug It Off","Dark Shackles","Combust","Corruption","Metallicize+1","Metallicize"],"special_seed":0,"relics":["Burning Blood","NeowsBlessing","Vajra","Anchor","Whetstone","Lizard Tail","Toxic Egg 2","Du-Vu Doll","Bag of Preparation","Meat on the Bone","Orichalcum"],"potions_floor_usage":[27,28,33],"damage_taken":[{"damage":0.0,"enemies":"Jaw Worm","floor":1.0,"turns":1.0},{"damage":0.0,"enemies":"Small Slimes","floor":3.0,"turns":1.0},{"damage":0.0,"enemies":"Gremlin Nob","floor":6.0,"turns":1.0},{"damage":9.0,"enemies":"2 Louse","floor":7.0,"turns":2.0},{"damage":6.0,"enemies":"Looter","floor":8.0,"turns":2.0},{"damage":20.0,"enemies":"3 Sentries","floor":11.0,"turns":6.0},{"damage":5.0,"enemies":"Large Slime","floor":13.0,"turns":4.0},{"damage":16.0,"enemies":"Slime Boss","floor":16.0,"turns":8.0},{"damage":12.0,"enemies":"2 Thieves","floor":18.0,"turns":3.0},{"damage":0.0,"enemies":"Chosen","floor":19.0,"turns":5.0},{"damage":11.0,"enemies":"Snake Plant","floor":20.0,"turns":4.0},{"damage":24.0,"enemies":"Slavers","floor":23.0,"turns":6.0},{"damage":36,"enemies":"Book of Stabbing","floor":27,"turns":5},{"damage":8,"enemies":"Snecko","floor":28,"turns":4},{"damage":36,"enemies":"Slavers","floor":30,"turns":6},{"damage":111,"enemies":"Champ","floor":33,"turns":13}],"seed_played":"33161233723453423","potions_obtained":[{"floor":3.0,"key":"SkillPotion"},{"floor":11.0,"key":"Block Potion"},{"floor":16.0,"key":"Strength Potion"},{"floor":20.0,"key":"Ancient Potion"},{"floor":30,"key":"Fire Potion"}],"is_trial":false,"path_per_floor":["M","?","M","$","?","E","M","M","T","R","E","R","M","?","R","B",null,"M","M","M","?","$","E","$","R","T","E","M","?","E","$","R","B"],"character_chosen":"IRONCLAD","items_purchased":["PanicButton","True Grit","Shrug It Off","Dark Shackles"],"campfire_rested":1,"item_purchase_floors":[4,22,22,22],"current_hp_per_floor":[74,74,75,75,75,75,72,72,72,72,58,58,59,59,59,49,69,75,75,70,70,70,71,71,71,71,41,44,44,26,26,48,0],"gold":44,"neow_bonus":"THREE_ENEMY_KILL","is_prod":false,"is_daily":false,"chose_seed":false,"campfire_upgraded":4,"win_rate":0,"timestamp":1559260268,"path_taken":["M","?","M","$","?","E","M","M","T","R","E","R","M","?","R","BOSS","M","M","M","?","$","E","$","R","T","E","M","?","E","$","R","BOSS"],"build_version":"2019-01-23","purchased_purges":0,"victory":false,"max_hp_per_floor":[75,75,75,75,75,75,75,75,75,75,75,75,75,75,75,75,75,75,75,75,75,75,75,75,75,75,75,75,75,75,75,75,75],"card_choices":[{"not_picked":["Body Slam","Flex"],"picked":"Sword Boomerang","floor":1.0},{"not_picked":["Twin Strike","Anger"],"picked":"Pommel Strike","floor":3.0},{"not_picked":["Flex","Wild Strike","Thunderclap"],"picked":"SKIP","floor":6.0},{"not_picked":["Flame Barrier","Armaments"],"picked":"Perfected Strike","floor":7.0},{"not_picked":["Disarm","Sword Boomerang"],"picked":"Shockwave","floor":8.0},{"not_picked":["Warcry","Thunderclap"],"picked":"Cleave","floor":11.0},{"not_picked":["Wild Strike","Clash"],"picked":"Rage","floor":13.0},{"not_picked":["Double Tap","Exhume"],"picked":"Reaper","floor":16.0},{"not_picked":["Perfected Strike","Clash"],"picked":"Shrug It Off","floor":18.0},{"not_picked":["Exhume","Clothesline"],"picked":"Pommel Strike+1","floor":19.0},{"not_picked":["Intimidate","Flame Barrier"],"picked":"Perfected Strike","floor":20.0},{"not_picked":["Fiend Fire","Warcry"],"picked":"Combust","floor":23.0},{"not_picked":["Bludgeon","Twin Strike"],"picked":"Corruption","floor":27},{"not_picked":["Clash","Perfected Strike"],"picked":"Metallicize+1","floor":28},{"not_picked":["Power Through+1","Anger"],"picked":"Metallicize","floor":30}],"player_experience":499463,"relics_obtained":[{"floor":6.0,"key":"Vajra"},{"floor":9.0,"key":"Anchor"},{"floor":11.0,"key":"Whetstone"},{"floor":23.0,"key":"Toxic Egg 2"},{"floor":26.0,"key":"Du-Vu Doll"},{"floor":27,"key":"Bag of Preparation"},{"floor":30,"key":"Orichalcum"}],"event_choices":[{"damage_healed":0.0,"max_hp_gain":0.0,"max_hp_loss":0.0,"gold_gain":0.0,"event_name":"Golden Idol","player_choice":"Ignored","floor":2.0,"gold_loss":0.0,"damage_taken":0.0},{"damage_healed":0.0,"max_hp_gain":0.0,"max_hp_loss":0.0,"gold_gain":0.0,"event_name":"Living Wall","player_choice":"Grow","floor":5.0,"gold_loss":0.0,"damage_taken":0.0,"cards_upgraded":["Pommel Strike"]},{"damage_healed":0.0,"max_hp_gain":0.0,"max_hp_loss":0.0,"gold_gain":0.0,"event_name":"Liars Game","player_choice":"Ignored","floor":14.0,"gold_loss":0.0,"damage_taken":0.0},{"cards_removed":["Defend_R"],"damage_healed":0.0,"max_hp_gain":0.0,"max_hp_loss":0.0,"gold_gain":0.0,"event_name":"Beggar","player_choice":"Gave Gold","floor":21.0,"gold_loss":75.0,"damage_taken":0.0},{"damage_healed":0,"gold_gain":0,"player_choice":"Obtained Relic","damage_taken":0,"relics_obtained":["Meat on the Bone"],"max_hp_gain":0,"max_hp_loss":0,"event_name":"Addict","floor":29,"gold_loss":85}],"is_beta":false,"boss_relics":[{"not_picked":["Eternal Feather","Runic Dome"],"picked":"Lizard Tail"}],"items_purged_floors":[],"is_endless":false,"potions_floor_spawned":[3,11,16,20,30],"killed_by":"Champ","ascension_level":17}