{"gold_per_floor":[112,112,127,147,157,157,190,205,205,205,225,225,235,25,25,129,129,139,169,188,46,146,180,180,194,219,33,33,43,75,75,75,173,173,193,120,170,170,170,170,199,126,126,154,172,172,188,241,241,241],"floor_reached":51,"playtime":2026,"items_purged":["Combust","Inflame"],"score":1562,"play_id":"2c01dca5-4a39-4831-80d2-092f7b8bf4a5","local_time":"20190523110842","is_ascension_mode":true,"campfire_choices":[{"data":"Immolate","floor":6,"key":"SMITH"},{"data":"Wild Strike","floor":10,"key":"SMITH"},{"floor":12,"key":"REST"},{"data":"Wild Strike","floor":15,"key":"SMITH"},{"floor":24,"key":"REST"},{"data":"Evolve","floor":32,"key":"SMITH"},{"floor":40,"key":"REST"},{"data":"Offering","floor":49,"key":"SMITH"}],"neow_cost":"NONE","seed_source_timestamp":305209298994000,"circlet_count":0,"master_deck":["AscendersBane","Bash+1","Wild Strike+1","Evolve+1","Clash+1","Immolate+1","Ghostly Armor","True Grit","Rage","Power Through","Offering+1","Fiend Fire","Pummel","Ghostly","Ghostly","Ghostly","Ghostly","Ghostly","Limit Break","Sentinel","Writhe","Feel No Pain+1"],"relics":["Pandora\u0027s Box","Bag of Marbles","Whetstone","Frozen Egg 2","Odd Mushroom","Membership Card","Philosopher\u0027s Stone","Red Mask","MealTicket","Dead Branch","Bottled Tornado","Charon\u0027s Ashes","Ancient Tea Set","Brimstone","Molten Egg 2","Sozu","Centennial Puzzle","Unceasing Top","Oddly Smooth Stone","Lantern","Gremlin Horn","Anchor","Regal Pillow"],"potions_floor_usage":[8,18,19,19,19,19,19,19,19,22,23,50,50],"damage_taken":[{"damage":2,"enemies":"Jaw Worm","floor":1,"turns":3},{"damage":6,"enemies":"Cultist","floor":3,"turns":3},{"damage":0,"enemies":"2 Louse","floor":4,"turns":1},{"damage":16,"enemies":"Large Slime","floor":5,"turns":5},{"damage":8,"enemies":"Gremlin Nob","floor":7,"turns":3},{"damage":17,"enemies":"Blue Slaver","floor":8,"turns":4},{"damage":0,"enemies":"The Mushroom Lair","floor":11,"turns":2},{"damage":0,"enemies":"2 Fungi Beasts","floor":13,"turns":1},{"damage":6,"enemies":"Slime Boss","floor":16,"turns":6},{"damage":6,"enemies":"2 Thieves","floor":18,"turns":2},{"damage":6,"enemies":"Masked Bandits","floor":19,"turns":3},{"damage":6,"enemies":"Spheric Guardian","floor":20,"turns":3},{"damage":10,"enemies":"Colosseum Slavers","floor":22,"turns":2},{"damage":7,"enemies":"Colosseum Nobs","floor":22,"turns":4},{"damage":14,"enemies":"Gremlin Leader","floor":23,"turns":3},{"damage":11,"enemies":"Centurion and Healer","floor":25,"turns":2},{"damage":0,"enemies":"Snecko","floor":29,"turns":2},{"damage":1,"enemies":"Book of Stabbing","floor":30,"turns":3},{"damage":10,"enemies":"Champ","floor":33,"turns":4},{"damage":1,"enemies":"3 Shapes","floor":35,"turns":2},{"damage":17,"enemies":"2 Orb Walkers","floor":37,"turns":2},{"damage":2,"enemies":"Reptomancer","floor":41,"turns":3},{"damage":2,"enemies":"Giant Head","floor":44,"turns":2},{"damage":1,"enemies":"Orb Walker","floor":45,"turns":2},{"damage":2,"enemies":"Jaw Worm Horde","floor":47,"turns":2},{"damage":7,"enemies":"Time Eater","floor":50,"turns":9}],"seed_played":"-2761044641961198517","potions_obtained":[{"floor":3,"key":"Regen Potion"},{"floor":5,"key":"Poison Potion"},{"floor":8,"key":"AttackPotion"},{"floor":11,"key":"FearPotion"},{"floor":13,"key":"EntropicBrew"},{"floor":22,"key":"Weak Potion"},{"floor":30,"key":"GamblersBrew"},{"floor":33,"key":"Energy Potion"}],"is_trial":false,"path_per_floor":["M","?","M","M","M","R","E","M","T","R","?","R","M","$","R","B",null,"M","?","M","$","?","E","R","M","T","$","?","M","E","?","R","B",null,"M","$","?","?","?","R","E","$","T","E","M","?","M","T","R","B",null],"character_chosen":"IRONCLAD","items_purchased":["Membership Card","MealTicket","Brimstone","Pummel","Centennial Puzzle","Lantern"],"campfire_rested":3,"item_purchase_floors":[14,21,27,27,36,42],"current_hp_per_floor":[70,70,64,64,48,48,40,32,32,32,32,56,56,56,56,50,73,67,70,64,64,47,33,57,46,46,61,40,40,39,39,39,29,37,36,40,23,33,33,40,38,40,40,38,37,37,35,35,35,28],"gold":241,"neow_bonus":"BOSS_RELIC","is_prod":false,"is_daily":false,"chose_seed":false,"campfire_upgraded":5,"win_rate":0,"timestamp":1558598922,"path_taken":["M","?","?","M","M","R","E","M","T","R","?","R","M","$","R","BOSS","M","?","M","$","?","E","R","M","T","$","?","M","E","?","R","BOSS","M","$","?","?","?","R","E","$","T","E","?","?","?","?","R","BOSS"],"build_version":"2019-01-23","purchased_purges":2,"victory":true,"max_hp_per_floor":[80,80,80,80,80,80,80,80,80,80,80,80,80,80,80,80,80,80,80,80,80,80,80,80,80,80,80,40,40,40,40,40,40,40,40,40,40,40,40,40,40,40,40,40,40,40,40,40,40,40],"card_choices":[{"not_picked":["Body Slam","Twin Strike","Perfected Strike"],"picked":"SKIP","floor":1},{"not_picked":["Havoc","Evolve"],"picked":"Inflame","floor":3},{"not_picked":["True Grit","Rampage","Pommel Strike"],"picked":"SKIP","floor":4},{"not_picked":["Pommel Strike","Headbutt","Clash"],"picked":"SKIP","floor":5},{"not_picked":["Flex","Heavy Blade"],"picked":"Power Through","floor":7},{"not_picked":["Sword Boomerang","Armaments"],"picked":"Wild Strike","floor":8},{"not_picked":["Sword Boomerang","Disarm"],"picked":"Offering","floor":11},{"not_picked":["Clothesline","Sword Boomerang","Evolve+1"],"picked":"SKIP","floor":13},{"not_picked":["Juggernaut+1","Berserk+1"],"picked":"Fiend Fire","floor":16},{"not_picked":["Carnage+1","Thunderclap","Clash+1"],"picked":"SKIP","floor":18},{"not_picked":["Bloodletting+1","True Grit"],"picked":"Armaments","floor":19},{"not_picked":["Pommel Strike","True Grit","Hemokinesis+1"],"picked":"SKIP","floor":20},{"not_picked":["Armaments","Pommel Strike","Dual Wield"],"picked":"SKIP","floor":23},{"not_picked":["Flame Barrier","Warcry","Carnage"],"picked":"SKIP","floor":25},{"not_picked":["Armaments","Pommel Strike","Anger"],"picked":"SKIP","floor":29},{"not_picked":["Bloodletting+1","Thunderclap","Carnage"],"picked":"SKIP","floor":30},{"not_picked":["Dark Embrace+1","Juggernaut+1"],"picked":"Limit Break","floor":33},{"not_picked":["Heavy Blade+1","True Grit+1"],"picked":"Sentinel","floor":35},{"not_picked":["Hemokinesis+1","Intimidate"],"picked":"Feel No Pain+1","floor":41},{"not_picked":["Clash+1","Iron Wave+1","Rupture+1"],"picked":"SKIP","floor":44},{"not_picked":["True Grit+1","Wild Strike+1","Combust+1"],"picked":"SKIP","floor":45},{"not_picked":["Cleave+1","Shrug It Off+1","Clash+1"],"picked":"SKIP","floor":47}],"player_experience":313507,"relics_obtained":[{"floor":7,"key":"Whetstone"},{"floor":9,"key":"Frozen Egg 2"},{"floor":11,"key":"Odd Mushroom"},{"floor":19,"key":"Red Mask"},{"floor":22,"key":"Dead Branch"},{"floor":22,"key":"Bottled Tornado"},{"floor":23,"key":"Charon\u0027s Ashes"},{"floor":26,"key":"Ancient Tea Set"},{"floor":30,"key":"Molten Egg 2"},{"floor":37,"key":"Unceasing Top"},{"floor":41,"key":"Oddly Smooth Stone"},{"floor":43,"key":"Gremlin Horn"},{"floor":44,"key":"Anchor"},{"floor":48,"key":"Regal Pillow"}],"event_choices":[{"cards_removed":["Infernal Blade"],"damage_healed":0,"gold_gain":0,"player_choice":"Gave Card","damage_taken":0,"relics_obtained":["Bag of Marbles"],"max_hp_gain":0,"max_hp_loss":0,"event_name":"WeMeetAgain","floor":2,"gold_loss":0},{"damage_healed":0,"gold_gain":0,"player_choice":"Fought Mushrooms","damage_taken":0,"max_hp_gain":0,"max_hp_loss":0,"event_name":"Mushrooms","floor":11,"gold_loss":0},{"damage_healed":0,"gold_gain":0,"player_choice":"Fought Bandits","damage_taken":0,"max_hp_gain":0,"max_hp_loss":0,"event_name":"Masked Bandits","floor":19,"gold_loss":0},{"damage_healed":0,"gold_gain":0,"player_choice":"Fight","damage_taken":0,"max_hp_gain":0,"max_hp_loss":0,"event_name":"Colosseum","floor":22,"gold_loss":0},{"damage_healed":0,"gold_gain":0,"player_choice":"Fought Nobs","damage_taken":0,"max_hp_gain":0,"max_hp_loss":0,"event_name":"Colosseum","floor":22,"gold_loss":0},{"damage_healed":0,"gold_gain":0,"player_choice":"Became a Ghost","damage_taken":0,"max_hp_gain":0,"max_hp_loss":40,"event_name":"Ghosts","floor":28,"gold_loss":0,"cards_obtained":["Ghostly","Ghostly","Ghostly","Ghostly","Ghostly"]},{"cards_removed":["Armaments"],"damage_healed":0,"gold_gain":0,"player_choice":"Elegance","damage_taken":0,"max_hp_gain":0,"max_hp_loss":0,"event_name":"Back to Basics","floor":31,"gold_loss":0},{"damage_healed":0,"gold_gain":0,"player_choice":"Fight","damage_taken":0,"max_hp_gain":0,"max_hp_loss":0,"event_name":"Mysterious Sphere","floor":37,"gold_loss":0},{"damage_healed":10,"gold_gain":0,"player_choice":"Writhe","damage_taken":0,"max_hp_gain":0,"max_hp_loss":0,"event_name":"Winding Halls","floor":38,"gold_loss":0,"cards_obtained":["Writhe"]},{"cards_removed":["Wild Strike"],"damage_healed":0,"gold_gain":0,"player_choice":"Removed Attack","damage_taken":0,"max_hp_gain":0,"max_hp_loss":0,"event_name":"Falling","floor":39,"gold_loss":0},{"damage_healed":0,"gold_gain":0,"player_choice":"Got Potions","damage_taken":0,"max_hp_gain":0,"max_hp_loss":0,"event_name":"Lab","floor":46,"gold_loss":0}],"is_beta":false,"boss_relics":[{"not_picked":["Black Star","Tiny House"],"picked":"Philosopher\u0027s Stone"},{"not_picked":["Empty Cage","Orrery"],"picked":"Sozu"}],"items_purged_floors":[21,27],"is_endless":false,"potions_floor_spawned":[3,5,8,11,13,22,22,30,33,41,44],"ascension_level":10}