{"gold_per_floor":[111,36,56,56,56,89,89,104,175,175,58,58,93,108,108,205,205,220,120,120,137,163,163,195,206,206,234,251,251,131,141,141,141],"floor_reached":33,"playtime":887,"items_purged":["Defend_R","Strike_R","Blood for Blood","Sever Soul"],"score":549,"play_id":"3b4daa69-b7be-4169-9e4d-1ad419d17657","local_time":"20190608141943","is_ascension_mode":true,"campfire_choices":[{"data":"Flex","floor":7,"key":"SMITH"},{"data":"Flex","floor":10,"key":"SMITH"},{"data":"Bash","floor":15,"key":"SMITH"},{"data":"Immolate","floor":23,"key":"SMITH"},{"data":"Sword Boomerang","floor":29,"key":"SMITH"},{"data":"Clash","floor":32,"key":"SMITH"}],"neow_cost":"NONE","seed_source_timestamp":1700318408408853,"circlet_count":0,"master_deck":["AscendersBane","Bash+1","Flex+1","Heavy Blade+1","Flex+1","Sword Boomerang+1","Reaper","Immolate+1","Ghostly Armor","Shrug It Off","Clash+1","Whirlwind+1"],"relics":["Burning Blood","NeowsBlessing","Bag of Marbles","Happy Flower","The Courier","Orichalcum","Pandora\u0027s Box","Regal Pillow","Ornamental Fan","Sundial","Potion Belt"],"potions_floor_usage":[13,18,24],"damage_taken":[{"damage":0,"enemies":"Jaw Worm","floor":1,"turns":1},{"damage":0,"enemies":"Small Slimes","floor":3,"turns":1},{"damage":0,"enemies":"3 Sentries","floor":6,"turns":2},{"damage":6,"enemies":"2 Louse","floor":8,"turns":2},{"damage":0,"enemies":"Gremlin Nob","floor":13,"turns":1},{"damage":0,"enemies":"Blue Slaver","floor":14,"turns":1},{"damage":49,"enemies":"Hexaghost","floor":16,"turns":6},{"damage":12,"enemies":"3 Byrds","floor":18,"turns":3},{"damage":6,"enemies":"Chosen","floor":21,"turns":2},{"damage":18,"enemies":"Book of Stabbing","floor":24,"turns":3},{"damage":24,"enemies":"Shelled Parasite and Fungi","floor":25,"turns":3},{"damage":28,"enemies":"Slavers","floor":27,"turns":2},{"damage":0,"enemies":"Centurion and Healer","floor":28,"turns":4},{"damage":6,"enemies":"Cultist and Chosen","floor":31,"turns":4},{"damage":86,"enemies":"Automaton","floor":33,"turns":6}],"seed_played":"8148352869053824321","potions_obtained":[{"floor":3,"key":"SteroidPotion"},{"floor":16,"key":"Explosive Potion"},{"floor":18,"key":"Block Potion"},{"floor":27,"key":"FearPotion"}],"is_trial":false,"path_per_floor":["M","$","M","?","?","E","R","M","T","R","$","?","E","M","R","B",null,"M","$","?","M","T","R","E","M","T","E","M","R","$","M","R","B"],"character_chosen":"IRONCLAD","items_purchased":["Sword Boomerang"],"campfire_rested":0,"item_purchase_floors":[11],"current_hp_per_floor":[78,78,80,68,73,79,79,79,79,79,79,79,85,85,85,42,74,74,74,85,85,85,85,73,55,55,45,59,59,59,71,71,0],"gold":141,"neow_bonus":"THREE_ENEMY_KILL","is_prod":false,"is_daily":false,"chose_seed":false,"campfire_upgraded":6,"win_rate":0,"timestamp":1559992783,"path_taken":["M","$","M","?","?","E","R","M","T","R","?","?","E","M","R","BOSS","M","$","?","?","?","R","E","M","T","E","M","R","$","M","R","BOSS"],"build_version":"2019-01-23","purchased_purges":4,"victory":false,"max_hp_per_floor":[80,80,80,80,85,85,85,85,85,85,85,85,85,85,85,85,85,85,85,85,85,85,85,85,85,85,85,85,85,85,85,85,85],"card_choices":[{"not_picked":["Fire Breathing","Anger"],"picked":"Flex","floor":1},{"not_picked":["Reckless Charge","Clash"],"picked":"Heavy Blade","floor":3},{"not_picked":["Heavy Blade","Second Wind","Ghostly Armor"],"picked":"SKIP","floor":6},{"not_picked":["Headbutt","Body Slam"],"picked":"Flex","floor":8},{"not_picked":["Metallicize","Twin Strike","Wild Strike"],"picked":"SKIP","floor":13},{"not_picked":["Thunderclap","Clothesline","Sword Boomerang"],"picked":"SKIP","floor":14},{"not_picked":["Impervious","Brutality"],"picked":"Reaper","floor":16},{"not_picked":["Flex","Sentinel","True Grit"],"picked":"SKIP","floor":18},{"not_picked":["Rage","Cleave","Armaments"],"picked":"SKIP","floor":21},{"not_picked":["Rage+1","Clothesline","Cleave"],"picked":"SKIP","floor":24},{"not_picked":["Battle Trance","Blood for Blood+1","Rupture"],"picked":"SKIP","floor":25},{"not_picked":["Fire Breathing","Sentinel+1","Wild Strike"],"picked":"SKIP","floor":27},{"not_picked":["Headbutt","Sentinel"],"picked":"Whirlwind+1","floor":28},{"not_picked":["Shockwave","Clothesline+1","Metallicize"],"picked":"SKIP","floor":31}],"player_experience":361466,"relics_obtained":[{"floor":6,"key":"Happy Flower"},{"floor":9,"key":"The Courier"},{"floor":13,"key":"Orichalcum"},{"floor":22,"key":"Regal Pillow"},{"floor":24,"key":"Ornamental Fan"},{"floor":26,"key":"Sundial"},{"floor":27,"key":"Potion Belt"}],"event_choices":[{"damage_healed":0,"gold_gain":0,"player_choice":"Success","damage_taken":12,"relics_obtained":["Bag of Marbles"],"max_hp_gain":0,"max_hp_loss":0,"event_name":"Scrap Ooze","floor":4,"gold_loss":0},{"damage_healed":0,"gold_gain":0,"player_choice":"Donut","damage_taken":0,"max_hp_gain":5,"max_hp_loss":0,"event_name":"Big Fish","floor":5,"gold_loss":0},{"damage_healed":0,"gold_gain":0,"player_choice":"Grow","damage_taken":0,"max_hp_gain":0,"max_hp_loss":0,"event_name":"Living Wall","floor":12,"gold_loss":0,"cards_upgraded":["Heavy Blade"]},{"cards_removed":["Evolve"],"damage_healed":11,"gold_gain":0,"player_choice":"Offered Uncommon","damage_taken":0,"max_hp_gain":0,"max_hp_loss":0,"event_name":"Bonfire Elementals","floor":20,"gold_loss":0}],"is_beta":false,"boss_relics":[{"not_picked":["Velvet Choker","Runic Dome"],"picked":"Pandora\u0027s Box"}],"items_purged_floors":[2,11,19,30],"is_endless":false,"potions_floor_spawned":[3,16,18,27],"killed_by":"Automaton","ascension_level":12}