{"gold_per_floor":[363,373,72,89,89,124,124,124,124,124,149,149,149,169,169,243,243,259,259],"floor_reached":19,"playtime":1217,"items_purged":["Decay"],"score":289,"play_id":"dc115f4d-3eb4-4240-9ab4-9d911e724f9b","local_time":"20190515221639","is_ascension_mode":true,"campfire_choices":[{"data":"Shockwave","floor":7.0,"key":"SMITH"},{"data":"Rampage","floor":12.0,"key":"SMITH"},{"data":"Bash","floor":15.0,"key":"SMITH"}],"neow_cost":"CURSE","seed_source_timestamp":279411704874991,"circlet_count":0,"master_deck":["AscendersBane","Strike_R","Strike_R","Strike_R","Strike_R","Strike_R+1","Defend_R","Defend_R","Defend_R","Defend_R","Bash+1","Rampage+1","Shockwave+1","Armaments+1","Ghostly Armor","Juggernaut"],"special_seed":0,"relics":["Burning Blood","Membership Card","Pocketwatch","Ginger","Bottled Flame","Runic Pyramid"],"potions_floor_usage":[19],"damage_taken":[{"damage":11.0,"enemies":"Small Slimes","floor":1.0,"turns":5.0},{"damage":6.0,"enemies":"2 Louse","floor":2.0,"turns":3.0},{"damage":4.0,"enemies":"Jaw Worm","floor":4.0,"turns":4.0},{"damage":20.0,"enemies":"3 Sentries","floor":6.0,"turns":7.0},{"damage":10.0,"enemies":"Lagavulin","floor":11.0,"turns":8.0},{"damage":0.0,"enemies":"Large Slime","floor":14.0,"turns":6.0},{"damage":17.0,"enemies":"The Guardian","floor":16.0,"turns":11.0},{"damage":18,"enemies":"3 Byrds","floor":18,"turns":8},{"damage":4,"enemies":"Chosen","floor":19,"turns":4}],"seed_played":"1332520931849300540","potions_obtained":[{"floor":2.0,"key":"EssenceOfSteel"},{"floor":4.0,"key":"Poison Potion"},{"floor":14.0,"key":"GamblersBrew"},{"floor":16.0,"key":"SpeedPotion"}],"is_trial":false,"path_per_floor":["M","M","$","M","?","E","R","?","T","?","E","R","?","M","R","B",null,"M","M"],"character_chosen":"IRONCLAD","items_purchased":["Membership Card","Shockwave"],"campfire_rested":0,"item_purchase_floors":[3,3],"current_hp_per_floor":[67,67,67,69,69,55,55,55,55,39,35,35,35,41,41,30,68,56,52],"gold":259,"neow_bonus":"TWO_FIFTY_GOLD","is_prod":false,"is_daily":false,"chose_seed":false,"campfire_upgraded":3,"win_rate":0,"timestamp":1557976599,"path_taken":["M","M","$","M","?","E","R","?","T","?","E","R","?","M","R","BOSS","M","M"],"build_version":"2019-01-23","purchased_purges":1,"victory":false,"max_hp_per_floor":[80,80,80,80,80,80,80,80,80,80,80,80,80,80,80,80,80,80,80],"card_choices":[{"not_picked":["Clash","Body Slam"],"picked":"Rampage","floor":1.0},{"not_picked":["Flex","Clash","Second Wind"],"picked":"SKIP","floor":2.0},{"not_picked":["Power Through","Iron Wave"],"picked":"Armaments","floor":4.0},{"not_picked":["Pummel","Power Through"],"picked":"Ghostly Armor","floor":6.0},{"not_picked":["Sword Boomerang","Headbutt","Brutality"],"picked":"SKIP","floor":11.0},{"not_picked":["Sword Boomerang","Headbutt","Brutality"],"picked":"SKIP","floor":11.0},{"not_picked":["Heavy Blade","Clash","Havoc"],"picked":"SKIP","floor":14.0},{"not_picked":["Bludgeon","Brutality"],"picked":"Juggernaut","floor":16.0},{"not_picked":["Evolve","Warcry","Thunderclap+1"],"picked":"SKIP","floor":18}],"player_experience":439109,"relics_obtained":[{"floor":6.0,"key":"Pocketwatch"},{"floor":9.0,"key":"Ginger"},{"floor":11.0,"key":"Bottled Flame"}],"event_choices":[{"damage_healed":0.0,"max_hp_gain":0.0,"max_hp_loss":0.0,"gold_gain":0.0,"event_name":"Liars Game","player_choice":"Ignored","floor":5.0,"gold_loss":0.0,"damage_taken":0.0},{"damage_healed":0.0,"max_hp_gain":0.0,"max_hp_loss":0.0,"gold_gain":0.0,"event_name":"Golden Idol","player_choice":"Ignored","floor":8.0,"gold_loss":0.0,"damage_taken":0.0},{"damage_healed":0.0,"max_hp_gain":0.0,"max_hp_loss":0.0,"gold_gain":0.0,"event_name":"Shining Light","player_choice":"Entered Light","floor":10.0,"gold_loss":0.0,"damage_taken":16.0,"cards_upgraded":["Armaments","Strike_R"]},{"damage_healed":0.0,"max_hp_gain":0.0,"max_hp_loss":0.0,"gold_gain":0.0,"event_name":"Dead Adventurer","player_choice":"Searched \u00270\u0027 times","floor":13.0,"gold_loss":0.0,"damage_taken":0.0}],"is_beta":false,"boss_relics":[{"not_picked":["Empty Cage","Black Star"],"picked":"Runic Pyramid"}],"items_purged_floors":[3],"is_endless":false,"potions_floor_spawned":[2,4,14,16],"killed_by":"Chosen","ascension_level":13}