{"gold_per_floor":[360,378,32,32,46,46,46,81,81,116,116,116,136,149,149,223,223,238,23,23,36,36,71,71,102,170,95,95,55,69,98,98,172,172,188,200,71,171,182,182,211,211,236,254,19,47,47,59,59,59],"floor_reached":51,"playtime":4470,"items_purged":["Pain","Strike_G","Normality"],"score":1551,"play_id":"c1694e1a-35c9-4eb1-ab24-139633ce53f3","local_time":"20190519224331","is_ascension_mode":true,"campfire_choices":[{"data":"Footwork","floor":6.0,"key":"SMITH"},{"data":"Footwork","floor":11.0,"key":"SMITH"},{"floor":15.0,"key":"REST"},{"data":"After Image","floor":24.0,"key":"SMITH"},{"data":"Blade Dance","floor":28.0,"key":"SMITH"},{"data":"Neutralize","floor":32.0,"key":"SMITH"},{"data":"Cloak And Dagger","floor":40.0,"key":"SMITH"},{"floor":49.0,"key":"REST"}],"neow_cost":"PERCENT_DAMAGE","seed_source_timestamp":115607787992398,"circlet_count":0,"master_deck":["AscendersBane","Defend_G","Defend_G","Defend_G","Defend_G","Defend_G","Strike_G","Strike_G","Strike_G","Strike_G","Survivor","Neutralize+1","Blade Dance+1","Dagger Spray","Footwork+1","Dash","Footwork+1","Well Laid Plans","Backstab","Backflip","Die Die Die","Leg Sweep","Accuracy","After Image+1","PiercingWail+1","Escape Plan","Crippling Poison+1","Cloak And Dagger+1","Heel Hook+1","Calculated Gamble+1","After Image+1","Backflip","PiercingWail","Cloak And Dagger"],"special_seed":0,"relics":["Ring of the Snake","ClockworkSouvenir","Ninja Scroll","PreservedInsect","Thread and Needle","Cursed Key","Vajra","Shovel","Orichalcum","Singing Bowl","Ginger","Lizard Tail","Turnip","Potion Belt","Bronze Scales","Sundial"],"potions_floor_usage":[50,50,50],"damage_taken":[{"damage":0.0,"enemies":"Small Slimes","floor":1.0,"turns":5.0},{"damage":0.0,"enemies":"Jaw Worm","floor":2.0,"turns":4.0},{"damage":2.0,"enemies":"2 Louse","floor":5.0,"turns":4.0},{"damage":24.0,"enemies":"Gremlin Nob","floor":8.0,"turns":6.0},{"damage":3.0,"enemies":"3 Sentries","floor":10.0,"turns":7.0},{"damage":0.0,"enemies":"2 Fungi Beasts","floor":13.0,"turns":3.0},{"damage":0.0,"enemies":"Exordium Wildlife","floor":14.0,"turns":2.0},{"damage":0.0,"enemies":"The Guardian","floor":16.0,"turns":21.0},{"damage":0.0,"enemies":"Chosen","floor":18.0,"turns":6.0},{"damage":0.0,"enemies":"Spheric Guardian","floor":21.0,"turns":4.0},{"damage":0.0,"enemies":"Gremlin Leader","floor":23.0,"turns":6.0},{"damage":16.0,"enemies":"Book of Stabbing","floor":25.0,"turns":6.0},{"damage":0.0,"enemies":"Centurion and Healer","floor":30.0,"turns":9.0},{"damage":0.0,"enemies":"Gremlin Leader","floor":31.0,"turns":7.0},{"damage":40.0,"enemies":"Champ","floor":33.0,"turns":26.0},{"damage":0.0,"enemies":"3 Shapes","floor":35.0,"turns":4.0},{"damage":0.0,"enemies":"3 Darklings","floor":36.0,"turns":6.0},{"damage":1.0,"enemies":"Mind Bloom Boss Battle","floor":38.0,"turns":13.0},{"damage":11.0,"enemies":"Transient","floor":39.0,"turns":5.0},{"damage":16.0,"enemies":"Nemesis","floor":41.0,"turns":9.0},{"damage":3.0,"enemies":"Sphere and 2 Shapes","floor":44.0,"turns":8.0},{"damage":0.0,"enemies":"Reptomancer","floor":46.0,"turns":10.0},{"damage":0.0,"enemies":"Writhing Mass","floor":47.0,"turns":1.0},{"damage":1.0,"enemies":"3 Darklings","floor":48.0,"turns":4.0},{"damage":48,"enemies":"Awakened One","floor":50,"turns":24}],"seed_played":"-2509413516732605274","potions_obtained":[{"floor":1.0,"key":"SmokeBomb"},{"floor":10.0,"key":"Energy Potion"},{"floor":13.0,"key":"Strength Potion"},{"floor":31.0,"key":"Weak Potion"},{"floor":35.0,"key":"Poison Potion"},{"floor":38.0,"key":"PowerPotion"},{"floor":41.0,"key":"Ancient Potion"},{"floor":44.0,"key":"PowerPotion"},{"floor":46.0,"key":"SmokeBomb"}],"is_trial":false,"path_per_floor":["M","M","$","?","M","R","?","E","T","E","R","?","M","M","R","B",null,"M","$","?","M","?","E","R","E","T","$","R","$","M","E","R","B",null,"M","M","$","?","M","R","E","?","T","M","$","E","M","M","R","B",null],"character_chosen":"THE_SILENT","items_purchased":["ClockworkSouvenir","Footwork","Dash","Vajra","Accuracy","Escape Plan","Cloak And Dagger","GhostInAJar","PiercingWail"],"campfire_rested":2,"item_purchase_floors":[3,3,3,19,19,29,37,45,45],"current_hp_per_floor":[44,44,44,44,42,42,42,18,18,15,15,15,15,15,34,34,58,58,58,58,58,58,58,58,42,42,42,42,42,44,46,46,8,56,58,58,58,59,48,48,32,32,32,29,29,29,29,30,53,5],"gold":59,"neow_bonus":"TWO_FIFTY_GOLD","is_prod":false,"is_daily":false,"chose_seed":false,"campfire_upgraded":6,"win_rate":0,"timestamp":1558323811,"path_taken":["M","M","$","?","M","R","?","E","T","E","R","?","M","M","R","BOSS","M","$","?","M","?","E","R","E","T","$","R","?","M","E","R","BOSS","M","M","$","?","M","R","E","?","T","?","?","E","M","?","R","BOSS"],"build_version":"2019-01-23","purchased_purges":3,"victory":true,"max_hp_per_floor":[66,66,66,66,66,66,66,66,66,66,66,66,66,66,66,66,66,66,66,66,66,66,66,66,66,66,66,66,66,68,70,70,72,72,74,74,74,76,76,76,76,76,76,76,76,76,76,78,78,78],"card_choices":[{"not_picked":["Eviscerate","All Out Attack"],"picked":"Blade Dance","floor":1.0},{"not_picked":["Blade Dance","Dodge and Roll"],"picked":"Dagger Spray","floor":2.0},{"not_picked":["Terror","Deadly Poison"],"picked":"Footwork","floor":5.0},{"not_picked":["Terror","Sucker Punch"],"picked":"Well Laid Plans","floor":8.0},{"not_picked":["Deadly Poison","Acrobatics"],"picked":"Backstab","floor":10.0},{"not_picked":["Outmaneuver","Slice","Expertise"],"picked":"SKIP","floor":13.0},{"not_picked":["Flechettes","Underhanded Strike"],"picked":"Backflip","floor":14.0},{"not_picked":["Burst","Unload"],"picked":"Die Die Die","floor":16.0},{"not_picked":["Well Laid Plans","Quick Slash+1"],"picked":"Leg Sweep","floor":18.0},{"not_picked":["Setup","Flechettes","Flying Knee"],"picked":"SKIP","floor":21.0},{"not_picked":["Deflect","PiercingWail"],"picked":"After Image","floor":23.0},{"not_picked":["Deflect","Reflex"],"picked":"PiercingWail+1","floor":25.0},{"not_picked":["Leg Sweep","Acrobatics","Masterful Stab"],"picked":"Singing Bowl","floor":30.0},{"not_picked":["Masterful Stab","Endless Agony","Quick Slash"],"picked":"Singing Bowl","floor":31.0},{"not_picked":["Grand Finale","Tools of the Trade","Wraith Form v2"],"picked":"Singing Bowl","floor":33.0},{"not_picked":["Sucker Punch","Dodge and Roll","Leg Sweep"],"picked":"Singing Bowl","floor":35.0},{"not_picked":["Quick Slash","Bane+1"],"picked":"Crippling Poison+1","floor":36.0},{"not_picked":["Choke+1","Sucker Punch+1","Dagger Spray"],"picked":"Singing Bowl","floor":38.0},{"not_picked":["Flying Knee","Masterful Stab"],"picked":"Heel Hook+1","floor":39.0},{"not_picked":["Infinite Blades","Dagger Spray"],"picked":"Calculated Gamble+1","floor":41.0},{"not_picked":["Sucker Punch","Footwork"],"picked":"Backflip","floor":44.0},{"not_picked":["Poisoned Stab","Finisher"],"picked":"Cloak And Dagger","floor":46.0},{"not_picked":["Deadly Poison","Grand Finale","Deflect"],"picked":"Singing Bowl","floor":48.0}],"player_experience":458829,"relics_obtained":[{"floor":8.0,"key":"Ninja Scroll"},{"floor":9.0,"key":"PreservedInsect"},{"floor":10.0,"key":"Thread and Needle"},{"floor":23.0,"key":"Shovel"},{"floor":25.0,"key":"Orichalcum"},{"floor":26.0,"key":"Singing Bowl"},{"floor":31.0,"key":"Ginger"},{"floor":38.0,"key":"Turnip"},{"floor":41.0,"key":"Potion Belt"},{"floor":43.0,"key":"Bronze Scales"},{"floor":46.0,"key":"Sundial"}],"event_choices":[{"damage_healed":0.0,"max_hp_gain":0.0,"max_hp_loss":0.0,"gold_gain":0.0,"event_name":"Scrap Ooze","player_choice":"Fled","floor":4.0,"gold_loss":0.0,"damage_taken":0.0},{"damage_healed":0.0,"max_hp_gain":0.0,"max_hp_loss":0.0,"gold_gain":0.0,"event_name":"Liars Game","player_choice":"Ignored","floor":7.0,"gold_loss":0.0,"damage_taken":0.0},{"damage_healed":0.0,"max_hp_gain":0.0,"max_hp_loss":0.0,"gold_gain":0.0,"event_name":"Dead Adventurer","player_choice":"Searched \u00270\u0027 times","floor":12.0,"gold_loss":0.0,"damage_taken":0.0},{"damage_healed":0.0,"max_hp_gain":0.0,"max_hp_loss":0.0,"gold_gain":0.0,"event_name":"The Mausoleum","player_choice":"Ignored","floor":20.0,"gold_loss":0.0,"damage_taken":0.0},{"damage_healed":0.0,"max_hp_gain":0.0,"max_hp_loss":0.0,"gold_gain":0.0,"event_name":"Beggar","player_choice":"Ignored","floor":22.0,"gold_loss":0.0,"damage_taken":0.0},{"damage_healed":0.0,"max_hp_gain":0.0,"max_hp_loss":0.0,"gold_gain":0.0,"event_name":"MindBloom","player_choice":"Fight","floor":38.0,"gold_loss":0.0,"damage_taken":0.0},{"damage_healed":0.0,"max_hp_gain":0.0,"max_hp_loss":0.0,"gold_gain":0.0,"event_name":"Duplicator","player_choice":"Copied","floor":42.0,"gold_loss":0.0,"damage_taken":0.0,"cards_obtained":["After Image"]}],"is_beta":false,"boss_relics":[{"not_picked":["Ring of the Serpent","Sozu"],"picked":"Cursed Key"},{"not_picked":["Black Star","HoveringKite"],"picked":"Lizard Tail"}],"items_purged_floors":[27,37,45],"is_endless":false,"potions_floor_spawned":[1,10,13,18,23,31,35,38,41,44,46],"ascension_level":16}