{"gold_per_floor":[111,111,126,138,238,249,249,283,283,615,211,211,226,238,238,337,337,353,108,127,141,152,152,183,183,263,263,282,207,223,253,253,358,358,373,373,60,78,178,203,220,220,220,220,220,231,231,258,258,258],"floor_reached":51,"playtime":2703,"items_purged":["Strike_R","Strike_R","Strike_R"],"score":965,"play_id":"cc2fb0c5-4b92-4b9b-9f40-058a427cba6e","local_time":"20190606123320","is_ascension_mode":true,"campfire_choices":[{"data":"Battle Trance","floor":7.0,"key":"SMITH"},{"data":"Combust","floor":12.0,"key":"SMITH"},{"data":"Armaments","floor":15.0,"key":"SMITH"},{"data":"Demon Form","floor":23.0,"key":"SMITH"},{"data":"Limit Break","floor":25.0,"key":"SMITH"},{"data":"Feel No Pain","floor":27.0,"key":"SMITH"},{"floor":32.0,"key":"REST"},{"data":"Spot Weakness","floor":42.0,"key":"SMITH"},{"data":"Impervious","floor":44.0,"key":"SMITH"},{"floor":49.0,"key":"REST"}],"neow_cost":"PERCENT_DAMAGE","seed_source_timestamp":0,"circlet_count":0,"master_deck":["Strike_R","Defend_R","Defend_R","Defend_R","Defend_R","Bash","Feel No Pain+1","Twin Strike","Battle Trance+1","Twin Strike","Demon Form+1","Spot Weakness+1","Combust+1","Armaments+1","Limit Break+1","Shrug It Off","Burning Pact+1","Rupture","Corruption","True Grit+1","Bludgeon","Impervious+1","Reaper","Armaments+1","Rupture+1","True Grit+1","Bandage Up","Inflame+1"],"special_seed":0,"relics":["Burning Blood","Thread and Needle","Anchor","Bottled Flame","Old Coin","Bag of Marbles","Sozu","Happy Flower","Letter Opener","Frozen Egg 2","Pen Nib","Runic Cube","Ancient Tea Set","Unceasing Top","Potion Belt","Blood Vial","Juzu Bracelet","Pear"],"potions_floor_usage":[],"damage_taken":[{"damage":0.0,"enemies":"2 Louse","floor":1.0,"turns":4.0},{"damage":16.0,"enemies":"Jaw Worm","floor":3.0,"turns":4.0},{"damage":2.0,"enemies":"Cultist","floor":4.0,"turns":3.0},{"damage":6.0,"enemies":"Gremlin Gang","floor":6.0,"turns":8.0},{"damage":20.0,"enemies":"3 Sentries","floor":8.0,"turns":11.0},{"damage":12.0,"enemies":"Gremlin Nob","floor":10.0,"turns":3.0},{"damage":2.0,"enemies":"2 Fungi Beasts","floor":13.0,"turns":2.0},{"damage":0.0,"enemies":"Looter","floor":14.0,"turns":2.0},{"damage":36.0,"enemies":"Slime Boss","floor":16.0,"turns":8.0},{"damage":1.0,"enemies":"Chosen","floor":18.0,"turns":3.0},{"damage":4.0,"enemies":"Spheric Guardian","floor":20.0,"turns":4.0},{"damage":14.0,"enemies":"Snake Plant","floor":21.0,"turns":3.0},{"damage":3.0,"enemies":"Cultist and Chosen","floor":22.0,"turns":5.0},{"damage":13.0,"enemies":"Gremlin Leader","floor":24.0,"turns":5.0},{"damage":1.0,"enemies":"Sentry and Sphere","floor":28.0,"turns":4.0},{"damage":11.0,"enemies":"Snake Plant","floor":30.0,"turns":4.0},{"damage":47.0,"enemies":"Slavers","floor":31.0,"turns":5.0},{"damage":9.0,"enemies":"Collector","floor":33.0,"turns":7.0},{"damage":6.0,"enemies":"3 Shapes","floor":35.0,"turns":5.0},{"damage":29.0,"enemies":"3 Darklings","floor":38.0,"turns":5.0},{"damage":21.0,"enemies":"Mind Bloom Boss Battle","floor":39.0,"turns":5.0},{"damage":41.0,"enemies":"Giant Head","floor":40.0,"turns":8.0},{"damage":18.0,"enemies":"Jaw Worm Horde","floor":41.0,"turns":4.0},{"damage":38.0,"enemies":"Spire Growth","floor":46.0,"turns":5.0},{"damage":38.0,"enemies":"Reptomancer","floor":48.0,"turns":6.0},{"damage":77,"enemies":"Time Eater","floor":50,"turns":9}],"seed_played":"4953484391008262922","potions_obtained":[{"floor":4.0,"key":"FearPotion"},{"floor":6.0,"key":"LiquidBronze"},{"floor":14.0,"key":"BloodPotion"},{"floor":16.0,"key":"FearPotion"}],"is_trial":false,"path_per_floor":["M","?","M","M","?","M","R","E","T","E","$","R","M","M","R","B",null,"M","$","M","M","M","R","E","R","T","R","M","?","M","E","R","B",null,"M","?","$","M","?","E","M","R","T","R","?","M","?","E","R","B",null],"character_chosen":"IRONCLAD","items_purchased":["Spot Weakness","Combust","Bag of Marbles","Explosive Potion","Happy Flower","Rupture+1","Ancient Tea Set"],"campfire_rested":2,"item_purchase_floors":[11,11,11,11,19,37,37],"current_hp_per_floor":[62,62,52,56,56,56,56,42,42,36,36,36,40,46,46,24,66,71,71,73,65,68,68,61,61,61,61,66,66,61,20,44,41,70,80,80,80,80,80,55,80,80,80,80,80,48,48,58,85,90],"gold":258,"neow_bonus":"ONE_RARE_RELIC","is_prod":false,"is_daily":false,"chose_seed":false,"campfire_upgraded":8,"win_rate":0,"timestamp":1559842400,"path_taken":["M","?","M","M","?","M","R","E","T","E","$","R","?","M","R","BOSS","M","$","M","M","?","R","E","R","T","R","?","?","M","E","R","BOSS","M","?","$","M","?","E","M","R","T","R","?","M","?","E","R","BOSS"],"build_version":"2019-01-23","purchased_purges":3,"victory":true,"max_hp_per_floor":[80,80,80,80,80,80,80,80,80,80,80,80,80,80,80,80,80,80,80,80,80,80,80,80,80,80,80,80,80,80,80,80,80,80,80,80,80,80,80,80,80,80,80,80,80,80,80,90,90,90],"card_choices":[{"not_picked":["Armaments","Heavy Blade","Thunderclap"],"picked":"SKIP","floor":1.0},{"not_picked":["True Grit","Infernal Blade"],"picked":"Feel No Pain","floor":3.0},{"not_picked":["Clothesline","Anger"],"picked":"Twin Strike","floor":4.0},{"not_picked":["Dual Wield","Clothesline"],"picked":"Battle Trance","floor":6.0},{"not_picked":["Second Wind","Feel No Pain"],"picked":"Twin Strike","floor":8.0},{"not_picked":["Corruption","Fire Breathing"],"picked":"Demon Form","floor":10.0},{"not_picked":["Body Slam","Warcry","Second Wind"],"picked":"SKIP","floor":13.0},{"not_picked":["Heavy Blade","Anger"],"picked":"Armaments","floor":14.0},{"not_picked":["Fiend Fire","Dark Embrace"],"picked":"Limit Break","floor":16.0},{"not_picked":["Body Slam","Iron Wave"],"picked":"Shrug It Off","floor":18.0},{"not_picked":["Havoc","Warcry"],"picked":"Burning Pact+1","floor":20.0},{"not_picked":["Twin Strike","Pommel Strike+1"],"picked":"Rupture","floor":21.0},{"not_picked":["Armaments","Perfected Strike","Warcry"],"picked":"SKIP","floor":22.0},{"not_picked":["Rupture","True Grit"],"picked":"Corruption","floor":24.0},{"not_picked":["Anger","Rupture+1"],"picked":"True Grit+1","floor":28.0},{"not_picked":["Warcry","Heavy Blade"],"picked":"Bludgeon","floor":30.0},{"not_picked":["Sentinel","Headbutt"],"picked":"Impervious","floor":31.0},{"not_picked":["Bludgeon","Fiend Fire"],"picked":"Reaper","floor":33.0},{"not_picked":["Heavy Blade+1","Flex"],"picked":"Armaments+1","floor":35.0},{"not_picked":["Warcry+1","Blood for Blood+1","Iron Wave+1"],"picked":"SKIP","floor":38.0},{"not_picked":["Dual Wield","Havoc+1"],"picked":"True Grit+1","floor":40.0},{"not_picked":["Havoc","Headbutt+1","Thunderclap"],"picked":"SKIP","floor":41.0},{"not_picked":["Discovery","Enlightenment"],"picked":"Bandage Up","floor":45.0},{"not_picked":["Flex+1","Sword Boomerang"],"picked":"Inflame+1","floor":46.0},{"not_picked":["Body Slam","Warcry","Havoc"],"picked":"SKIP","floor":48.0}],"player_experience":15103,"relics_obtained":[{"floor":8.0,"key":"Anchor"},{"floor":9.0,"key":"Bottled Flame"},{"floor":10.0,"key":"Old Coin"},{"floor":24.0,"key":"Letter Opener"},{"floor":26.0,"key":"Frozen Egg 2"},{"floor":31.0,"key":"Pen Nib"},{"floor":39.0,"key":"Unceasing Top"},{"floor":40.0,"key":"Potion Belt"},{"floor":43.0,"key":"Blood Vial"},{"floor":47.0,"key":"Juzu Bracelet"},{"floor":48.0,"key":"Pear"}],"event_choices":[{"damage_healed":0.0,"max_hp_gain":0.0,"max_hp_loss":0.0,"gold_gain":0.0,"event_name":"Golden Idol","player_choice":"Ignored","floor":2.0,"gold_loss":0.0,"damage_taken":0.0},{"damage_healed":0.0,"max_hp_gain":0.0,"max_hp_loss":0.0,"gold_gain":100.0,"event_name":"Wheel of Change","player_choice":"Gold","floor":5.0,"gold_loss":0.0,"damage_taken":0.0},{"cards_removed":["Strike_R"],"damage_healed":0.0,"max_hp_gain":0.0,"max_hp_loss":0.0,"gold_gain":0.0,"event_name":"Beggar","player_choice":"Gave Gold","floor":29.0,"gold_loss":75.0,"damage_taken":0.0},{"damage_healed":0.0,"max_hp_gain":0.0,"max_hp_loss":0.0,"gold_gain":0.0,"event_name":"Tomb of Lord Red Mask","player_choice":"Ignored","floor":36.0,"gold_loss":0.0,"damage_taken":0.0},{"damage_healed":0.0,"max_hp_gain":0.0,"max_hp_loss":0.0,"gold_gain":0.0,"event_name":"MindBloom","player_choice":"Fight","floor":39.0,"gold_loss":0.0,"damage_taken":0.0},{"damage_healed":0.0,"max_hp_gain":0.0,"max_hp_loss":0.0,"gold_gain":0.0,"event_name":"SensoryStone","player_choice":"Memory 1","floor":45.0,"gold_loss":0.0,"damage_taken":0.0},{"damage_healed":0.0,"max_hp_gain":0.0,"max_hp_loss":0.0,"gold_gain":0.0,"event_name":"Wheel of Change","player_choice":"Relic","floor":47.0,"gold_loss":0.0,"damage_taken":0.0}],"is_beta":false,"boss_relics":[{"not_picked":["Busted Crown","Philosopher\u0027s Stone"],"picked":"Sozu"},{"not_picked":["Black Star","Velvet Choker"],"picked":"Runic Cube"}],"items_purged_floors":[11,19,37],"is_endless":false,"potions_floor_spawned":[4,6,14,16,20,21,24,30,39,48],"ascension_level":5}