{"gold_per_floor":[109,125,138,153,69,69,83,111,111,131,145,156,191,93,93,168,168,178,191,91,91,91,122,122,156,156,166,180,199,199,211,211,285,285,305,305,375,385,397,397,413,440,465,480,480,495,495,510,510,510],"floor_reached":50,"playtime":4354,"items_purged":["Strike_R","Strike_R"],"score":919,"play_id":"4fa41fd0-91ca-450c-9a3a-d58a1bac8ad8","local_time":"20190522121242","is_ascension_mode":true,"campfire_choices":[{"data":"Bash","floor":6.0,"key":"SMITH"},{"floor":15.0,"key":"REST"},{"floor":24.0,"key":"REST"},{"data":"Shockwave","floor":30.0,"key":"SMITH"},{"floor":32.0,"key":"REST"},{"data":"Offering","floor":40.0,"key":"SMITH"},{"floor":45.0,"key":"REST"},{"data":"Feel No Pain","floor":47.0,"key":"SMITH"},{"floor":49,"key":"REST"}],"neow_cost":"NONE","seed_source_timestamp":336427866320300,"circlet_count":0,"master_deck":["AscendersBane","Strike_R","Strike_R","Strike_R","Defend_R","Defend_R","Defend_R","Defend_R","Bash+1","Twin Strike","Shrug It Off","Shrug It Off","Body Slam","Shrug It Off","Feel No Pain+1","Offering+1","Dropkick","Shockwave+1","Clothesline","Spot Weakness","Uppercut+1","Body Slam+1","Limit Break+1","Flame Barrier","Clothesline+1","Fiend Fire+1","Body Slam+1","Inflame+1","Juggernaut","Madness","Madness"],"special_seed":0,"relics":["Burning Blood","Regal Pillow","Bottled Tornado","Molten Egg 2","Snecko Eye","Shuriken","Turnip","The Courier","Busted Crown","Paper Frog","Red Skull","Omamori"],"potions_floor_usage":[48],"damage_taken":[{"damage":4.0,"enemies":"Cultist","floor":1.0,"turns":5.0},{"damage":3.0,"enemies":"Jaw Worm","floor":2.0,"turns":4.0},{"damage":7.0,"enemies":"Small Slimes","floor":3.0,"turns":3.0},{"damage":18.0,"enemies":"Exordium Thugs","floor":4.0,"turns":6.0},{"damage":7.0,"enemies":"2 Fungi Beasts","floor":7.0,"turns":5.0},{"damage":6.0,"enemies":"Lagavulin","floor":8.0,"turns":5.0},{"damage":34.0,"enemies":"Large Slime","floor":10.0,"turns":3.0},{"damage":21.0,"enemies":"Lots of Slimes","floor":11.0,"turns":6.0},{"damage":5.0,"enemies":"Blue Slaver","floor":12.0,"turns":3.0},{"damage":20.0,"enemies":"Gremlin Nob","floor":13.0,"turns":4.0},{"damage":19.0,"enemies":"The Guardian","floor":16.0,"turns":10.0},{"damage":6.0,"enemies":"Chosen","floor":18.0,"turns":3.0},{"damage":14.0,"enemies":"Spheric Guardian","floor":19.0,"turns":5.0},{"damage":38.0,"enemies":"Book of Stabbing","floor":23.0,"turns":6.0},{"damage":24.0,"enemies":"Slavers","floor":25.0,"turns":5.0},{"damage":28.0,"enemies":"3 Cultists","floor":27.0,"turns":5.0},{"damage":6.0,"enemies":"Sentry and Sphere","floor":28.0,"turns":4.0},{"damage":14.0,"enemies":"Cultist and Chosen","floor":29.0,"turns":4.0},{"damage":6.0,"enemies":"3 Cultists","floor":31.0,"turns":3.0},{"damage":64.0,"enemies":"Champ","floor":33.0,"turns":7.0},{"damage":16.0,"enemies":"3 Darklings","floor":35.0,"turns":5.0},{"damage":22.0,"enemies":"3 Shapes","floor":38.0,"turns":6.0},{"damage":7.0,"enemies":"3 Darklings","floor":39.0,"turns":6.0},{"damage":14.0,"enemies":"Spire Growth","floor":41.0,"turns":3.0},{"damage":25.0,"enemies":"Nemesis","floor":42.0,"turns":5.0},{"damage":7.0,"enemies":"Sphere and 2 Shapes","floor":44.0,"turns":8.0},{"damage":17.0,"enemies":"Transient","floor":46.0,"turns":5.0},{"damage":19,"enemies":"3 Darklings","floor":48,"turns":5},{"damage":87,"enemies":"Awakened One","floor":50,"turns":9}],"seed_played":"-4881347764819414663","potions_obtained":[{"floor":1.0,"key":"Dexterity Potion"},{"floor":3.0,"key":"PowerPotion"},{"floor":10.0,"key":"Dexterity Potion"},{"floor":13.0,"key":"Energy Potion"},{"floor":16.0,"key":"Weak Potion"},{"floor":18.0,"key":"Energy Potion"},{"floor":27.0,"key":"SkillPotion"},{"floor":28.0,"key":"Energy Potion"},{"floor":29.0,"key":"Energy Potion"},{"floor":35.0,"key":"BloodPotion"},{"floor":39.0,"key":"FearPotion"},{"floor":42.0,"key":"Swift Potion"},{"floor":44.0,"key":"GamblersBrew"},{"floor":46.0,"key":"Regen Potion"}],"is_trial":false,"path_per_floor":["M","M","M","M","$","R","M","E","T","M","M","M","E","$","R","B",null,"M","M","$","?","?","E","R","E","T","M","M","M","R","M","R","B",null,"M","?","T","M","M","R","M","E","T","M","R","M","R","M","R","B"],"character_chosen":"IRONCLAD","items_purchased":["Shrug It Off","Feel No Pain","Body Slam+1"],"campfire_rested":5,"item_purchase_floors":[5,5,14],"current_hp_per_floor":[82,85,84,72,72,72,71,71,71,43,28,29,15,15,56,43,77,77,69,69,69,69,37,78,60,60,38,38,30,30,30,71,13,69,59,48,48,40,39,39,31,12,12,11,52,41,41,42,83,0],"gold":510,"neow_bonus":"TEN_PERCENT_HP_BONUS","is_prod":false,"is_daily":false,"chose_seed":false,"campfire_upgraded":4,"win_rate":0,"timestamp":1558545162,"path_taken":["M","M","M","M","$","R","?","E","T","M","M","M","E","$","R","BOSS","M","M","$","?","?","E","R","E","T","M","M","?","R","M","R","BOSS","M","?","?","M","M","R","M","E","T","M","R","M","R","M","R","BOSS"],"build_version":"2019-01-23","purchased_purges":2,"victory":false,"max_hp_per_floor":[88,88,88,88,88,88,88,88,88,88,88,88,88,88,88,88,88,88,88,88,88,88,88,88,88,88,88,88,88,88,88,88,88,88,88,88,88,88,88,88,88,88,88,88,88,88,88,88,88,88],"card_choices":[{"not_picked":["Dual Wield","Infernal Blade"],"picked":"Twin Strike","floor":1.0},{"not_picked":["Flame Barrier","Warcry"],"picked":"Shrug It Off","floor":2.0},{"not_picked":["Flex","Warcry"],"picked":"Shrug It Off","floor":3.0},{"not_picked":["Flex","Whirlwind"],"picked":"Body Slam","floor":4.0},{"not_picked":["Flex","Rupture"],"picked":"Offering","floor":7.0},{"not_picked":["Heavy Blade","Entrench"],"picked":"Dropkick","floor":8.0},{"not_picked":["Pommel Strike","Warcry"],"picked":"Shockwave","floor":10.0},{"not_picked":["Armaments","Perfected Strike"],"picked":"Clothesline","floor":11.0},{"not_picked":["Power Through","Warcry"],"picked":"Spot Weakness","floor":12.0},{"not_picked":["Bloodletting","Rupture"],"picked":"Uppercut","floor":13.0},{"not_picked":["Berserk","Impervious"],"picked":"Limit Break","floor":16.0},{"not_picked":["Heavy Blade+1","Pommel Strike+1","Feel No Pain"],"picked":"SKIP","floor":18.0},{"not_picked":["Cleave+1","Shockwave"],"picked":"Flame Barrier","floor":19.0},{"not_picked":["Pommel Strike+1","Thunderclap+1"],"picked":"Clothesline+1","floor":23.0},{"not_picked":["Warcry","Heavy Blade+1"],"picked":"Fiend Fire+1","floor":25.0},{"not_picked":["Heavy Blade+1","Twin Strike+1","Rage"],"picked":"SKIP","floor":27.0},{"not_picked":["Searing Blow+1","Evolve"],"picked":"Body Slam+1","floor":28.0},{"not_picked":["Infernal Blade","Shrug It Off","Sentinel"],"picked":"SKIP","floor":29.0},{"not_picked":["Uppercut+1","Twin Strike+1"],"picked":"Inflame+1","floor":31.0},{"not_picked":["Double Tap","Berserk"],"picked":"Juggernaut","floor":33.0},{"not_picked":["Cleave+1"],"picked":"SKIP","floor":35.0},{"not_picked":["Clash+1"],"picked":"SKIP","floor":38.0},{"not_picked":["True Grit"],"picked":"SKIP","floor":39.0},{"not_picked":["Sword Boomerang+1"],"picked":"SKIP","floor":41.0},{"not_picked":["Clash+1"],"picked":"SKIP","floor":42.0},{"not_picked":["Armaments"],"picked":"SKIP","floor":44.0},{"not_picked":["Thunderclap+1"],"picked":"SKIP","floor":46.0},{"not_picked":["Cleave+1"],"picked":"SKIP","floor":48}],"player_experience":463299,"relics_obtained":[{"floor":8.0,"key":"Regal Pillow"},{"floor":9.0,"key":"Bottled Tornado"},{"floor":13.0,"key":"Molten Egg 2"},{"floor":23.0,"key":"Shuriken"},{"floor":25.0,"key":"Turnip"},{"floor":26.0,"key":"The Courier"},{"floor":37.0,"key":"Paper Frog"},{"floor":42.0,"key":"Red Skull"},{"floor":43.0,"key":"Omamori"}],"event_choices":[{"damage_healed":0.0,"max_hp_gain":0.0,"max_hp_loss":0.0,"gold_gain":0.0,"event_name":"Ghosts","player_choice":"Ignored","floor":21.0,"gold_loss":0.0,"damage_taken":0.0},{"damage_healed":0.0,"max_hp_gain":0.0,"max_hp_loss":0.0,"gold_gain":0.0,"event_name":"Accursed Blacksmith","player_choice":"Forge","floor":22.0,"gold_loss":0.0,"damage_taken":0.0,"cards_upgraded":["Limit Break"]},{"damage_healed":0.0,"max_hp_gain":0.0,"max_hp_loss":0.0,"gold_gain":0.0,"event_name":"Winding Halls","player_choice":"Embrace Madness","floor":36.0,"gold_loss":0.0,"damage_taken":11.0,"cards_obtained":["Madness","Madness"]}],"is_beta":false,"boss_relics":[{"not_picked":["Sozu","Tiny House"],"picked":"Snecko Eye"},{"not_picked":["Coffee Dripper","Runic Pyramid"],"picked":"Busted Crown"}],"items_purged_floors":[14,20],"is_endless":false,"potions_floor_spawned":[1,3,10,13,16,18,27,28,29,35,39,42,44,46],"killed_by":"Awakened One","ascension_level":13}