{"gold_per_floor":[218,228,28,28,44,72,84,104,104,104,7,7,24,19,19,120,120,134,145,157,257,257,257,288,288,288,300,300],"floor_reached":28,"playtime":1701,"items_purged":[],"score":242,"play_id":"628efc37-9732-42fa-90ac-7f326458158c","local_time":"20190529120612","is_ascension_mode":false,"campfire_choices":[{"floor":10,"key":"REST"},{"floor":12,"key":"REST"},{"data":"Dark Embrace","floor":15,"key":"SMITH"},{"floor":23,"key":"REST"},{"floor":25,"key":"REST"}],"neow_cost":"NONE","seed_source_timestamp":38706529590798,"circlet_count":0,"master_deck":["Strike_R","Strike_R","Strike_R","Strike_R","Strike_R","Defend_R","Defend_R","Defend_R","Defend_R","Bash","Rage","Flex","Spot Weakness","Shrug It Off","Seeing Red","Body Slam","Flex","Shrug It Off","Cleave","Dark Embrace+1","Fiend Fire","Dual Wield","Whirlwind","Combust","Fiend Fire","Entrench"],"relics":["Burning Blood","TheAbacus","Juzu Bracelet","Red Skull","Mark of Pain","Ancient Tea Set","Bottled Flame"],"potions_floor_usage":[6,16,16,22,24,24,28],"damage_taken":[{"damage":1,"enemies":"Cultist","floor":1,"turns":3},{"damage":3,"enemies":"Jaw Worm","floor":2,"turns":4},{"damage":3,"enemies":"Small Slimes","floor":5,"turns":4},{"damage":25,"enemies":"Gremlin Nob","floor":6,"turns":5},{"damage":30,"enemies":"Exordium Wildlife","floor":7,"turns":7},{"damage":16,"enemies":"Large Slime","floor":8,"turns":6},{"damage":5,"enemies":"Looter","floor":13,"turns":4},{"damage":13,"enemies":"Exordium Thugs","floor":14,"turns":5},{"damage":52,"enemies":"The Guardian","floor":16,"turns":14},{"damage":12,"enemies":"Chosen","floor":18,"turns":5},{"damage":31,"enemies":"2 Thieves","floor":19,"turns":5},{"damage":35,"enemies":"Centurion and Healer","floor":20,"turns":4},{"damage":0,"enemies":"Colosseum Slavers","floor":22,"turns":1},{"damage":36,"enemies":"Book of Stabbing","floor":24,"turns":4},{"damage":21,"enemies":"Snake Plant","floor":27,"turns":5},{"damage":35,"enemies":"Masked Bandits","floor":28,"turns":5}],"seed_played":"-752922556964905693","potions_obtained":[{"floor":1,"key":"SpeedPotion"},{"floor":4,"key":"SmokeBomb"},{"floor":4,"key":"AttackPotion"},{"floor":7,"key":"FearPotion"},{"floor":19,"key":"FearPotion"},{"floor":20,"key":"Poison Potion"},{"floor":27,"key":"Dexterity Potion"}],"is_trial":false,"path_per_floor":["M","M","$","?","M","E","M","M","T","R","$","R","M","M","R","B",null,"M","M","M","?","?","R","E","R","T","M","?"],"character_chosen":"IRONCLAD","items_purchased":["TheAbacus","Flex","Shrug It Off"],"campfire_rested":4,"item_purchase_floors":[3,11,11],"current_hp_per_floor":[80,80,80,80,80,61,37,27,27,51,51,75,76,69,69,23,80,74,49,20,20,26,50,20,44,44,29,0],"gold":300,"neow_bonus":"HUNDRED_GOLD","is_prod":false,"is_daily":false,"chose_seed":false,"campfire_upgraded":1,"win_rate":0.0,"timestamp":1559153172,"path_taken":["M","M","?","?","M","E","M","M","T","R","$","R","M","M","R","BOSS","M","M","M","?","?","R","E","R","T","M","?"],"build_version":"2019-01-23","purchased_purges":0,"victory":false,"max_hp_per_floor":[80,80,80,80,80,80,80,80,80,80,80,80,80,80,80,80,80,80,80,80,80,80,80,80,80,80,80,80],"card_choices":[{"not_picked":["Cleave","Feel No Pain"],"picked":"Rage","floor":1},{"not_picked":["Shrug It Off","Feel No Pain"],"picked":"Flex","floor":2},{"not_picked":["Anger","Shockwave"],"picked":"Spot Weakness","floor":5},{"not_picked":["Perfected Strike","Blood for Blood"],"picked":"Shrug It Off","floor":6},{"not_picked":["Body Slam","Disarm"],"picked":"Seeing Red","floor":7},{"not_picked":["Sever Soul","True Grit"],"picked":"Body Slam","floor":8},{"not_picked":["Disarm","Perfected Strike"],"picked":"Cleave","floor":13},{"not_picked":["True Grit","Wild Strike"],"picked":"Dark Embrace","floor":14},{"not_picked":["Brutality","Berserk"],"picked":"Fiend Fire","floor":16},{"not_picked":["Warcry","Clash"],"picked":"Dual Wield","floor":18},{"not_picked":["Twin Strike","Perfected Strike"],"picked":"Whirlwind","floor":19},{"not_picked":["Warcry","Armaments"],"picked":"Combust","floor":20},{"not_picked":["Fire Breathing","Havoc+1"],"picked":"Fiend Fire","floor":24},{"not_picked":["Clash+1","Cleave"],"picked":"Entrench","floor":27}],"player_experience":112868,"relics_obtained":[{"floor":6,"key":"Juzu Bracelet"},{"floor":9,"key":"Red Skull"},{"floor":24,"key":"Ancient Tea Set"},{"floor":26,"key":"Bottled Flame"}],"event_choices":[{"damage_healed":0,"gold_gain":0,"player_choice":"Got Potions","damage_taken":0,"max_hp_gain":0,"max_hp_loss":0,"event_name":"Lab","floor":4,"gold_loss":0},{"damage_healed":0,"gold_gain":100,"player_choice":"Pray","damage_taken":0,"max_hp_gain":0,"max_hp_loss":0,"event_name":"Golden Shrine","floor":21,"gold_loss":0},{"damage_healed":0,"gold_gain":0,"player_choice":"Fight","damage_taken":0,"max_hp_gain":0,"max_hp_loss":0,"event_name":"Colosseum","floor":22,"gold_loss":0},{"damage_healed":0,"gold_gain":0,"player_choice":"Fled From Nobs","damage_taken":0,"max_hp_gain":0,"max_hp_loss":0,"event_name":"Colosseum","floor":22,"gold_loss":0},{"damage_healed":0,"gold_gain":0,"player_choice":"Fought Bandits","damage_taken":0,"max_hp_gain":0,"max_hp_loss":0,"event_name":"Masked Bandits","floor":28,"gold_loss":0}],"is_beta":false,"boss_relics":[{"not_picked":["Black Star","Coffee Dripper"],"picked":"Mark of Pain"}],"items_purged_floors":[],"is_endless":false,"potions_floor_spawned":[1,7,8,13,19,20,27],"killed_by":"Masked Bandits","ascension_level":0}