{"gold_per_floor":[113,129,129,129,129,157,176,189,236,246,260,8,21,21],"floor_reached":14,"playtime":969,"items_purged":[],"score":94,"play_id":"1da2754f-bc0c-43ed-b6f6-239d81021f89","local_time":"20190526185022","is_ascension_mode":false,"campfire_choices":[],"neow_cost":"TEN_PERCENT_HP_LOSS","seed_source_timestamp":8014700191989,"circlet_count":0,"master_deck":["Strike_R","Strike_R","Strike_R","Strike_R","Strike_R","Defend_R","Defend_R","Defend_R","Defend_R","Bash","Panache","Forethought+1","Shrug It Off+1","Perfected Strike","Bash","Seeing Red","Body Slam","Iron Wave","Inflame","Thunderclap","Clothesline"],"relics":["Burning Blood","Pear","Happy Flower","Pantograph"],"potions_floor_usage":[6,10],"damage_taken":[{"damage":1,"enemies":"Cultist","floor":1,"turns":4},{"damage":11,"enemies":"Jaw Worm","floor":2,"turns":5},{"damage":30,"enemies":"Lagavulin","floor":6,"turns":8},{"damage":10,"enemies":"2 Louse","floor":7,"turns":3},{"damage":5,"enemies":"Looter","floor":8,"turns":4},{"damage":28,"enemies":"Gremlin Gang","floor":10,"turns":5},{"damage":5,"enemies":"2 Fungi Beasts","floor":11,"turns":3},{"damage":7,"enemies":"3 Louse","floor":13,"turns":4},{"damage":27,"enemies":"Gremlin Nob","floor":14,"turns":4}],"seed_played":"-4329397438353087026","potions_obtained":[{"floor":2,"key":"Energy Potion"},{"floor":7,"key":"Strength Potion"},{"floor":11,"key":"Swift Potion"}],"is_trial":false,"path_per_floor":["M","M","?","?","?","E","M","M","T","M","M","$","M","E"],"character_chosen":"IRONCLAD","items_purchased":["Pantograph"],"campfire_rested":0,"item_purchase_floors":[12],"current_hp_per_floor":[72,67,67,53,53,39,35,36,36,14,15,15,14,0],"gold":21,"neow_bonus":"RANDOM_COLORLESS_2","is_prod":false,"is_daily":false,"chose_seed":false,"campfire_upgraded":0,"win_rate":0.0,"timestamp":1558918222,"path_taken":["M","?","?","?","?","E","M","M","T","?","M","$","M","E"],"build_version":"2019-01-23","purchased_purges":0,"victory":false,"max_hp_per_floor":[72,72,72,72,72,82,82,82,82,82,82,82,82,82],"card_choices":[{"not_picked":["Pummel","Wild Strike"],"picked":"Shrug It Off","floor":1},{"not_picked":["Intimidate","Searing Blow"],"picked":"Perfected Strike","floor":2},{"not_picked":["Body Slam","Sword Boomerang"],"picked":"Seeing Red","floor":6},{"not_picked":["Clash","Burning Pact"],"picked":"Body Slam","floor":7},{"not_picked":["Rupture","Hemokinesis"],"picked":"Iron Wave","floor":8},{"not_picked":["Sword Boomerang","Clash"],"picked":"Inflame","floor":10},{"not_picked":["Wild Strike","Dropkick"],"picked":"Thunderclap","floor":11},{"not_picked":["Sword Boomerang","Brutality"],"picked":"Clothesline","floor":13}],"player_experience":73832,"relics_obtained":[{"floor":6,"key":"Pear"},{"floor":9,"key":"Happy Flower"}],"event_choices":[{"damage_healed":0,"gold_gain":0,"player_choice":"Ignored","damage_taken":0,"max_hp_gain":0,"max_hp_loss":0,"event_name":"Golden Wing","floor":3,"gold_loss":0},{"damage_healed":0,"gold_gain":0,"player_choice":"Entered Light","damage_taken":14,"max_hp_gain":0,"max_hp_loss":0,"event_name":"Shining Light","floor":4,"gold_loss":0,"cards_upgraded":["Forethought","Shrug It Off"]},{"damage_healed":0,"gold_gain":0,"player_choice":"1 cards matched","damage_taken":0,"max_hp_gain":0,"max_hp_loss":0,"event_name":"Match and Keep!","floor":5,"gold_loss":0,"cards_obtained":["Bash"]}],"is_beta":false,"boss_relics":[],"items_purged_floors":[],"is_endless":false,"potions_floor_spawned":[2,7,11],"killed_by":"Gremlin Nob","ascension_level":0}