{"gold_per_floor":[111,111,123,123,135,135,149,149,149,181,181,57,76,92,92,188,188,203,236,236,256,270,270,134,144,169,94,9,26,58,70,70,171,171,184,204,7,18,18,18,32,132,157,180,207,24,24,42,42,42],"floor_reached":51,"playtime":2254,"items_purged":["Strike_B","Defend_B"],"score":723,"play_id":"d13323dc-be52-451e-88e1-71b312dd7d58","local_time":"20180916144116","is_ascension_mode":false,"campfire_choices":[{"data":"Darkness","floor":6,"key":"SMITH"},{"data":"Beam Cell","floor":8,"key":"SMITH"},{"data":"Zap","floor":15,"key":"SMITH"},{"data":"Darkness","floor":23,"key":"SMITH"},{"data":"Hologram","floor":32,"key":"SMITH"}],"neow_cost":"","seed_source_timestamp":138302023676531,"circlet_count":0,"master_deck":["Defend_B","Defend_B","Defend_B","Zap+1","Gash","Darkness+1","Gash","Beam Cell+1","Gash","Machine Learning","Leap+1","Darkness+1","Capacitor","Gash","Gash","Hologram+1","Gash","Double Energy+1","Buffer+1"],"relics":["Cracked Core","Mango","Unceasing Top","Turnip","Coffee Dripper","Red Mask","Bronze Scales","Ornamental Fan","Frozen Egg 2","Fusion Hammer","Toy Ornithopter","MawBank","Potion Belt"],"potions_floor_usage":[10,18,50,50,50,50,50],"damage_taken":[{"damage":1,"enemies":"Jaw Worm","floor":1,"turns":3},{"damage":1,"enemies":"Cultist","floor":3,"turns":3},{"damage":9,"enemies":"2 Louse","floor":5,"turns":2},{"damage":6,"enemies":"Exordium Wildlife","floor":7,"turns":3},{"damage":10,"enemies":"Gremlin Nob","floor":10,"turns":3},{"damage":5,"enemies":"Looter","floor":13,"turns":3},{"damage":3,"enemies":"Large Slime","floor":14,"turns":4},{"damage":12,"enemies":"Hexaghost","floor":16,"turns":7},{"damage":3,"enemies":"3 Byrds","floor":18,"turns":4},{"damage":10,"enemies":"Masked Bandits","floor":19,"turns":3},{"damage":0,"enemies":"Chosen","floor":21,"turns":3},{"damage":15,"enemies":"Centurion and Healer","floor":22,"turns":4},{"damage":0,"enemies":"3 Cultists","floor":25,"turns":4},{"damage":7,"enemies":"Shelled Parasite and Fungi","floor":29,"turns":3},{"damage":31,"enemies":"Gremlin Leader","floor":30,"turns":4},{"damage":0,"enemies":"Snake Plant","floor":31,"turns":2},{"damage":3,"enemies":"Automaton","floor":33,"turns":6},{"damage":0,"enemies":"3 Darklings","floor":35,"turns":3},{"damage":0,"enemies":"Orb Walker","floor":36,"turns":2},{"damage":4,"enemies":"Reptomancer","floor":38,"turns":3},{"damage":5,"enemies":"Sphere and 2 Shapes","floor":41,"turns":3},{"damage":0,"enemies":"Maw","floor":44,"turns":3},{"damage":0,"enemies":"Spire Growth","floor":45,"turns":2},{"damage":0,"enemies":"4 Shapes","floor":48,"turns":3},{"damage":34,"enemies":"Time Eater","floor":50,"turns":6}],"seed_played":"-176167030082571504","potions_obtained":[{"floor":5,"key":"SteroidPotion"},{"floor":14,"key":"Energy Potion"},{"floor":16,"key":"Strength Potion"},{"floor":18,"key":"SpeedPotion"},{"floor":25,"key":"SpeedPotion"},{"floor":33,"key":"FocusPotion"},{"floor":48,"key":"Strength Potion"}],"is_trial":false,"path_per_floor":["M","?","M","?","M","R","M","R","T","E","?","$","M","M","R","B",null,"M","?","?","M","M","R","$","M","T","?","?","M","E","M","R","B",null,"M","M","$","M","?","R","M","?","T","M","M","$","?","M","R","B"],"character_chosen":"DEFECT","items_purchased":["Gash","Loop","Toy Ornithopter","Potion Belt","Poison Potion"],"campfire_rested":0,"item_purchase_floors":[12,24,37,46,46],"current_hp_per_floor":[74,67,66,77,68,68,62,62,62,52,52,52,47,44,44,32,89,86,76,76,76,61,61,61,61,61,61,61,54,23,23,23,20,89,89,89,89,85,85,85,80,80,80,80,80,80,80,80,80,71],"gold":42,"neow_bonus":"","is_prod":false,"is_daily":false,"chose_seed":false,"campfire_upgraded":5,"win_rate":0,"timestamp":1537098076,"path_taken":["M","?","?","?","M","R","M","R","T","E","?","$","M","M","R","BOSS","M","?","?","?","M","R","$","M","T","?","?","M","E","M","R","BOSS","M","M","$","M","?","R","M","?","T","?","M","$","?","M","R","BOSS"],"build_version":"2018-09-06","purchased_purges":2,"victory":true,"max_hp_per_floor":[75,75,75,89,89,89,89,89,89,89,89,89,89,89,89,89,89,89,89,89,89,89,89,89,89,89,89,89,89,89,89,89,89,89,89,89,89,89,89,89,89,89,89,89,89,89,89,89,89,89],"card_choices":[{"not_picked":["Loop","Stack"],"picked":"Gash","floor":1},{"not_picked":["Double Energy","Glacier"],"picked":"Darkness","floor":3},{"not_picked":["Genetic Algorithm","Go for the Eyes"],"picked":"Gash","floor":5},{"not_picked":["Auto Shields","Undo"],"picked":"Beam Cell","floor":7},{"not_picked":["Barrage","Reinforced Body","Consume"],"picked":"SKIP","floor":10},{"not_picked":["Undo","Loop","Stack"],"picked":"SKIP","floor":13},{"not_picked":["Sunder","Self Repair","Coolheaded"],"picked":"SKIP","floor":14},{"not_picked":["Thunder Strike","Biased Cognition"],"picked":"Machine Learning","floor":16},{"not_picked":["Coolheaded","Barrage"],"picked":"Leap+1","floor":18},{"not_picked":["Leap","Blizzard+1"],"picked":"Darkness","floor":19},{"not_picked":["Coolheaded","Streamline","Beam Cell+1"],"picked":"SKIP","floor":21},{"not_picked":["Beam Cell","Ball Lightning"],"picked":"Capacitor","floor":22},{"not_picked":["Streamline","Recycle+1"],"picked":"Gash","floor":25},{"not_picked":["Steam","Cold Snap","Machine Learning"],"picked":"SKIP","floor":29},{"not_picked":["Stack+1","Aggregate"],"picked":"Gash","floor":30},{"not_picked":["Cold Snap+1","Coolheaded"],"picked":"Hologram","floor":31},{"not_picked":["Auto Shields+1","Scrape+1","Steam"],"picked":"SKIP","floor":35},{"not_picked":["Consume+1","White Noise","Stack+1"],"picked":"SKIP","floor":36},{"not_picked":["Redo","Chill+1"],"picked":"Gash","floor":38},{"not_picked":["Leap+1","Streamline"],"picked":"Double Energy+1","floor":41},{"not_picked":["BootSequence","Static Discharge+1","Hologram"],"picked":"SKIP","floor":44},{"not_picked":["BootSequence","White Noise"],"picked":"Buffer+1","floor":45},{"not_picked":["Compile Driver+1","Melter","Cold Snap+1"],"picked":"SKIP","floor":48}],"player_experience":224192,"relics_obtained":[{"floor":9,"key":"Unceasing Top"},{"floor":10,"key":"Turnip"},{"floor":19,"key":"Red Mask"},{"floor":26,"key":"Bronze Scales"},{"floor":30,"key":"Frozen Egg 2"},{"floor":43,"key":"MawBank"}],"event_choices":[{"event_name":"Golden Wing","player_choice":"Card Removal","floor":2,"damage_taken":0},{"event_name":"Scrap Ooze","player_choice":"success","floor":4,"damage_taken":3},{"event_name":"Living Wall","player_choice":"Forget","floor":11,"damage_taken":0},{"event_name":"Masked Bandits","player_choice":"Fought Bandits","floor":19,"damage_taken":0},{"event_name":"Back to Basics","player_choice":"Elegance","floor":20,"damage_taken":0},{"event_name":"Beggar","player_choice":"Gave Gold","floor":27,"damage_taken":0},{"event_name":"Addict","player_choice":"Obtained Relic","floor":28,"damage_taken":0},{"event_name":"SensoryStone","player_choice":"Memory 1","floor":39,"damage_taken":0},{"event_name":"Golden Shrine","player_choice":"Pray","floor":42,"damage_taken":0},{"event_name":"Purifier","player_choice":"One Purge","floor":47,"damage_taken":0}],"is_beta":false,"boss_relics":[{"not_picked":["Eternal Feather","Astrolabe"],"picked":"Coffee Dripper"},{"not_picked":["Nuclear Battery","Runic Pyramid"],"picked":"Fusion Hammer"}],"items_purged_floors":[12,24],"is_endless":false,"potions_floor_spawned":[5,14,16,18,25,33,36,38,48],"ascension_level":0}