{"gold_per_floor":[359,374,387,387,96,127,127,27,27,41,41,41,53,79,79,178,178,188,10,10,33,33,68,79,79,79,79,79,79],"floor_reached":29,"playtime":847,"items_purged":["Strike_R","Strike_R","Strike_R"],"score":349,"play_id":"50fd85fb-9e63-4cd7-af52-3527e3207a16","local_time":"20190520234042","is_ascension_mode":true,"campfire_choices":[{"floor":7.0,"key":"REST"},{"data":"Whirlwind","floor":12.0,"key":"SMITH"},{"data":"Demon Form","floor":15.0,"key":"SMITH"},{"data":"Limit Break","floor":25.0,"key":"SMITH"},{"floor":27.0,"key":"REST"}],"neow_cost":"PERCENT_DAMAGE","seed_source_timestamp":0,"circlet_count":0,"master_deck":["Strike_R","Strike_R","Defend_R","Defend_R+1","Defend_R","Bash","Flex","Demon Form+1","Whirlwind+1","Flex","True Grit+1","Limit Break+1","Shrug It Off"],"special_seed":0,"relics":["Burning Blood","Tiny Chest","Bottled Tornado","Pantograph","Blood Vial","Busted Crown","MutagenicStrength","Happy Flower","War Paint"],"potions_floor_usage":[29],"damage_taken":[{"damage":6.0,"enemies":"Cultist","floor":1.0,"turns":3.0},{"damage":2.0,"enemies":"2 Louse","floor":2.0,"turns":2.0},{"damage":0.0,"enemies":"Small Slimes","floor":3.0,"turns":3.0},{"damage":50.0,"enemies":"3 Sentries","floor":6.0,"turns":5.0},{"damage":27.0,"enemies":"Blue Slaver","floor":10.0,"turns":6.0},{"damage":0.0,"enemies":"Exordium Wildlife","floor":13.0,"turns":2.0},{"damage":28.0,"enemies":"Gremlin Nob","floor":14.0,"turns":4.0},{"damage":35.0,"enemies":"The Guardian","floor":16.0,"turns":5.0},{"damage":18.0,"enemies":"Shell Parasite","floor":18.0,"turns":5.0},{"damage":45.0,"enemies":"Book of Stabbing","floor":23.0,"turns":5.0},{"damage":7.0,"enemies":"3 Byrds","floor":24.0,"turns":3.0},{"damage":63,"enemies":"Slavers","floor":29,"turns":4}],"seed_played":"-213286324930788844","potions_obtained":[{"floor":1.0,"key":"AttackPotion"},{"floor":10.0,"key":"FearPotion"},{"floor":13.0,"key":"Weak Potion"},{"floor":14.0,"key":"AttackPotion"},{"floor":16.0,"key":"Weak Potion"},{"floor":18.0,"key":"BloodPotion"},{"floor":24.0,"key":"Fruit Juice"}],"is_trial":false,"path_per_floor":["M","M","M","?","$","E","R","$","T","M","?","R","M","E","R","B",null,"M","$","?","T","?","E","M","R","T","R","?","E"],"character_chosen":"IRONCLAD","items_purchased":["Whirlwind","Tiny Chest","Flex","Shrug It Off"],"campfire_rested":2,"item_purchase_floors":[5,5,5,19],"current_hp_per_floor":[51,55,61,61,61,17,41,41,41,20,46,46,52,30,30,28,67,57,57,57,57,57,28,29,29,29,53,53,0],"gold":79,"neow_bonus":"TWO_FIFTY_GOLD","is_prod":false,"is_daily":false,"chose_seed":false,"campfire_upgraded":3,"win_rate":0,"timestamp":1558384842,"path_taken":["M","?","M","?","$","E","R","?","T","M","?","R","M","E","R","BOSS","M","$","?","?","?","E","M","R","T","R","?","E"],"build_version":"2019-01-23","purchased_purges":3,"victory":false,"max_hp_per_floor":[80,80,80,80,80,80,80,80,80,80,80,80,80,80,80,80,80,80,80,80,80,80,80,80,80,80,80,80,85],"card_choices":[{"not_picked":["Evolve","Clothesline","Havoc"],"picked":"SKIP","floor":1.0},{"not_picked":["Heavy Blade","Headbutt"],"picked":"Flex","floor":2.0},{"not_picked":["Thunderclap","Perfected Strike"],"picked":"Demon Form","floor":3.0},{"not_picked":["Twin Strike","Armaments","Warcry"],"picked":"SKIP","floor":6.0},{"not_picked":["Spot Weakness","Flex"],"picked":"True Grit","floor":10.0},{"not_picked":["Sword Boomerang","Armaments","Anger"],"picked":"SKIP","floor":13.0},{"not_picked":["Anger","True Grit","Entrench"],"picked":"SKIP","floor":14.0},{"not_picked":["Exhume","Double Tap"],"picked":"Limit Break","floor":16.0},{"not_picked":["Dual Wield"],"picked":"SKIP","floor":18.0},{"not_picked":["Dropkick+1"],"picked":"SKIP","floor":23.0},{"not_picked":["Clash"],"picked":"SKIP","floor":24.0}],"player_experience":299777,"relics_obtained":[{"floor":6.0,"key":"Bottled Tornado"},{"floor":9.0,"key":"Pantograph"},{"floor":14.0,"key":"Blood Vial"},{"floor":21.0,"key":"Happy Flower"},{"floor":23.0,"key":"War Paint"}],"event_choices":[{"damage_healed":0.0,"max_hp_gain":0.0,"max_hp_loss":0.0,"gold_gain":0.0,"event_name":"Match and Keep!","player_choice":"0 cards matched","floor":4.0,"gold_loss":0.0,"damage_taken":0.0,"cards_obtained":[]},{"damage_healed":26.0,"max_hp_gain":0.0,"max_hp_loss":0.0,"gold_gain":0.0,"event_name":"Big Fish","player_choice":"Banana","floor":11.0,"gold_loss":0.0,"damage_taken":0.0},{"damage_healed":0.0,"max_hp_gain":0.0,"max_hp_loss":0.0,"gold_gain":0.0,"event_name":"Drug Dealer","player_choice":"Inject Mutagens","floor":20.0,"gold_loss":0.0,"damage_taken":0.0,"relics_obtained":["MutagenicStrength"]},{"cards_removed":["Defend_R"],"damage_healed":0.0,"max_hp_gain":0.0,"max_hp_loss":0.0,"gold_gain":0.0,"event_name":"Back to Basics","player_choice":"Elegance","floor":22.0,"gold_loss":0.0,"damage_taken":0.0}],"is_beta":false,"boss_relics":[{"not_picked":["Fusion Hammer","Runic Dome"],"picked":"Busted Crown"}],"items_purged_floors":[5,8,19],"is_endless":false,"potions_floor_spawned":[1,10,13,14,16,18,24],"killed_by":"Slavers","ascension_level":8}