{"gold_per_floor":[114,133,133,149,169,169,185,185,185,213,388,388,401,43,43,148,148,167,179,6,26,26],"floor_reached":22,"playtime":1715,"items_purged":["Regret","Doubt"],"score":188,"play_id":"e1596654-6729-446a-8d16-66d5dcc89e78","local_time":"20190518164945","is_ascension_mode":false,"campfire_choices":[{"floor":6,"key":"REST"},{"floor":8,"key":"REST"},{"floor":15,"key":"REST"}],"neow_cost":"CURSE","seed_source_timestamp":122715890691602,"circlet_count":0,"master_deck":["Strike_B","Strike_B","Strike_B","Strike_B","Defend_B","Defend_B","Defend_B","Defend_B","Zap","Dualcast","Bandage Up","Conserve Battery","Barrage","Stack","Rebound","Go for the Eyes+1","Doom and Gloom","Stack","Amplify","Auto Shields+1","Leap+1","Ball Lightning","Hologram","Gash+1"],"relics":["Cracked Core","Ancient Tea Set","Oddly Smooth Stone","Gremlin Horn","Toy Ornithopter","Inserter"],"potions_floor_usage":[7,16,16,18,21],"damage_taken":[{"damage":7,"enemies":"Small Slimes","floor":1,"turns":3},{"damage":7,"enemies":"Cultist","floor":2,"turns":4},{"damage":1,"enemies":"2 Louse","floor":4,"turns":3},{"damage":23,"enemies":"Large Slime","floor":5,"turns":7},{"damage":46,"enemies":"Gremlin Gang","floor":7,"turns":5},{"damage":40,"enemies":"Gremlin Nob","floor":10,"turns":5},{"damage":4,"enemies":"2 Fungi Beasts","floor":13,"turns":2},{"damage":46,"enemies":"Slime Boss","floor":16,"turns":11},{"damage":32,"enemies":"Shell Parasite","floor":18,"turns":10},{"damage":22,"enemies":"Spheric Guardian","floor":19,"turns":7},{"damage":28,"enemies":"Snake Plant","floor":21,"turns":7},{"damage":11,"enemies":"Centurion and Healer","floor":22,"turns":1}],"seed_played":"365675899997461646","potions_obtained":[{"floor":5,"key":"Strength Potion"},{"floor":13,"key":"FocusPotion"},{"floor":16,"key":"Poison Potion"},{"floor":19,"key":"AttackPotion"}],"is_trial":false,"path_per_floor":["M","M","?","M","M","R","M","R","T","E","?","?","M","$","R","B",null,"M","M","$","M","M"],"character_chosen":"DEFECT","items_purchased":["Toy Ornithopter","Regen Potion","Ball Lightning","Hologram"],"campfire_rested":3,"item_purchase_floors":[14,14,20,20],"current_hp_per_floor":[68,65,65,68,49,71,29,51,51,15,15,15,15,15,37,20,75,47,29,29,10,0],"gold":26,"neow_bonus":"RANDOM_COLORLESS_2","is_prod":false,"is_daily":false,"chose_seed":false,"campfire_upgraded":0,"win_rate":0.0,"timestamp":1558219785,"path_taken":["M","M","?","M","?","R","M","R","T","E","?","?","M","$","R","BOSS","M","?","$","M","M"],"build_version":"2019-01-23","purchased_purges":2,"victory":false,"max_hp_per_floor":[75,75,75,75,75,75,75,75,75,75,75,75,75,75,75,75,75,75,75,75,75,75],"card_choices":[{"not_picked":["Steam","Turbo"],"picked":"Conserve Battery","floor":1},{"not_picked":["Compile Driver","Go for the Eyes"],"picked":"Barrage","floor":2},{"not_picked":["Coolheaded","Chaos"],"picked":"Stack","floor":4},{"not_picked":["Ball Lightning","Lockon"],"picked":"Rebound","floor":5},{"not_picked":["Gash","Storm"],"picked":"Go for the Eyes","floor":7},{"not_picked":["Aggregate","Skim"],"picked":"Doom and Gloom","floor":10},{"not_picked":["Streamline","Sweeping Beam"],"picked":"Stack","floor":13},{"not_picked":["Electrodynamics","Seek"],"picked":"Amplify","floor":16},{"not_picked":["White Noise+1","Hologram"],"picked":"Auto Shields+1","floor":18},{"not_picked":["Sunder","Streamline"],"picked":"Leap+1","floor":19},{"not_picked":["Steam Power+1","Turbo"],"picked":"Gash+1","floor":21}],"player_experience":32101,"relics_obtained":[{"floor":9,"key":"Oddly Smooth Stone"},{"floor":10,"key":"Gremlin Horn"}],"event_choices":[{"cards_removed":["Dramatic Entrance"],"damage_healed":0,"gold_gain":0,"player_choice":"Gave Card","damage_taken":0,"relics_obtained":["Ancient Tea Set"],"max_hp_gain":0,"max_hp_loss":0,"event_name":"WeMeetAgain","floor":3,"gold_loss":0},{"damage_healed":0,"gold_gain":175,"player_choice":"AGREE","damage_taken":0,"max_hp_gain":0,"max_hp_loss":0,"event_name":"Liars Game","floor":11,"gold_loss":0,"cards_obtained":["Doubt"]},{"damage_healed":0,"gold_gain":0,"player_choice":"Forge","damage_taken":0,"max_hp_gain":0,"max_hp_loss":0,"event_name":"Accursed Blacksmith","floor":12,"gold_loss":0,"cards_upgraded":["Go for the Eyes"]}],"is_beta":false,"boss_relics":[{"not_picked":["Fusion Hammer","Runic Dome"],"picked":"Inserter"}],"items_purged_floors":[14,20],"is_endless":false,"potions_floor_spawned":[5,13,16,19],"killed_by":"Centurion and Healer","ascension_level":0}