{"gold_per_floor":[110,125,140,65,65,65,92,92,92,57,70,70,99,167,167,267,267,277,277,108,127,127,153,153,172,172,172],"floor_reached":27,"playtime":928,"items_purged":["Strike_B","Strike_B"],"score":239,"play_id":"9f61328c-e668-4ed4-a409-20b06fcccc08","local_time":"20180916210803","is_ascension_mode":false,"campfire_choices":[{"floor":6,"key":"REST"},{"floor":8,"key":"REST"},{"floor":15,"key":"REST"},{"floor":24,"key":"REST"}],"neow_cost":"NONE","seed_source_timestamp":162856274927007,"circlet_count":0,"master_deck":["Strike_B","Defend_B","Defend_B","Defend_B","Defend_B","Zap","Dualcast","Creative AI+1","Storm","Double Energy","Ball Lightning","Force Field","Electrodynamics","Tempest","Storm","Storm+1"],"relics":["Cracked Core","Bottled Tornado","Pantograph","Gremlin Horn","Question Card","Philosopher\u0027s Stone","MutagenicStrength","Pen Nib","Dead Branch"],"potions_floor_usage":[16],"damage_taken":[{"damage":10,"enemies":"Jaw Worm","floor":1,"turns":4},{"damage":15,"enemies":"Cultist","floor":2,"turns":4},{"damage":12,"enemies":"2 Louse","floor":3,"turns":2},{"damage":32,"enemies":"Gremlin Nob","floor":7,"turns":4},{"damage":10,"enemies":"Looter","floor":11,"turns":4},{"damage":19,"enemies":"Lagavulin","floor":13,"turns":6},{"damage":30,"enemies":"Slime Boss","floor":16,"turns":6},{"damage":2,"enemies":"Spheric Guardian","floor":18,"turns":3},{"damage":5,"enemies":"3 Byrds","floor":21,"turns":2},{"damage":42,"enemies":"Slavers","floor":23,"turns":3},{"damage":29,"enemies":"Centurion and Healer","floor":25,"turns":3},{"damage":27,"enemies":"Snake Plant","floor":27,"turns":1}],"seed_played":"-2944707381705972934","potions_obtained":[{"floor":2,"key":"FearPotion"},{"floor":7,"key":"PowerPotion"},{"floor":13,"key":"GamblersBrew"},{"floor":21,"key":"Swift Potion"},{"floor":23,"key":"FocusPotion"}],"is_trial":false,"path_per_floor":["M","M","M","$","?","R","E","R","T","$","M","?","E","T","R","B",null,"M","?","$","M","?","E","R","M","T"],"character_chosen":"DEFECT","items_purchased":["Force Field","Storm"],"campfire_rested":4,"item_purchase_floors":[10,20],"current_hp_per_floor":[65,50,38,38,38,60,28,50,50,50,40,40,21,21,43,38,75,73,73,73,68,68,26,48,19,19,0],"gold":172,"neow_bonus":"ONE_RANDOM_RARE_CARD","is_prod":false,"is_daily":false,"chose_seed":false,"campfire_upgraded":0,"win_rate":0,"timestamp":1537121283,"path_taken":["M","M","M","$","?","R","E","R","T","?","M","?","E","?","R","BOSS","M","?","$","M","?","E","R","M","T","?"],"build_version":"2018-09-06","purchased_purges":2,"victory":false,"max_hp_per_floor":[75,75,75,75,75,75,75,75,75,75,75,75,75,75,75,75,75,75,75,75,75,75,75,75,75,75,75],"card_choices":[{"not_picked":["Steam","Stack"],"picked":"Storm","floor":1},{"not_picked":["BootSequence","Chill"],"picked":"Double Energy","floor":2},{"not_picked":["Coolheaded","Compile Driver"],"picked":"Ball Lightning","floor":3},{"not_picked":["Chaos","Hologram","Redo"],"picked":"SKIP","floor":7},{"not_picked":["Stack","Coolheaded","Auto Shields"],"picked":"SKIP","floor":11},{"not_picked":["Streamline","Rainbow","Stack"],"picked":"SKIP","floor":13},{"not_picked":["Reboot","Buffer","Core Surge"],"picked":"Electrodynamics","floor":16},{"not_picked":["Barrage","Coolheaded","Sweeping Beam","Double Energy"],"picked":"SKIP","floor":18},{"not_picked":["Undo","Static Discharge","Heatsinks","Sweeping Beam"],"picked":"SKIP","floor":21},{"not_picked":["Barrage","Steam Power","Buffer","Recycle"],"picked":"SKIP","floor":23},{"not_picked":["Self Repair","Aggregate","Skim"],"picked":"Storm+1","floor":25}],"player_experience":226446,"relics_obtained":[{"floor":7,"key":"Bottled Tornado"},{"floor":9,"key":"Pantograph"},{"floor":13,"key":"Gremlin Horn"},{"floor":14,"key":"Question Card"},{"floor":23,"key":"Pen Nib"},{"floor":26,"key":"Dead Branch"}],"event_choices":[{"event_name":"Living Wall","player_choice":"Grow","floor":5,"damage_taken":0},{"event_name":"Purifier","player_choice":"One Purge","floor":12,"damage_taken":0},{"event_name":"The Library","player_choice":"Read","floor":19,"damage_taken":0},{"event_name":"Drug Dealer","player_choice":"Inject Mutagens","floor":22,"damage_taken":0}],"is_beta":false,"boss_relics":[{"not_picked":["Busted Crown","Runic Dome"],"picked":"Philosopher\u0027s Stone"}],"items_purged_floors":[4,20],"is_endless":false,"potions_floor_spawned":[2,7,13,21,23],"killed_by":"Snake Plant","ascension_level":0}