{"gold_per_floor":[110,120,45,64,75,75,107,107,132,152,152,152,164,164,164,295,295,295],"floor_reached":18,"playtime":953,"items_purged":["Strike_R","Strike_R"],"score":135,"play_id":"aceeb3fc-797d-4637-843e-c764d9a63278","local_time":"20190222124117","is_ascension_mode":false,"campfire_choices":[{"floor":6,"key":"RECALL"},{"data":"Entrench","floor":8,"key":"SMITH"},{"data":"Bash","floor":12,"key":"SMITH"}],"neow_cost":"NONE","seed_source_timestamp":597075124944014,"circlet_count":0,"master_deck":["Strike_R","Strike_R","Defend_R","Defend_R","Defend_R","Defend_R","Bash+1","SuicideKing","Entrench+1","Power Through","strawberrySpire:Beatdown"],"relics":["Burning Blood","HushsDoor","PokeGo","PokeGo","PokeGo","BookOfRevelations","aspiration:Nostalgia","infinitespire:DarkRift","Kunai","Odd Mushroom","Golden Idol","Replay:Grab Bag"],"potions_floor_usage":[7,7,16],"damage_taken":[{"damage":0,"enemies":"Cultist","floor":1,"turns":2},{"damage":14,"enemies":"2 Louse","floor":2,"turns":5},{"damage":0,"enemies":"Jaw Worm","floor":4,"turns":1},{"damage":0,"enemies":"2 Fungi Beasts","floor":5,"turns":4},{"damage":0,"enemies":"Lagavulin","floor":7,"turns":8},{"damage":39,"enemies":"The Mushroom Lair","floor":10,"turns":7},{"damage":17,"enemies":"3 Louse","floor":13,"turns":3},{"damage":36,"enemies":"Monstro","floor":16,"turns":11},{"damage":0,"enemies":"Chosen","floor":18,"turns":1}],"seed_played":"-220609462689775391","potions_obtained":[{"floor":2,"key":"Poison Potion"},{"floor":5,"key":"Weak Potion"},{"floor":7,"key":"Strength Potion"}],"is_trial":false,"path_per_floor":["M","M","$","M","M","R","E","R","T","?","?","R","M","?","R","B",null,"M"],"character_chosen":"IRONCLAD","items_purchased":[],"campfire_rested":0,"item_purchase_floors":[],"current_hp_per_floor":[80,72,72,78,80,80,80,80,80,47,73,73,62,62,66,36,73,73],"gold":295,"neow_bonus":"NOSTALGIA","is_prod":false,"is_daily":false,"chose_seed":false,"campfire_upgraded":2,"win_rate":0,"timestamp":1550832077,"path_taken":["M","M","$","?","M","R","E","R","T","?","?","R","?","?","R","BOSS","M"],"build_version":"2019-01-23","purchased_purges":2,"victory":false,"max_hp_per_floor":[80,80,80,80,80,80,80,80,80,80,80,80,80,74,78,78,73,73],"card_choices":[{"not_picked":[],"picked":"SuicideKing","floor":0},{"not_picked":["Wild Strike","Cleave","Metallicize"],"picked":"SKIP","floor":1},{"not_picked":["Heavy Blade","Life Link","Abandon"],"picked":"SKIP","floor":2},{"not_picked":["Headbutt","Feel No Pain","Perfected Strike"],"picked":"SKIP","floor":4},{"not_picked":["Shrug It Off","Uppercut","Sever Soul"],"picked":"SKIP","floor":5},{"not_picked":["jedi:collectorstrike","Seeing Red"],"picked":"Entrench","floor":7},{"not_picked":["Bomb","strawberrySpire:DraftPunk","Dropkick"],"picked":"SKIP","floor":13},{"not_picked":["strawberrySpire:Hellbender","jedi:bloodyhammer"],"picked":"strawberrySpire:Beatdown","floor":16}],"player_experience":281256,"relics_obtained":[{"floor":7,"key":"Kunai"},{"floor":10,"key":"Odd Mushroom"}],"event_choices":[{"damage_healed":0,"gold_gain":0,"player_choice":"Fought Mushrooms","damage_taken":0,"max_hp_gain":0,"max_hp_loss":0,"event_name":"Mushrooms","floor":10,"gold_loss":0},{"damage_healed":26,"gold_gain":0,"player_choice":"Banana","damage_taken":0,"max_hp_gain":0,"max_hp_loss":0,"event_name":"Big Fish","floor":11,"gold_loss":0},{"damage_healed":0,"gold_gain":0,"player_choice":"Lose Max HP","damage_taken":0,"relics_obtained":["Golden Idol"],"max_hp_gain":0,"max_hp_loss":6,"event_name":"Golden Idol","floor":14,"gold_loss":0}],"is_beta":false,"boss_relics":[{"not_picked":["Orrery","Replay:Drink Me"],"picked":"Replay:Grab Bag"},{"not_picked":[]}],"items_purged_floors":[3,17],"is_endless":false,"potions_floor_spawned":[2,5,7],"killed_by":"Chosen","ascension_level":0}