{"gold_per_floor":[110,129,144,161,45,45,74,149,149,160,160,186,42,56,56,133,133,145,145,145,156,171,171,198,32,32,32,32,32,32,48,48,122,122,142,142,142,160,170,170,204,215,238,338,338,338,355,355,355,355],"floor_reached":51,"playtime":2848,"items_purged":["Strike_R"],"score":1139,"play_id":"db90b6a8-2d66-43a1-a5ff-97031d64cee8","local_time":"20190528170747","is_ascension_mode":true,"campfire_choices":[{"data":"Armaments","floor":6.0,"key":"SMITH"},{"data":"Uppercut","floor":11.0,"key":"SMITH"},{"data":"Armaments","floor":15.0,"key":"SMITH"},{"data":"Demon Form","floor":23.0,"key":"SMITH"},{"data":"Metallicize","floor":28.0,"key":"SMITH"},{"data":"Evolve","floor":30.0,"key":"SMITH"},{"floor":32.0,"key":"REST"},{"data":"Demon Form","floor":40.0,"key":"SMITH"},{"data":"Impervious","floor":45.0,"key":"SMITH"},{"data":"Offering","floor":49.0,"key":"SMITH"}],"neow_cost":"NONE","seed_source_timestamp":874538345032050,"circlet_count":0,"master_deck":["AscendersBane","Strike_R","Strike_R","Strike_R","Strike_R","Defend_R","Defend_R","Defend_R","Defend_R","Bash","Demon Form+1","Uppercut+1","Armaments+1","Pommel Strike","Shrug It Off","Metallicize+1","Shrug It Off","Battle Trance","Evolve+1","Armaments+1","Reaper","RitualDagger","Offering+1","Dark Shackles","Demon Form+1","Demon Form+1","Purity","True Grit+1","Impervious+1","Decay"],"special_seed":0,"relics":["Burning Blood","Regal Pillow","Juzu Bracelet","Pantograph","Happy Flower","Snecko Eye","Bottled Flame","Dead Branch","Coffee Dripper","Orichalcum","Bag of Preparation","Du-Vu Doll"],"potions_floor_usage":[50],"damage_taken":[{"damage":6.0,"enemies":"Cultist","floor":1.0,"turns":3.0},{"damage":2.0,"enemies":"2 Louse","floor":2.0,"turns":4.0},{"damage":0.0,"enemies":"Small Slimes","floor":3.0,"turns":3.0},{"damage":7.0,"enemies":"Exordium Thugs","floor":4.0,"turns":4.0},{"damage":23.0,"enemies":"3 Sentries","floor":7.0,"turns":9.0},{"damage":3.0,"enemies":"Red Slaver","floor":10.0,"turns":6.0},{"damage":16.0,"enemies":"Gremlin Nob","floor":12.0,"turns":3.0},{"damage":10.0,"enemies":"Large Slime","floor":14.0,"turns":7.0},{"damage":16.0,"enemies":"The Guardian","floor":16.0,"turns":11.0},{"damage":7.0,"enemies":"Chosen","floor":18.0,"turns":6.0},{"damage":18.0,"enemies":"Spheric Guardian","floor":21.0,"turns":5.0},{"damage":18.0,"enemies":"Centurion and Healer","floor":22.0,"turns":5.0},{"damage":28.0,"enemies":"Gremlin Leader","floor":24.0,"turns":5.0},{"damage":18.0,"enemies":"Snake Plant","floor":31.0,"turns":2.0},{"damage":43.0,"enemies":"Champ","floor":33.0,"turns":8.0},{"damage":17.0,"enemies":"3 Darklings","floor":35.0,"turns":6.0},{"damage":11.0,"enemies":"3 Shapes","floor":38.0,"turns":5.0},{"damage":8.0,"enemies":"Sphere and 2 Shapes","floor":39.0,"turns":5.0},{"damage":38.0,"enemies":"Reptomancer","floor":41.0,"turns":7.0},{"damage":21.0,"enemies":"Jaw Worm Horde","floor":42.0,"turns":4.0},{"damage":21.0,"enemies":"Mind Bloom Boss Battle","floor":44.0,"turns":4.0},{"damage":11.0,"enemies":"3 Darklings","floor":47.0,"turns":6.0},{"damage":44,"enemies":"Time Eater","floor":50,"turns":8}],"seed_played":"5880768549483540778","potions_obtained":[{"floor":2.0,"key":"Swift Potion"},{"floor":3.0,"key":"Energy Potion"},{"floor":4.0,"key":"Fire Potion"},{"floor":10.0,"key":"Dexterity Potion"},{"floor":21.0,"key":"AttackPotion"},{"floor":22.0,"key":"SkillPotion"},{"floor":31.0,"key":"SteroidPotion"},{"floor":33.0,"key":"Weak Potion"},{"floor":38.0,"key":"AttackPotion"},{"floor":39.0,"key":"Ancient Potion"}],"is_trial":false,"path_per_floor":["M","M","M","M","$","R","E","?","T","M","R","E","$","M","R","B",null,"M","?","?","M","M","R","E","$","T","?","R","$","R","M","R","B",null,"M","?","?","M","M","R","E","M","T","?","R","?","M","?","R","B",null],"character_chosen":"IRONCLAD","items_purchased":["Shrug It Off","Metallicize","Happy Flower","Dark Shackles"],"campfire_rested":1,"item_purchase_floors":[5,5,13,25],"current_hp_per_floor":[68,72,75,74,74,74,57,46,46,49,49,39,39,35,35,50,69,75,75,69,57,60,60,38,38,38,38,38,38,38,26,63,75,75,75,70,70,73,75,75,64,49,49,75,75,75,75,75,75,65],"gold":355,"neow_bonus":"ONE_RANDOM_RARE_CARD","is_prod":false,"is_daily":false,"chose_seed":false,"campfire_upgraded":9,"win_rate":0,"timestamp":1559081267,"path_taken":["M","M","M","M","$","R","E","?","T","M","R","E","$","M","R","BOSS","M","?","?","M","M","R","E","$","T","?","R","?","R","M","R","BOSS","M","?","?","M","M","R","E","M","T","?","R","?","M","?","R","BOSS"],"build_version":"2019-01-23","purchased_purges":1,"victory":true,"max_hp_per_floor":[75,75,75,75,75,75,75,75,75,75,75,75,75,75,75,75,75,75,75,75,75,75,75,75,75,75,75,75,75,75,75,75,75,75,75,75,75,75,75,75,75,75,75,75,75,75,75,75,75,75],"card_choices":[{"not_picked":["Body Slam","Havoc"],"picked":"Uppercut","floor":1.0},{"not_picked":["Burning Pact","Thunderclap"],"picked":"Armaments","floor":2.0},{"not_picked":["Uppercut","Searing Blow"],"picked":"Pommel Strike","floor":3.0},{"not_picked":["Bloodletting","Rupture","Clash"],"picked":"SKIP","floor":4.0},{"not_picked":["Body Slam","Twin Strike"],"picked":"Shrug It Off","floor":7.0},{"not_picked":["True Grit","Disarm"],"picked":"Battle Trance","floor":10.0},{"not_picked":["Thunderclap","Rage"],"picked":"Evolve","floor":12.0},{"not_picked":["Searing Blow","Dropkick"],"picked":"Armaments","floor":14.0},{"not_picked":["Feed","Exhume"],"picked":"Reaper","floor":16.0},{"not_picked":["Infernal Blade","Cleave","True Grit"],"picked":"SKIP","floor":18.0},{"not_picked":["Thunderclap","Cleave"],"picked":"Twin Strike+1","floor":21.0},{"not_picked":["Clothesline","Infernal Blade"],"picked":"Offering","floor":22.0},{"not_picked":["Wild Strike","Thunderclap","Sword Boomerang"],"picked":"SKIP","floor":24.0},{"not_picked":["Perfected Strike","Anger","Entrench"],"picked":"SKIP","floor":31.0},{"not_picked":["Juggernaut","Brutality"],"picked":"Demon Form","floor":33.0},{"not_picked":["Clothesline+1","Pommel Strike","Perfected Strike"],"picked":"SKIP","floor":35.0},{"not_picked":["Swift Strike","Thinking Ahead"],"picked":"Purity","floor":36.0},{"not_picked":["Anger+1","Thunderclap+1","Reckless Charge"],"picked":"SKIP","floor":38.0},{"not_picked":["Body Slam","Perfected Strike"],"picked":"True Grit+1","floor":39.0},{"not_picked":["Metallicize","Perfected Strike","Evolve"],"picked":"SKIP","floor":41.0},{"not_picked":["Warcry","Twin Strike","Perfected Strike"],"picked":"SKIP","floor":42.0},{"not_picked":["Perfected Strike+1","Battle Trance"],"picked":"Impervious","floor":44.0},{"not_picked":["Searing Blow","Body Slam+1","Warcry"],"picked":"SKIP","floor":47.0}],"player_experience":487622,"relics_obtained":[{"floor":7.0,"key":"Regal Pillow"},{"floor":9.0,"key":"Juzu Bracelet"},{"floor":12.0,"key":"Pantograph"},{"floor":24.0,"key":"Bottled Flame"},{"floor":26.0,"key":"Dead Branch"},{"floor":41.0,"key":"Orichalcum"},{"floor":43.0,"key":"Bag of Preparation"},{"floor":44.0,"key":"Du-Vu Doll"}],"event_choices":[{"damage_healed":0.0,"max_hp_gain":0.0,"max_hp_loss":0.0,"gold_gain":75.0,"event_name":"World of Goop","player_choice":"Gather Gold","floor":8.0,"gold_loss":0.0,"damage_taken":11.0},{"damage_healed":0.0,"max_hp_gain":0.0,"max_hp_loss":0.0,"gold_gain":0.0,"event_name":"The Mausoleum","player_choice":"Ignored","floor":19.0,"gold_loss":0.0,"damage_taken":0.0},{"damage_healed":0.0,"max_hp_gain":0.0,"max_hp_loss":0.0,"gold_gain":0.0,"event_name":"Nest","player_choice":"Joined the Cult","floor":20.0,"gold_loss":0.0,"damage_taken":6.0,"cards_obtained":["RitualDagger"]},{"damage_healed":0.0,"max_hp_gain":0.0,"max_hp_loss":0.0,"gold_gain":0.0,"event_name":"Duplicator","player_choice":"Copied","floor":27.0,"gold_loss":0.0,"damage_taken":0.0,"cards_obtained":["Demon Form"]},{"damage_healed":0.0,"max_hp_gain":0.0,"max_hp_loss":0.0,"gold_gain":0.0,"event_name":"SensoryStone","player_choice":"Memory 2","floor":36.0,"gold_loss":0.0,"damage_taken":5.0},{"damage_healed":0.0,"max_hp_gain":0.0,"max_hp_loss":0.0,"gold_gain":0.0,"event_name":"Mysterious Sphere","player_choice":"Ignored","floor":37.0,"gold_loss":0.0,"damage_taken":0.0},{"damage_healed":0.0,"max_hp_gain":0.0,"max_hp_loss":0.0,"gold_gain":0.0,"event_name":"MindBloom","player_choice":"Fight","floor":44.0,"gold_loss":0.0,"damage_taken":0.0},{"damage_healed":0.0,"max_hp_gain":0.0,"max_hp_loss":0.0,"gold_gain":0.0,"event_name":"Wheel of Change","player_choice":"Cursed","floor":46.0,"gold_loss":0.0,"damage_taken":0.0,"cards_obtained":["Decay"]},{"cards_removed":["Twin Strike"],"damage_healed":0.0,"max_hp_gain":0.0,"max_hp_loss":0.0,"gold_gain":0.0,"event_name":"Falling","player_choice":"Removed Attack","floor":48.0,"gold_loss":0.0,"damage_taken":0.0}],"is_beta":false,"boss_relics":[{"not_picked":["White Beast Statue","Ectoplasm"],"picked":"Snecko Eye"},{"not_picked":["Tiny House","Busted Crown"],"picked":"Coffee Dripper"}],"items_purged_floors":[25],"is_endless":false,"potions_floor_spawned":[2,3,4,10,21,22,31,33,38,39,41,47],"ascension_level":14}