{"gold_per_floor":[115,290,290,179,55,55,98,124,148,192,207,25,25,64,64,189,189,180,92,107,122,122,158,158,229,229,229,252,252,291,314,314,314],"floor_reached":33,"playtime":2404,"items_purged":["Doubt"],"score":464,"play_id":"64e41976-9b92-4451-8f20-5fdef8cdd691","local_time":"20190608182126","is_ascension_mode":true,"campfire_choices":[{"data":"Flame Barrier","floor":6.0,"key":"SMITH"},{"data":"Inflame","floor":15.0,"key":"SMITH"},{"data":"True Grit","floor":24.0,"key":"SMITH"},{"data":"Armaments","floor":29.0,"key":"SMITH"},{"floor":32.0,"key":"REST"}],"neow_cost":"NONE","seed_source_timestamp":0,"circlet_count":0,"master_deck":["Strike_R","Strike_R","Strike_R","Strike_R","Strike_R","Defend_R+1","Defend_R","Defend_R+1","Defend_R","Bash","Armaments+1","Flame Barrier+1","Headbutt","Clothesline","True Grit+1","Pommel Strike","Shrug It Off","Inflame+1","Twin Strike","Offering","Burning Pact","Flash of Steel","Infernal Blade+1","True Grit+1","Reaper","Sword Boomerang+1","Clothesline+1"],"special_seed":0,"relics":["Burning Blood","NeowsBlessing","Golden Idol","Paper Frog","Odd Mushroom","Centennial Puzzle","Boot","PreservedInsect","Mark of Pain","MutagenicStrength","War Paint","Tiny Chest","Bronze Scales","Red Skull"],"potions_floor_usage":[],"damage_taken":[{"damage":0.0,"enemies":"Jaw Worm","floor":1.0,"turns":1.0},{"damage":0.0,"enemies":"Gremlin Nob","floor":7.0,"turns":1.0},{"damage":4.0,"enemies":"The Mushroom Lair","floor":8.0,"turns":2.0},{"damage":15.0,"enemies":"Lagavulin","floor":10.0,"turns":7.0},{"damage":0.0,"enemies":"Small Slimes","floor":11.0,"turns":4.0},{"damage":6.0,"enemies":"Gremlin Nob","floor":14.0,"turns":3.0},{"damage":22.0,"enemies":"Hexaghost","floor":16.0,"turns":11.0},{"damage":13.0,"enemies":"2 Thieves","floor":18.0,"turns":4.0},{"damage":19.0,"enemies":"Shell Parasite","floor":20.0,"turns":5.0},{"damage":6.0,"enemies":"Chosen and Byrds","floor":21.0,"turns":5.0},{"damage":13.0,"enemies":"Slavers","floor":23.0,"turns":4.0},{"damage":31.0,"enemies":"Gremlin Leader","floor":25.0,"turns":6.0},{"damage":6.0,"enemies":"Colosseum Slavers","floor":27.0,"turns":4.0},{"damage":5.0,"enemies":"Snecko","floor":28.0,"turns":3.0},{"damage":16.0,"enemies":"Book of Stabbing","floor":30.0,"turns":4.0},{"damage":27.0,"enemies":"Centurion and Healer","floor":31.0,"turns":7.0},{"damage":99,"enemies":"Collector","floor":33,"turns":9}],"seed_played":"-8248825756208477006","potions_obtained":[{"floor":10.0,"key":"Weak Potion"},{"floor":11.0,"key":"PowerPotion"},{"floor":18.0,"key":"FearPotion"},{"floor":23.0,"key":"Poison Potion"},{"floor":25.0,"key":"BloodPotion"}],"is_trial":false,"path_per_floor":["M","?","?","$","$","R","E","?","T","E","M","$","?","E","R","B",null,"M","$","M","M","?","E","R","E","T","?","M","R","E","M","R","B"],"character_chosen":"IRONCLAD","items_purchased":["Flame Barrier","Headbutt","Clothesline","Energy Potion","Shrug It Off","Inflame","Swift Potion","Flash of Steel"],"campfire_rested":1,"item_purchase_floors":[4,5,5,5,12,12,12,19],"current_hp_per_floor":[78,78,78,78,78,78,80,80,80,71,77,77,70,70,70,54,74,67,67,54,54,54,47,47,43,43,56,68,68,58,53,77,0],"gold":314,"neow_bonus":"THREE_ENEMY_KILL","is_prod":false,"is_daily":false,"chose_seed":false,"campfire_upgraded":4,"win_rate":0,"timestamp":1560036086,"path_taken":["M","?","?","?","$","R","E","?","T","E","?","?","?","E","R","BOSS","M","$","M","M","?","E","R","E","T","?","M","R","E","M","R","BOSS"],"build_version":"2019-01-23","purchased_purges":1,"victory":false,"max_hp_per_floor":[80,80,80,80,80,80,80,80,80,80,80,80,80,80,80,80,80,80,80,80,80,80,80,80,80,80,80,80,80,80,80,80,80],"card_choices":[{"not_picked":["Rage","Sentinel"],"picked":"Armaments","floor":1.0},{"not_picked":["Fire Breathing","Evolve","Berserk"],"picked":"SKIP","floor":7.0},{"not_picked":["Bloodletting","Perfected Strike"],"picked":"True Grit","floor":10.0},{"not_picked":["Rage","Burning Pact"],"picked":"Pommel Strike","floor":11.0},{"not_picked":["Intimidate","Sword Boomerang"],"picked":"Twin Strike","floor":14.0},{"not_picked":["Feed","Reaper"],"picked":"Offering","floor":16.0},{"not_picked":["Blood for Blood","Heavy Blade"],"picked":"Burning Pact","floor":18.0},{"not_picked":["Perfected Strike","Iron Wave"],"picked":"Infernal Blade+1","floor":20.0},{"not_picked":["Warcry","Clothesline"],"picked":"True Grit+1","floor":21.0},{"not_picked":["Berserk","Twin Strike"],"picked":"Reaper","floor":23.0},{"not_picked":["Entrench","Sword Boomerang","Wild Strike"],"picked":"SKIP","floor":25.0},{"not_picked":["Thunderclap","Bloodletting"],"picked":"Sword Boomerang+1","floor":28.0},{"not_picked":["Rage","Havoc"],"picked":"Clothesline+1","floor":30.0},{"not_picked":["Sword Boomerang","Bloodletting","Pommel Strike"],"picked":"SKIP","floor":31.0}],"player_experience":48034,"relics_obtained":[{"floor":7.0,"key":"Paper Frog"},{"floor":8.0,"key":"Odd Mushroom"},{"floor":9.0,"key":"Centennial Puzzle"},{"floor":10.0,"key":"Boot"},{"floor":14.0,"key":"PreservedInsect"},{"floor":23.0,"key":"War Paint"},{"floor":25.0,"key":"Tiny Chest"},{"floor":26.0,"key":"Bronze Scales"},{"floor":30.0,"key":"Red Skull"}],"event_choices":[{"damage_healed":0.0,"max_hp_gain":0.0,"max_hp_loss":0.0,"gold_gain":175.0,"event_name":"Liars Game","player_choice":"AGREE","floor":2.0,"gold_loss":0.0,"damage_taken":0.0,"cards_obtained":["Doubt"]},{"damage_healed":0.0,"max_hp_gain":0.0,"max_hp_loss":0.0,"gold_gain":0.0,"event_name":"Golden Idol","player_choice":"Take Wound","floor":3.0,"gold_loss":0.0,"damage_taken":0.0,"relics_obtained":["Golden Idol"],"cards_obtained":["Injury"]},{"damage_healed":0.0,"max_hp_gain":0.0,"max_hp_loss":0.0,"gold_gain":0.0,"event_name":"Mushrooms","player_choice":"Fought Mushrooms","floor":8.0,"gold_loss":0.0,"damage_taken":0.0},{"cards_removed":["Injury"],"damage_healed":0.0,"max_hp_gain":0.0,"max_hp_loss":0.0,"gold_gain":0.0,"event_name":"Golden Wing","player_choice":"Card Removal","floor":13.0,"gold_loss":0.0,"damage_taken":7.0},{"damage_healed":0.0,"max_hp_gain":0.0,"max_hp_loss":0.0,"gold_gain":0.0,"event_name":"Drug Dealer","player_choice":"Inject Mutagens","floor":22.0,"gold_loss":0.0,"damage_taken":0.0,"relics_obtained":["MutagenicStrength"]},{"damage_healed":0.0,"max_hp_gain":0.0,"max_hp_loss":0.0,"gold_gain":0.0,"event_name":"Colosseum","player_choice":"Fight","floor":27.0,"gold_loss":0.0,"damage_taken":0.0},{"damage_healed":0.0,"max_hp_gain":0.0,"max_hp_loss":0.0,"gold_gain":0.0,"event_name":"Colosseum","player_choice":"Fled From Nobs","floor":27.0,"gold_loss":0.0,"damage_taken":0.0}],"is_beta":false,"boss_relics":[{"not_picked":["Sozu","Orrery"],"picked":"Mark of Pain"}],"items_purged_floors":[4],"is_endless":false,"potions_floor_spawned":[10,11,18,23,25,27],"killed_by":"Collector","ascension_level":7}