{"gold_per_floor":[117,130,20,20,20,20,20,20,92,106,126,153,153,179,179,274,274,291,252,352,365,381,381,381],"floor_reached":24,"playtime":702,"items_purged":["Strike_R"],"score":296,"play_id":"17fd6e44-75e0-4c66-9fe9-23c1fe709336","local_time":"20190521135903","is_ascension_mode":true,"campfire_choices":[{"data":"Fiend Fire","floor":6,"key":"SMITH"},{"data":"Battle Trance","floor":8,"key":"SMITH"},{"data":"Rupture","floor":15,"key":"SMITH"},{"data":"Feel No Pain","floor":23,"key":"SMITH"}],"neow_cost":"NONE","seed_source_timestamp":143954825376403,"circlet_count":0,"master_deck":["Strike_R","Strike_R","Strike_R","Defend_R","Defend_R","Defend_R","Defend_R","Bash","Fiend Fire+1","Battle Trance+1","Inflame","Rupture+1","Combust","Juggernaut","Feel No Pain+1","True Grit+1"],"relics":["Burning Blood","Darkstone Periapt","Mummified Hand","Incense Burner","Self Forming Clay","Mark of Pain"],"potions_floor_usage":[12,16,16],"damage_taken":[{"damage":2,"enemies":"Jaw Worm","floor":1,"turns":3},{"damage":1,"enemies":"Cultist","floor":2,"turns":3},{"damage":0,"enemies":"Small Slimes","floor":10,"turns":3},{"damage":22,"enemies":"Exordium Thugs","floor":11,"turns":3},{"damage":6,"enemies":"Gremlin Nob","floor":12,"turns":3},{"damage":21,"enemies":"3 Sentries","floor":14,"turns":8},{"damage":14,"enemies":"The Guardian","floor":16,"turns":5},{"damage":10,"enemies":"2 Thieves","floor":18,"turns":3},{"damage":15,"enemies":"3 Byrds","floor":21,"turns":4},{"damage":15,"enemies":"Snake Plant","floor":22,"turns":5},{"damage":52,"enemies":"Slavers","floor":24,"turns":3}],"seed_played":"8168157598659509070","potions_obtained":[{"floor":10,"key":"Block Potion"},{"floor":12,"key":"Energy Potion"},{"floor":14,"key":"EssenceOfSteel"},{"floor":22,"key":"Strength Potion"}],"is_trial":false,"path_per_floor":["M","M","$","?","$","R","$","R","T","M","M","E","T","E","R","B",null,"M","$","?","M","M","R","E"],"character_chosen":"IRONCLAD","items_purchased":["Inflame","Feel No Pain"],"campfire_rested":0,"item_purchase_floors":[3,19],"current_hp_per_floor":[76,80,80,80,80,80,80,80,80,80,64,64,64,49,49,41,70,66,66,66,57,48,48,0],"gold":381,"neow_bonus":"ONE_RANDOM_RARE_CARD","is_prod":false,"is_daily":false,"chose_seed":false,"campfire_upgraded":4,"win_rate":0,"timestamp":1558436343,"path_taken":["M","M","$","?","?","R","$","R","T","M","?","E","?","E","R","BOSS","M","$","?","M","?","R","E"],"build_version":"2019-01-23","purchased_purges":1,"victory":false,"max_hp_per_floor":[80,80,80,80,80,80,80,80,80,80,80,80,80,80,80,80,80,80,80,80,80,80,80,80],"card_choices":[{"not_picked":["Warcry","Twin Strike","Cleave"],"picked":"SKIP","floor":1},{"not_picked":["Clothesline","Intimidate"],"picked":"Battle Trance","floor":2},{"not_picked":["Flex","Metallicize","Twin Strike"],"picked":"SKIP","floor":10},{"not_picked":["Clash","True Grit","Iron Wave"],"picked":"SKIP","floor":11},{"not_picked":["Carnage","Dual Wield"],"picked":"Rupture","floor":12},{"not_picked":["Fiend Fire","Carnage"],"picked":"Combust","floor":14},{"not_picked":["Bludgeon","Impervious"],"picked":"Juggernaut","floor":16},{"not_picked":["Pommel Strike+1","Body Slam+1","Twin Strike"],"picked":"SKIP","floor":18},{"not_picked":["Flex+1","Armaments+1"],"picked":"True Grit+1","floor":21},{"not_picked":["Dropkick","Clothesline","Havoc"],"picked":"SKIP","floor":22}],"player_experience":305361,"relics_obtained":[{"floor":9,"key":"Darkstone Periapt"},{"floor":12,"key":"Mummified Hand"},{"floor":13,"key":"Incense Burner"},{"floor":14,"key":"Self Forming Clay"}],"event_choices":[{"cards_removed":["Strike_R"],"damage_healed":0,"gold_gain":0,"player_choice":"Purged","damage_taken":0,"max_hp_gain":0,"max_hp_loss":0,"event_name":"Purifier","floor":4,"gold_loss":0},{"damage_healed":0,"gold_gain":100,"player_choice":"Pray","damage_taken":0,"max_hp_gain":0,"max_hp_loss":0,"event_name":"Golden Shrine","floor":20,"gold_loss":0}],"is_beta":false,"boss_relics":[{"not_picked":["Black Blood","Astrolabe"],"picked":"Mark of Pain"}],"items_purged_floors":[3],"is_endless":false,"potions_floor_spawned":[10,12,14,22],"killed_by":"Slavers","ascension_level":9}