{"gold_per_floor":[119,134,154,164,181,208,223,223,223,243,271,271,290,8,8,82,82,96,96,116,116,126,159,84,84,84,99,115,115,93,22,22,97,97,107,121,121,133,153,153,153],"floor_reached":41,"playtime":3209,"items_purged":["Strike_R"],"score":749,"play_id":"3077ac40-fd41-4595-ba18-cc390210ad8b","local_time":"20190518210253","is_ascension_mode":true,"campfire_choices":[{"data":"Inflame","floor":8.0,"key":"SMITH"},{"data":"Intimidate","floor":15.0,"key":"SMITH"},{"data":"Limit Break","floor":25.0,"key":"SMITH"},{"data":"Limit Break","floor":29.0,"key":"SMITH"},{"floor":32.0,"key":"REST"},{"floor":40,"key":"REST"}],"neow_cost":"NONE","seed_source_timestamp":24033963784154,"circlet_count":0,"master_deck":["AscendersBane","Strike_R+1","Defend_R+1","Defend_R","Bash","Bloodletting+1","Pommel Strike","Headbutt+1","Spot Weakness","Inflame+1","True Grit","Immolate","Bandage Up","Intimidate+1","Limit Break+1","Shrug It Off","Burning Pact+1","Headbutt","Limit Break+1","Shrug It Off","Intimidate","Clash+1","Sentinel+1","Thunderclap+1","Rage+1","Rage+1","Burning Pact+1","Armaments+1","True Grit+1"],"special_seed":0,"relics":["Burning Blood","Torii","Pear","Matryoshka","Sozu","Prayer Wheel","War Paint","Bottled Tornado","Astrolabe"],"potions_floor_usage":[],"damage_taken":[{"damage":10.0,"enemies":"Jaw Worm","floor":1.0,"turns":3.0},{"damage":0.0,"enemies":"2 Louse","floor":2.0,"turns":3.0},{"damage":0.0,"enemies":"Small Slimes","floor":3.0,"turns":3.0},{"damage":11.0,"enemies":"Gremlin Gang","floor":4.0,"turns":4.0},{"damage":6.0,"enemies":"Exordium Wildlife","floor":5.0,"turns":4.0},{"damage":30.0,"enemies":"Lagavulin","floor":6.0,"turns":6.0},{"damage":14.0,"enemies":"Large Slime","floor":7.0,"turns":6.0},{"damage":4.0,"enemies":"3 Louse","floor":10.0,"turns":3.0},{"damage":12.0,"enemies":"3 Sentries","floor":11.0,"turns":6.0},{"damage":4.0,"enemies":"Looter","floor":13.0,"turns":3.0},{"damage":35.0,"enemies":"Slime Boss","floor":16.0,"turns":6.0},{"damage":19.0,"enemies":"Chosen","floor":18.0,"turns":5.0},{"damage":13.0,"enemies":"Spheric Guardian","floor":20.0,"turns":4.0},{"damage":30.0,"enemies":"Centurion and Healer","floor":22.0,"turns":5.0},{"damage":47.0,"enemies":"Slavers","floor":23.0,"turns":6.0},{"damage":14.0,"enemies":"Snecko","floor":27.0,"turns":5.0},{"damage":7.0,"enemies":"3 Cultists","floor":28.0,"turns":4.0},{"damage":42.0,"enemies":"Champ","floor":33.0,"turns":7.0},{"damage":32.0,"enemies":"3 Darklings","floor":35.0,"turns":3.0},{"damage":0.0,"enemies":"3 Shapes","floor":36.0,"turns":2.0},{"damage":10.0,"enemies":"Writhing Mass","floor":38.0,"turns":4.0},{"damage":30,"enemies":"Sphere and 2 Shapes","floor":39,"turns":5},{"damage":84,"enemies":"Giant Head","floor":41,"turns":7}],"seed_played":"-2992028052243117294","potions_obtained":[{"floor":2.0,"key":"EssenceOfSteel"},{"floor":4.0,"key":"Strength Potion"},{"floor":5.0,"key":"BloodPotion"},{"floor":7.0,"key":"FearPotion"},{"floor":10.0,"key":"Explosive Potion"}],"is_trial":false,"path_per_floor":["M","M","M","M","M","E","M","R","T","M","E","?","M","$","R","B",null,"M","?","M","?","M","E","?","R","T","M","M","R","$","$","R","B",null,"M","M","$","M","M","R","E"],"character_chosen":"IRONCLAD","items_purchased":["Bandage Up","Intimidate","Regen Potion","Shrug It Off","Intimidate"],"campfire_rested":2,"item_purchase_floors":[14,14,14,30,31],"current_hp_per_floor":[68,74,80,75,75,59,51,51,61,63,57,39,41,41,41,31,75,66,66,63,90,70,33,33,33,33,29,32,32,32,32,59,27,74,48,54,54,54,34,61,0],"gold":153,"neow_bonus":"TRANSFORM_CARD","is_prod":false,"is_daily":false,"chose_seed":false,"campfire_upgraded":4,"win_rate":0,"timestamp":1558231373,"path_taken":["M","M","M","M","M","E","M","R","T","M","E","?","M","$","R","BOSS","M","?","M","?","M","E","?","R","T","M","M","R","?","$","R","BOSS","M","M","$","M","M","R","E"],"build_version":"2019-01-23","purchased_purges":1,"victory":false,"max_hp_per_floor":[80,80,80,80,80,80,80,80,90,90,90,90,90,90,90,90,90,90,90,90,90,90,90,90,90,90,90,90,90,90,90,90,90,90,90,90,90,90,90,90,90],"card_choices":[{"not_picked":["Body Slam","Armaments"],"picked":"Pommel Strike","floor":1.0},{"not_picked":["Havoc","Rage"],"picked":"Headbutt","floor":2.0},{"not_picked":["Havoc","Rupture"],"picked":"Spot Weakness","floor":3.0},{"not_picked":["Entrench","Iron Wave"],"picked":"Inflame","floor":4.0},{"not_picked":["Pommel Strike","Rampage"],"picked":"True Grit","floor":5.0},{"not_picked":["Rupture","Rampage","Flex"],"picked":"SKIP","floor":6.0},{"not_picked":["Warcry","Pommel Strike","Thunderclap"],"picked":"SKIP","floor":7.0},{"not_picked":["Flex","Entrench","Perfected Strike"],"picked":"SKIP","floor":10.0},{"not_picked":["True Grit","Dark Embrace"],"picked":"Immolate","floor":11.0},{"not_picked":["Second Wind","Entrench","Combust"],"picked":"SKIP","floor":13.0},{"not_picked":["Double Tap","Offering"],"picked":"Limit Break","floor":16.0},{"not_picked":["Clash","True Grit","Clothesline"],"picked":"SKIP","floor":18.0},{"not_picked":["Clothesline","Second Wind"],"picked":"Shrug It Off","floor":20.0},{"not_picked":["True Grit","Body Slam"],"picked":"Burning Pact+1","floor":22.0},{"not_picked":["Sword Boomerang","Clash"],"picked":"Headbutt","floor":23.0},{"not_picked":["Perfected Strike","Headbutt"],"picked":"Limit Break","floor":27.0},{"not_picked":["Burning Pact","Twin Strike","Cleave"],"picked":"SKIP","floor":27.0},{"not_picked":["Blood for Blood","Sword Boomerang","Anger"],"picked":"SKIP","floor":28.0},{"not_picked":["Clothesline","Body Slam","Spot Weakness"],"picked":"SKIP","floor":28.0},{"not_picked":["Hemokinesis","Metallicize"],"picked":"Rage+1","floor":35.0},{"not_picked":["Twin Strike","Combust+1","Reckless Charge+1"],"picked":"SKIP","floor":35.0},{"not_picked":["Thunderclap","Perfected Strike"],"picked":"Rage+1","floor":36.0},{"not_picked":["Pommel Strike","Sword Boomerang+1"],"picked":"Burning Pact+1","floor":36.0},{"not_picked":["Sever Soul","Evolve"],"picked":"Armaments+1","floor":38.0},{"not_picked":["Sword Boomerang+1","Body Slam"],"picked":"True Grit+1","floor":38.0},{"not_picked":["Flex+1","Havoc","Thunderclap"],"picked":"SKIP","floor":39},{"not_picked":["Anger","Immolate","Wild Strike"],"picked":"SKIP","floor":39}],"player_experience":454435,"relics_obtained":[{"floor":6.0,"key":"Torii"},{"floor":9.0,"key":"Pear"},{"floor":11.0,"key":"Matryoshka"},{"floor":23.0,"key":"Prayer Wheel"},{"floor":26.0,"key":"War Paint"},{"floor":26.0,"key":"Bottled Tornado"}],"event_choices":[{"damage_healed":0.0,"max_hp_gain":0.0,"max_hp_loss":0.0,"gold_gain":0.0,"event_name":"Shining Light","player_choice":"Entered Light","floor":12.0,"gold_loss":0.0,"damage_taken":18.0,"cards_upgraded":["Headbutt","Strike_R"]},{"damage_healed":0.0,"max_hp_gain":0.0,"max_hp_loss":0.0,"gold_gain":0.0,"event_name":"The Mausoleum","player_choice":"Ignored","floor":19.0,"gold_loss":0.0,"damage_taken":0.0},{"damage_healed":30.0,"max_hp_gain":0.0,"max_hp_loss":0.0,"gold_gain":0.0,"event_name":"The Library","player_choice":"Heal","floor":21.0,"gold_loss":0.0,"damage_taken":0.0},{"cards_removed":["Strike_R"],"damage_healed":0.0,"max_hp_gain":0.0,"max_hp_loss":0.0,"gold_gain":0.0,"event_name":"Beggar","player_choice":"Gave Gold","floor":24.0,"gold_loss":75.0,"damage_taken":0.0}],"is_beta":false,"boss_relics":[{"not_picked":["Black Star","Tiny House"],"picked":"Sozu"},{"not_picked":["Eternal Feather","Coffee Dripper"],"picked":"Astrolabe"}],"items_purged_floors":[14],"is_endless":false,"potions_floor_spawned":[2,4,5,7,10,20,22,28,33,36,38],"killed_by":"Giant Head","ascension_level":13}