{"gold_per_floor":[213,12,24,39,39,72,72,83,136,149,149,149,159,184,184,280,280,296,307,323,323,337,337,347,347,347,372,372,110,25,25,25,124,124,136,154,54,54,54,54,4,19,66,100,125,140,140,15,15,15],"floor_reached":51,"playtime":3687,"items_purged":["Pain","Strike_G","Strike_G"],"score":1048,"play_id":"58c6ec05-2aad-4580-9904-6f916a71796c","local_time":"20190510162724","is_ascension_mode":true,"campfire_choices":[{"data":"Bouncing Flask","floor":7.0,"key":"SMITH"},{"data":"Footwork","floor":12.0,"key":"SMITH"},{"data":"Cloak And Dagger","floor":15.0,"key":"SMITH"},{"data":"Crippling Poison","floor":23.0,"key":"SMITH"},{"data":"Cloak And Dagger","floor":25.0,"key":"SMITH"},{"floor":32.0,"key":"REST"},{"data":"Burst","floor":40,"key":"SMITH"},{"floor":49,"key":"REST"}],"neow_cost":"NONE","seed_source_timestamp":481054569459037,"circlet_count":0,"master_deck":["AscendersBane","Defend_G","Defend_G","Defend_G","Defend_G","Defend_G","Strike_G+1","Strike_G+1","Survivor","Neutralize+1","Bouncing Flask+1","Dodge and Roll","Cloak And Dagger+1","Crippling Poison+1","Dagger Spray","Footwork+1","Bane+1","Escape Plan","Malaise","Catalyst","Deadly Poison","Cloak And Dagger+1","Dodge and Roll","Escape Plan","Burst+1","Dark Shackles","Dark Shackles","Thinking Ahead","Noxious Fumes+1","Footwork+1"],"special_seed":0,"relics":["Ring of the Serpent","TwistedFunnel","Mercury Hourglass","Bag of Preparation","Whetstone","Cursed Key","Sundial","Bottled Tornado","Regal Pillow","Omamori","Centennial Puzzle","Bottled Flame","Bronze Scales"],"potions_floor_usage":[33,33,50,50],"damage_taken":[{"damage":2.0,"enemies":"Small Slimes","floor":1.0,"turns":6.0},{"damage":3.0,"enemies":"Cultist","floor":3.0,"turns":4.0},{"damage":1.0,"enemies":"Jaw Worm","floor":4.0,"turns":3.0},{"damage":33.0,"enemies":"3 Sentries","floor":6.0,"turns":10.0},{"damage":2.0,"enemies":"Looter","floor":8.0,"turns":2.0},{"damage":6.0,"enemies":"3 Louse","floor":10.0,"turns":2.0},{"damage":0.0,"enemies":"Blue Slaver","floor":13.0,"turns":2.0},{"damage":1.0,"enemies":"Gremlin Nob","floor":14.0,"turns":3.0},{"damage":4.0,"enemies":"Slime Boss","floor":16.0,"turns":9.0},{"damage":0.0,"enemies":"Spheric Guardian","floor":18.0,"turns":2.0},{"damage":4.0,"enemies":"Shell Parasite","floor":19.0,"turns":3.0},{"damage":0.0,"enemies":"Snake Plant","floor":20.0,"turns":3.0},{"damage":11.0,"enemies":"Centurion and Healer","floor":22.0,"turns":6.0},{"damage":2.0,"enemies":"Chosen and Byrds","floor":24.0,"turns":3.0},{"damage":11.0,"enemies":"Gremlin Leader","floor":27.0,"turns":5.0},{"damage":22,"enemies":"Collector","floor":33,"turns":13},{"damage":0,"enemies":"3 Darklings","floor":35,"turns":5},{"damage":0,"enemies":"3 Shapes","floor":36,"turns":4},{"damage":0,"enemies":"Jaw Worm Horde","floor":42,"turns":5},{"damage":18,"enemies":"Reptomancer","floor":44,"turns":5},{"damage":16,"enemies":"Spire Growth","floor":46,"turns":5},{"damage":11,"enemies":"Awakened One","floor":50,"turns":14}],"seed_played":"6706616191825829958","potions_obtained":[{"floor":1.0,"key":"Weak Potion"},{"floor":4.0,"key":"Regen Potion"},{"floor":8.0,"key":"Weak Potion"},{"floor":10.0,"key":"AttackPotion"},{"floor":16.0,"key":"EntropicBrew"},{"floor":19.0,"key":"Dexterity Potion"},{"floor":20.0,"key":"Dexterity Potion"},{"floor":27.0,"key":"Regen Potion"},{"floor":36,"key":"Dexterity Potion"}],"is_trial":false,"path_per_floor":["M","$","M","M","?","E","R","M","T","M","?","R","M","E","R","B",null,"M","M","M","?","M","R","M","R","T","E","?","$","?","$","R","B",null,"M","M","$","?","?","R","$","M","T","E","T","M","?","$","R","B",null],"character_chosen":"THE_SILENT","items_purchased":["TwistedFunnel","Escape Plan","Regal Pillow","PowerPotion"],"campfire_rested":2,"item_purchase_floors":[2,29,29,41],"current_hp_per_floor":[61,61,58,57,43,25,25,23,23,17,17,17,17,16,16,12,56,56,52,52,52,41,41,39,39,39,28,28,28,28,28,64,48,65,65,65,65,65,55,55,55,55,55,37,37,21,21,21,57,46],"gold":15,"neow_bonus":"HUNDRED_GOLD","is_prod":false,"is_daily":false,"chose_seed":false,"campfire_upgraded":6,"win_rate":0,"timestamp":1557523644,"path_taken":["M","$","M","M","?","E","R","M","T","M","?","R","M","E","R","BOSS","M","?","M","?","M","R","M","R","T","E","?","$","?","?","R","BOSS","M","M","$","?","?","R","$","M","T","E","?","M","?","$","R","BOSS"],"build_version":"2019-01-23","purchased_purges":3,"victory":true,"max_hp_per_floor":[70,70,70,70,70,70,70,70,70,70,70,70,70,70,70,70,70,70,70,70,70,70,70,70,70,70,70,70,70,70,70,70,70,70,70,70,70,70,70,70,70,70,70,70,70,70,70,70,70,70],"card_choices":[{"not_picked":["Backflip","Flying Knee"],"picked":"Bouncing Flask","floor":1.0},{"not_picked":["Endless Agony","Setup"],"picked":"Dodge and Roll","floor":3.0},{"not_picked":["Quick Slash","PiercingWail"],"picked":"Cloak And Dagger","floor":4.0},{"not_picked":["Dagger Spray","Deflect"],"picked":"Crippling Poison","floor":6.0},{"not_picked":["Blur","Finisher"],"picked":"Dagger Spray","floor":8.0},{"not_picked":["Dodge and Roll","Bouncing Flask"],"picked":"Footwork","floor":10.0},{"not_picked":["Dagger Throw","Dash"],"picked":"Bane","floor":13.0},{"not_picked":["Night Terror","Blade Dance"],"picked":"Escape Plan","floor":14.0},{"not_picked":["A Thousand Cuts","Tools of the Trade"],"picked":"Malaise","floor":16.0},{"not_picked":["Deadly Poison","Setup"],"picked":"Catalyst","floor":18.0},{"not_picked":["Dodge and Roll","Finisher"],"picked":"Deadly Poison","floor":19.0},{"not_picked":["Infinite Blades","Blade Dance"],"picked":"Cloak And Dagger","floor":20.0},{"not_picked":["Eviscerate","Acrobatics"],"picked":"Dodge and Roll","floor":22.0},{"not_picked":["Finisher","Dash","Choke"],"picked":"SKIP","floor":24.0},{"not_picked":["Slice","Crippling Poison","Eviscerate"],"picked":"SKIP","floor":27.0},{"not_picked":["Unload","Malaise"],"picked":"Burst","floor":33},{"not_picked":["Underhanded Strike","Deadly Poison","Heel Hook+1"],"picked":"SKIP","floor":35},{"not_picked":["Acrobatics","Backflip","Dagger Throw"],"picked":"SKIP","floor":36},{"not_picked":["Bandage Up","Trip"],"picked":"Dark Shackles","floor":39},{"not_picked":["Forethought","Secret Technique"],"picked":"Dark Shackles","floor":39},{"not_picked":["Jack Of All Trades","Dramatic Entrance"],"picked":"Thinking Ahead","floor":39},{"not_picked":["Bouncing Flask","Cloak And Dagger","Prepared+1"],"picked":"SKIP","floor":42},{"not_picked":["Dagger Spray+1","Underhanded Strike","Setup"],"picked":"SKIP","floor":44},{"not_picked":["Blur","Underhanded Strike"],"picked":"Noxious Fumes+1","floor":46}],"player_experience":412190,"relics_obtained":[{"floor":6.0,"key":"Mercury Hourglass"},{"floor":9.0,"key":"Bag of Preparation"},{"floor":14.0,"key":"Whetstone"},{"floor":26.0,"key":"Sundial"},{"floor":27.0,"key":"Bottled Tornado"},{"floor":43,"key":"Centennial Puzzle"},{"floor":44,"key":"Bottled Flame"},{"floor":45,"key":"Bronze Scales"}],"event_choices":[{"damage_healed":0.0,"max_hp_gain":0.0,"max_hp_loss":0.0,"gold_gain":0.0,"event_name":"Shining Light","player_choice":"Entered Light","floor":5.0,"gold_loss":0.0,"damage_taken":14.0,"cards_upgraded":["Neutralize","Strike_G"]},{"cards_removed":["Strike_G"],"damage_healed":0.0,"max_hp_gain":0.0,"max_hp_loss":0.0,"gold_gain":0.0,"event_name":"Wheel of Change","player_choice":"Card Removal","floor":11.0,"gold_loss":0.0,"damage_taken":0.0},{"damage_healed":0.0,"max_hp_gain":0.0,"max_hp_loss":0.0,"gold_gain":0.0,"event_name":"Vampires","player_choice":"Ignored","floor":21.0,"gold_loss":0.0,"damage_taken":0.0},{"damage_healed":0.0,"max_hp_gain":0.0,"max_hp_loss":0.0,"gold_gain":0.0,"event_name":"Ghosts","player_choice":"Ignored","floor":28.0,"gold_loss":0.0,"damage_taken":0.0},{"damage_healed":0.0,"max_hp_gain":0.0,"max_hp_loss":0.0,"gold_gain":0.0,"event_name":"Addict","player_choice":"Obtained Relic","floor":30.0,"gold_loss":85.0,"damage_taken":0.0,"relics_obtained":["Omamori"]},{"damage_healed":0,"gold_gain":0,"player_choice":"Ignored","damage_taken":0,"max_hp_gain":0,"max_hp_loss":0,"event_name":"Mysterious Sphere","floor":38,"gold_loss":0},{"damage_healed":0,"gold_gain":0,"player_choice":"Memory 3","damage_taken":10,"max_hp_gain":0,"max_hp_loss":0,"event_name":"SensoryStone","floor":39,"gold_loss":0},{"damage_healed":0,"gold_gain":0,"player_choice":"Copied","damage_taken":0,"max_hp_gain":0,"max_hp_loss":0,"event_name":"Duplicator","floor":47,"gold_loss":0,"cards_obtained":["Footwork"]}],"is_beta":false,"boss_relics":[{"not_picked":["Eternal Feather","Sozu"],"picked":"Cursed Key"},{"not_picked":["Orrery","Fusion Hammer"],"picked":"Ring of the Serpent"}],"items_purged_floors":[29,37,48],"is_endless":false,"potions_floor_spawned":[1,4,8,10,16,19,20,24,27,36,46],"ascension_level":12}