{"gold_per_floor":[113,36,36,1,1,26,26,44,70,70,98,98,118,132,132,203,203,213,213,224,224],"floor_reached":21,"playtime":1011,"items_purged":[],"score":360,"play_id":"90fcdbad-8544-4814-88a8-3e174c6961cd","local_time":"20190517091023","is_ascension_mode":true,"campfire_choices":[{"data":"Dagger Spray","floor":7.0,"key":"SMITH"},{"data":"Neutralize","floor":12.0,"key":"SMITH"},{"data":"Accuracy","floor":15.0,"key":"SMITH"}],"neow_cost":"NONE","seed_source_timestamp":0,"circlet_count":0,"master_deck":["AscendersBane","Defend_G","Defend_G","Defend_G","Defend_G","Defend_G","Strike_G","Strike_G","Strike_G+1","Strike_G","Strike_G+1","Survivor","Neutralize+1","Cloak And Dagger","Noxious Fumes+1","Dagger Spray+1","Dagger Throw","Cloak And Dagger","Accuracy+1","Glass Knife","Prepared+1"],"special_seed":0,"relics":["Ring of the Snake","NeowsBlessing","Matryoshka","Centennial Puzzle","Regal Pillow","Letter Opener","Busted Crown"],"potions_floor_usage":[],"damage_taken":[{"damage":0.0,"enemies":"Small Slimes","floor":1.0,"turns":1.0},{"damage":0.0,"enemies":"3 Sentries","floor":6.0,"turns":1.0},{"damage":0.0,"enemies":"Jaw Worm","floor":8.0,"turns":1.0},{"damage":27.0,"enemies":"Lagavulin","floor":11.0,"turns":6.0},{"damage":0.0,"enemies":"2 Louse","floor":13.0,"turns":2.0},{"damage":2.0,"enemies":"Large Slime","floor":14.0,"turns":4.0},{"damage":29.0,"enemies":"Hexaghost","floor":16.0,"turns":12.0},{"damage":18,"enemies":"Chosen","floor":18,"turns":5},{"damage":18,"enemies":"Colosseum Slavers","floor":19,"turns":4},{"damage":6,"enemies":"Spheric Guardian","floor":20,"turns":3},{"damage":8,"enemies":"Snake Plant","floor":21,"turns":2}],"seed_played":"8352237053893358180","potions_obtained":[{"floor":6.0,"key":"Swift Potion"},{"floor":11.0,"key":"FearPotion"},{"floor":14.0,"key":"SpeedPotion"}],"is_trial":false,"path_per_floor":["M","$","?","?","?","E","R","M","T","?","E","R","M","M","R","B",null,"M","?","M","M"],"character_chosen":"THE_SILENT","items_purchased":["Noxious Fumes"],"campfire_rested":0,"item_purchase_floors":[2],"current_hp_per_floor":[59,59,46,62,62,62,62,62,62,62,35,35,35,33,33,4,51,33,15,9,1],"gold":224,"neow_bonus":"THREE_ENEMY_KILL","is_prod":false,"is_daily":false,"chose_seed":false,"campfire_upgraded":3,"win_rate":0,"timestamp":1558102223,"path_taken":["M","$","?","?","?","E","R","M","T","?","E","R","M","M","R","BOSS","M","?","M","M"],"build_version":"2019-01-23","purchased_purges":0,"victory":false,"max_hp_per_floor":[66,66,66,66,66,66,66,66,66,66,66,66,66,66,66,66,66,66,66,66,66],"card_choices":[{"not_picked":["Backflip","Accuracy"],"picked":"Cloak And Dagger","floor":1.0},{"not_picked":["Doppelganger","Distraction"],"picked":"Dagger Spray","floor":6.0},{"not_picked":["Predator","Infinite Blades","Underhanded Strike"],"picked":"SKIP","floor":8.0},{"not_picked":["Endless Agony","Flechettes"],"picked":"Dagger Throw","floor":11.0},{"not_picked":["Dagger Throw","Outmaneuver"],"picked":"Cloak And Dagger","floor":13.0},{"not_picked":["Blade Dance","Masterful Stab"],"picked":"Accuracy","floor":14.0},{"not_picked":["Phantasmal Killer","Grand Finale"],"picked":"Glass Knife","floor":16.0},{"not_picked":[],"picked":"Prepared+1","floor":18},{"not_picked":["Catalyst"],"picked":"SKIP","floor":20}],"player_experience":442155,"relics_obtained":[{"floor":6.0,"key":"Matryoshka"},{"floor":9.0,"key":"Centennial Puzzle"},{"floor":9.0,"key":"Regal Pillow"},{"floor":11.0,"key":"Letter Opener"}],"event_choices":[{"damage_healed":0.0,"max_hp_gain":0.0,"max_hp_loss":0.0,"gold_gain":0.0,"event_name":"Shining Light","player_choice":"Entered Light","floor":3.0,"gold_loss":0.0,"damage_taken":13.0,"cards_upgraded":["Strike_G","Strike_G"]},{"damage_healed":16.0,"max_hp_gain":0.0,"max_hp_loss":0.0,"gold_gain":0.0,"event_name":"The Cleric","player_choice":"Healed","floor":4.0,"gold_loss":35.0,"damage_taken":0.0},{"damage_healed":0.0,"max_hp_gain":0.0,"max_hp_loss":0.0,"gold_gain":0.0,"event_name":"Living Wall","player_choice":"Grow","floor":5.0,"gold_loss":0.0,"damage_taken":0.0,"cards_upgraded":["Noxious Fumes"]},{"damage_healed":0.0,"max_hp_gain":0.0,"max_hp_loss":0.0,"gold_gain":0.0,"event_name":"Liars Game","player_choice":"Ignored","floor":10.0,"gold_loss":0.0,"damage_taken":0.0},{"damage_healed":0,"gold_gain":0,"player_choice":"Fight","damage_taken":0,"max_hp_gain":0,"max_hp_loss":0,"event_name":"Colosseum","floor":19,"gold_loss":0},{"damage_healed":0,"gold_gain":0,"player_choice":"Fled From Nobs","damage_taken":0,"max_hp_gain":0,"max_hp_loss":0,"event_name":"Colosseum","floor":19,"gold_loss":0}],"is_beta":false,"boss_relics":[{"not_picked":["Tiny House","Ectoplasm"],"picked":"Busted Crown"}],"items_purged_floors":[],"is_endless":false,"potions_floor_spawned":[6,11,14,19],"killed_by":"Snake Plant","ascension_level":14}