{"gold_per_floor":[118,95,95,95,108,108,108,135,158,175,187,200,200,212,224,335,347,376,388,416,444,474,513,525,551,563,575,9,24,35,64,64,164,164,178,191,244,244,44,144,170,181,181,181,181,211,229,245,245,245],"floor_reached":51,"playtime":3472,"items_purged":[],"score":834,"play_id":"3cd386e2-0ce2-4031-997d-c995a007db3b","local_time":"20190529131915","is_ascension_mode":true,"campfire_choices":[{"data":"White Noise","floor":6,"key":"SMITH"},{"floor":15,"key":"REST"},{"floor":24,"key":"REST"},{"data":"Rainbow","floor":27,"key":"SMITH"},{"floor":32,"key":"REST"},{"floor":45,"key":"REST"},{"floor":49,"key":"REST"}],"neow_cost":"NONE","seed_source_timestamp":41303841153045,"circlet_count":0,"master_deck":["Zap+1","Dualcast","Beam Cell","Chaos+1","Scrape","Self Repair","Self Repair","Static Discharge","Reinforced Body","White Noise+1","Redo","Gash","Gash","Rainbow+1","Biased Cognition","Ball Lightning+1","Stack","Glacier+1","Barrage","Storm","Defragment","Self Repair","Gash","Biased Cognition","Barrage+1","Barrage+1","Madness","Madness","Gash+1","Buffer","Redo+1","Stack"],"relics":["Pandora\u0027s Box","Dead Branch","MawBank","Inserter","Nloth\u0027s Gift","Gremlin Horn","Singing Bowl","MealTicket","Bag of Marbles","Dream Catcher","PreservedInsect","Nuclear Battery","Pocketwatch","Strawberry","Ice Cream","Smiling Mask","Bottled Tornado","Potion Belt"],"potions_floor_usage":[12,25,33,33,37,37,48,50,50,50],"damage_taken":[{"damage":8,"enemies":"Jaw Worm","floor":1,"turns":2},{"damage":0,"enemies":"Small Slimes","floor":5,"turns":3},{"damage":21,"enemies":"3 Sentries","floor":8,"turns":7},{"damage":0,"enemies":"Cultist","floor":10,"turns":4},{"damage":28,"enemies":"Exordium Wildlife","floor":11,"turns":5},{"damage":14,"enemies":"Lots of Slimes","floor":12,"turns":3},{"damage":33,"enemies":"Hexaghost","floor":16,"turns":5},{"damage":13,"enemies":"Shell Parasite","floor":18,"turns":4},{"damage":4,"enemies":"Chosen","floor":20,"turns":4},{"damage":22,"enemies":"Centurion and Healer","floor":21,"turns":6},{"damage":9,"enemies":"Chosen and Byrds","floor":22,"turns":5},{"damage":31,"enemies":"Gremlin Leader","floor":23,"turns":6},{"damage":21,"enemies":"Cultist and Chosen","floor":25,"turns":6},{"damage":21,"enemies":"Snake Plant","floor":29,"turns":3},{"damage":0,"enemies":"Chosen and Byrds","floor":30,"turns":5},{"damage":41,"enemies":"Book of Stabbing","floor":31,"turns":4},{"damage":17,"enemies":"Automaton","floor":33,"turns":9},{"damage":17,"enemies":"Orb Walker","floor":35,"turns":4},{"damage":39,"enemies":"3 Darklings","floor":36,"turns":4},{"damage":9,"enemies":"2 Orb Walkers","floor":37,"turns":5},{"damage":27,"enemies":"Mind Bloom Boss Battle","floor":40,"turns":4},{"damage":9,"enemies":"Reptomancer","floor":41,"turns":5},{"damage":18,"enemies":"Sphere and 2 Shapes","floor":42,"turns":3},{"damage":18,"enemies":"Giant Head","floor":46,"turns":7},{"damage":44,"enemies":"Transient","floor":47,"turns":5},{"damage":25,"enemies":"Jaw Worm Horde","floor":48,"turns":4},{"damage":44,"enemies":"Donu and Deca","floor":50,"turns":6}],"seed_played":"8361243322927890495","potions_obtained":[{"floor":1,"key":"Weak Potion"},{"floor":5,"key":"Block Potion"},{"floor":11,"key":"FearPotion"},{"floor":16,"key":"GamblersBrew"},{"floor":18,"key":"Poison Potion"},{"floor":30,"key":"Explosive Potion"},{"floor":33,"key":"SkillPotion"},{"floor":35,"key":"SkillPotion"},{"floor":40,"key":"Strength Potion"},{"floor":46,"key":"SteroidPotion"},{"floor":48,"key":"AttackPotion"}],"is_trial":false,"path_per_floor":["M","?","?","?","M","R","?","E","T","M","M","M","T","?","R","B",null,"M","?","M","M","M","E","R","M","T","R","$","M","M","E","R","B",null,"M","M","?","?","$","?","E","M","T","?","R","E","M","M","R","B",null],"character_chosen":"DEFECT","items_purchased":["MealTicket","Bag of Marbles","Dream Catcher","Storm","Strawberry","Energy Potion"],"campfire_rested":5,"item_purchase_floors":[28,28,28,28,39,39],"current_hp_per_floor":[75,75,75,75,75,75,85,78,78,85,71,71,71,54,79,46,85,85,85,85,77,75,58,83,76,76,76,76,69,83,56,83,66,87,87,71,76,65,87,76,83,65,65,65,97,100,77,68,99,62],"gold":245,"neow_bonus":"BOSS_RELIC","is_prod":false,"is_daily":false,"chose_seed":false,"campfire_upgraded":2,"win_rate":0,"timestamp":1559157555,"path_taken":["M","?","?","?","?","R","?","E","T","?","M","M","?","?","R","BOSS","M","?","M","M","M","E","R","M","T","R","?","M","M","E","R","BOSS","M","?","?","?","$","?","E","M","T","?","R","E","M","M","R","BOSS"],"build_version":"2019-01-23","purchased_purges":0,"victory":true,"max_hp_per_floor":[75,75,75,75,75,75,85,85,85,85,85,85,85,85,85,85,85,85,85,85,85,85,85,85,85,85,85,85,85,85,85,87,87,87,87,89,89,89,96,98,100,100,100,100,102,102,102,104,104,104],"card_choices":[{"not_picked":["Skim","Steam"],"picked":"Reinforced Body","floor":1},{"not_picked":["Sweeping Beam","Steam"],"picked":"White Noise","floor":5},{"not_picked":["Turbo","Force Field"],"picked":"Redo","floor":8},{"not_picked":["Force Field","Compile Driver"],"picked":"Gash","floor":10},{"not_picked":["Steam","Barrage"],"picked":"Gash","floor":11},{"not_picked":["Recycle","Rebound"],"picked":"Rainbow","floor":12},{"not_picked":["Amplify","Seek"],"picked":"Biased Cognition","floor":16},{"not_picked":["Turbo","Compile Driver"],"picked":"Ball Lightning+1","floor":18},{"not_picked":["Streamline+1","Stack","Force Field+1"],"picked":"SKIP","floor":20},{"not_picked":["Leap","Rebound"],"picked":"Stack","floor":21},{"not_picked":["Reboot","Stack"],"picked":"Glacier+1","floor":22},{"not_picked":["Amplify","Steam Power","Hologram"],"picked":"SKIP","floor":23},{"not_picked":["Compile Driver","Stack"],"picked":"Barrage","floor":25},{"not_picked":["Doom and Gloom","Coolheaded"],"picked":"Defragment","floor":29},{"not_picked":["Steam","Compile Driver"],"picked":"Self Repair","floor":30},{"not_picked":["Rebound","Go for the Eyes"],"picked":"Gash","floor":31},{"not_picked":["Ball Lightning","Conserve Battery","Compile Driver+1"],"picked":"Singing Bowl","floor":32},{"not_picked":["Echo Form","Multi-Cast"],"picked":"Biased Cognition","floor":33},{"not_picked":["Chill+1","Redo"],"picked":"Barrage+1","floor":35},{"not_picked":["Coolheaded","Genetic Algorithm+1","Consume"],"picked":"Singing Bowl","floor":36},{"not_picked":["Compile Driver+1","Redo"],"picked":"Barrage+1","floor":37},{"not_picked":["Ball Lightning+1","Conserve Battery+1","Creative AI"],"picked":"Singing Bowl","floor":40},{"not_picked":["Amplify","Rip and Tear","All For One"],"picked":"Singing Bowl","floor":41},{"not_picked":["Storm","Rebound"],"picked":"Gash+1","floor":42},{"not_picked":["Aggregate+1","Loop+1","Compile Driver"],"picked":"Singing Bowl","floor":45},{"not_picked":["Stack","Creative AI"],"picked":"Buffer","floor":46},{"not_picked":["Melter+1","Cold Snap"],"picked":"Redo+1","floor":47},{"not_picked":["Beam Cell","Barrage","Ball Lightning+1"],"picked":"Singing Bowl","floor":48},{"not_picked":["Sweeping Beam+1","Steam Power"],"picked":"Stack","floor":49}],"player_experience":114569,"relics_obtained":[{"floor":8,"key":"Dead Branch"},{"floor":13,"key":"MawBank"},{"floor":23,"key":"Gremlin Horn"},{"floor":26,"key":"Singing Bowl"},{"floor":31,"key":"PreservedInsect"},{"floor":37,"key":"Pocketwatch"},{"floor":40,"key":"Ice Cream"},{"floor":41,"key":"Smiling Mask"},{"floor":43,"key":"Bottled Tornado"},{"floor":46,"key":"Potion Belt"}],"event_choices":[{"damage_healed":0,"gold_gain":0,"player_choice":"Left Gold","damage_taken":0,"max_hp_gain":0,"max_hp_loss":0,"event_name":"World of Goop","floor":2,"gold_loss":23},{"damage_healed":0,"gold_gain":0,"player_choice":"Ignored","damage_taken":0,"max_hp_gain":0,"max_hp_loss":0,"event_name":"Golden Wing","floor":3,"gold_loss":0},{"damage_healed":0,"gold_gain":0,"player_choice":"Trade","damage_taken":0,"relics_obtained":["NlothsMask"],"max_hp_gain":0,"max_hp_loss":0,"event_name":"FaceTrader","floor":4,"gold_loss":0},{"cards_removed":["Reboot"],"damage_healed":0,"gold_gain":0,"player_choice":"Offered Rare","damage_taken":0,"max_hp_gain":10,"max_hp_loss":0,"event_name":"Bonfire Elementals","floor":7,"gold_loss":0},{"damage_healed":0,"gold_gain":0,"player_choice":"Entered Light","damage_taken":17,"max_hp_gain":0,"max_hp_loss":0,"event_name":"Shining Light","floor":14,"gold_loss":0,"cards_upgraded":["Zap","Chaos"]},{"damage_healed":0,"gold_gain":0,"player_choice":"Traded Relic","damage_taken":0,"relics_obtained":["Nloth\u0027s Gift"],"max_hp_gain":0,"max_hp_loss":0,"event_name":"N\u0027loth","floor":19,"relics_lost":["NlothsMask"],"gold_loss":0},{"damage_healed":0,"gold_gain":0,"player_choice":"Fight","damage_taken":0,"max_hp_gain":0,"max_hp_loss":0,"event_name":"Mysterious Sphere","floor":37,"gold_loss":0},{"damage_healed":0,"gold_gain":0,"player_choice":"Embrace Madness","damage_taken":11,"max_hp_gain":0,"max_hp_loss":0,"event_name":"Winding Halls","floor":38,"gold_loss":0,"cards_obtained":["Madness","Madness"]},{"damage_healed":0,"gold_gain":0,"player_choice":"Fight","damage_taken":0,"max_hp_gain":0,"max_hp_loss":0,"event_name":"MindBloom","floor":40,"gold_loss":0},{"cards_removed":["Go for the Eyes"],"damage_healed":0,"gold_gain":0,"player_choice":"Removed Attack","damage_taken":0,"max_hp_gain":0,"max_hp_loss":0,"event_name":"Falling","floor":44,"gold_loss":0}],"is_beta":false,"boss_relics":[{"not_picked":["Philosopher\u0027s Stone","Busted Crown"],"picked":"Inserter"},{"not_picked":["Eternal Feather","Coffee Dripper"],"picked":"Nuclear Battery"}],"items_purged_floors":[],"is_endless":false,"potions_floor_spawned":[1,5,11,16,18,21,23,30,31,33,35,40,46,48],"ascension_level":1}