{"gold_per_floor":[115,115,127,141,12,42,42,42,42,54,73,73,89,109,109,205,205,223,223,237,137,149,180,190,204,285,315,190,190,190,200,200,295,295,479,479,253,269,282,282,299,299,299,299,124,139,156,176,176,176],"floor_reached":51,"playtime":2947,"items_purged":["Defend_R","Strike_R","Defend_R","Doubt","Strike_R"],"score":725,"play_id":"a3d03620-ceba-4664-96d1-3dad7fed8f62","local_time":"20190104164424","is_ascension_mode":false,"campfire_choices":[{"data":"Flex","floor":7.0,"key":"SMITH"},{"data":"Replay:Many Hands","floor":15.0,"key":"SMITH"},{"data":"Seeing Red","floor":29.0,"key":"SMITH"},{"floor":40.0,"key":"REST"},{"floor":42.0,"key":"REST"},{"floor":49.0,"key":"REST"}],"neow_cost":"","seed_source_timestamp":7156009394160,"circlet_count":0,"master_deck":["Strike_R+1","Seeing Red+1","Flex+1","Replay:Many Hands+1","Battle Trance","Offering+1","Flex","Replay:Undeath\u0027s Touch","Replay:Undeath\u0027s Touch+1","Replay:Many Hands","CommonCold","Massacre+1","Sadistic Nature","Replay:Undeath\u0027s Touch"],"special_seed":0,"relics":["Burning Blood","Simple Rune","Pear","halation:Toothbrush","ReplayTheSpireMod:Onyx Gauntlets","halation:PromiseList","Regal Pillow","Darkstone Periapt","Red Mask","Kintsugi","Blood Vial","Iron Hammer"],"potions_floor_usage":[50,50,50,50],"damage_taken":[{"damage":1.0,"enemies":"Jaw Worm","floor":1.0,"turns":3.0},{"damage":0.0,"enemies":"Cultist","floor":3.0,"turns":2.0},{"damage":1.0,"enemies":"2 Louse","floor":4.0,"turns":2.0},{"damage":32.0,"enemies":"Lagavulin","floor":6.0,"turns":4.0},{"damage":8.0,"enemies":"Gremlin Gang","floor":10.0,"turns":4.0},{"damage":7.0,"enemies":"Blue Slaver","floor":11.0,"turns":3.0},{"damage":14.0,"enemies":"3 Louse","floor":13.0,"turns":3.0},{"damage":12.0,"enemies":"Exordium Wildlife","floor":14.0,"turns":3.0},{"damage":53.0,"enemies":"Fading Forest","floor":16.0,"turns":11.0},{"damage":6.0,"enemies":"3 Byrds","floor":18.0,"turns":2.0},{"damage":20.0,"enemies":"2 Thieves","floor":20.0,"turns":4.0},{"damage":0.0,"enemies":"Centurion and Healer","floor":22.0,"turns":3.0},{"damage":11.0,"enemies":"Replay:Snechameleon","floor":23.0,"turns":2.0},{"damage":16.0,"enemies":"Sentry and Sphere","floor":24.0,"turns":3.0},{"damage":6.0,"enemies":"Snecko","floor":25.0,"turns":2.0},{"damage":10.0,"enemies":"Masked Bandits","floor":27.0,"turns":3.0},{"damage":7.0,"enemies":"Cultist and Chosen","floor":31.0,"turns":3.0},{"damage":22.0,"enemies":"Automaton","floor":33.0,"turns":3.0},{"damage":110.0,"enemies":"3 Shapes","floor":35.0,"turns":4.0},{"damage":0.0,"enemies":"Orb Walker","floor":38.0,"turns":1.0},{"damage":6.0,"enemies":"Spire Growth","floor":39.0,"turns":1.0},{"damage":47.0,"enemies":"Jaw Worm Horde","floor":41.0,"turns":3.0},{"damage":24.0,"enemies":"Sphere and 2 Shapes","floor":46.0,"turns":3.0},{"damage":29.0,"enemies":"Spire Growth","floor":47.0,"turns":2.0},{"damage":6.0,"enemies":"Jaw Worm Horde","floor":48.0,"turns":2.0},{"damage":87,"enemies":"infinitespire:MassOfShapes","floor":50,"turns":1}],"seed_played":"-3853277936447237360","potions_obtained":[{"floor":1.0,"key":"Swift Potion"},{"floor":3.0,"key":"Cursed Concoction"},{"floor":6.0,"key":"Adrenaline Potion"},{"floor":13.0,"key":"Fire Potion"},{"floor":16.0,"key":"Poison Potion"},{"floor":20.0,"key":"Poison Potion"},{"floor":22.0,"key":"SpeedPotion"},{"floor":25.0,"key":"Elixir"},{"floor":41.0,"key":"Elixir"},{"floor":44.0,"key":"Elixir"},{"floor":44.0,"key":"Strength Potion"},{"floor":44.0,"key":"Cursed Concoction"},{"floor":47.0,"key":"GamblersBrew"}],"is_trial":false,"path_per_floor":["M","?","M","M","$","E","R","$","T","M","M","?","M","M","R","B",null,"M","?","M","$","M","E","M","M","T","?","$","R","?","M","R","B",null,"M","?","$","M","M","R","M","R","T","?","$","M","M","M","R","B",null],"character_chosen":"IRONCLAD","items_purchased":["ReplayTheSpireMod:Strike From Hell","Flex","Blood Vial"],"campfire_rested":3,"item_purchase_floors":[0,5,37],"current_hp_per_floor":[80,80,80,80,80,64,64,64,64,62,61,64,56,50,50,25,93,93,93,79,82,88,83,73,73,73,69,72,72,72,71,99,83,126,22,12,15,23,25,78,39,92,92,92,95,79,58,60,114,35],"gold":176,"neow_bonus":"","is_prod":false,"is_daily":false,"chose_seed":false,"campfire_upgraded":3,"win_rate":0,"timestamp":1546613064,"path_taken":["M","?","M","?","$","E","R","$","T","M","M","?","M","M","R","BOSS","M","?","M","$","M","E","?","M","T","?","$","R","?","M","R","BOSS","M","?","$","M","M","R","M","R","T","?","$","M","?","M","R","BOSS"],"build_version":"2019-01-03v3","purchased_purges":5,"victory":true,"max_hp_per_floor":[80,80,80,80,80,90,90,90,90,90,90,93,93,93,93,93,93,93,93,93,96,96,96,96,96,96,96,99,99,99,99,99,99,126,126,126,129,129,129,129,129,129,129,129,132,132,132,132,132,132],"card_choices":[{"not_picked":["Iron Wave","Metallicize","Massacre"],"picked":"SKIP","floor":1.0},{"not_picked":["Disarm","Headbutt","True Grit"],"picked":"SKIP","floor":3.0},{"not_picked":["Bloodletting","Immolate"],"picked":"Seeing Red","floor":4.0},{"not_picked":["Warcry","Wild Strike","Power Through"],"picked":"SKIP","floor":6.0},{"not_picked":["Replay:Undeath\u0027s Touch","Abandon"],"picked":"Replay:Many Hands","floor":10.0},{"not_picked":["ReplayTheSpireMod:Stacked","Run Through","Anger"],"picked":"SKIP","floor":11.0},{"not_picked":["Iron Wave","Pummel","Dropkick"],"picked":"SKIP","floor":13.0},{"not_picked":["Hemokinesis","Replay:Undeath\u0027s Touch"],"picked":"Battle Trance","floor":14.0},{"not_picked":["Feed","Double Tap"],"picked":"Offering","floor":16.0},{"not_picked":["Clothesline","Cleave"],"picked":"Flex","floor":18.0},{"not_picked":["Body Slam","Thunderclap+1","Havoc"],"picked":"SKIP","floor":20.0},{"not_picked":["Combust","Clothesline","Iron Wave"],"picked":"SKIP","floor":22.0},{"not_picked":["Uppercut","Iron Wave","Clothesline+1"],"picked":"SKIP","floor":23.0},{"not_picked":["Pommel Strike+1","Reckless Charge+1","Bloodletting"],"picked":"SKIP","floor":24.0},{"not_picked":["Entrench","ReplayReversal"],"picked":"Replay:Undeath\u0027s Touch","floor":25.0},{"not_picked":["Uppercut","Iron Wave"],"picked":"Replay:Undeath\u0027s Touch+1","floor":31.0},{"not_picked":["Offering","Eclipse"],"picked":"Replay:Many Hands","floor":33.0},{"not_picked":["Clothesline+1","Anger"],"picked":"Massacre+1","floor":35.0},{"not_picked":["Finesse","Forethought"],"picked":"Sadistic Nature","floor":36.0},{"not_picked":["Havoc+1","Perfected Strike","Shrug It Off"],"picked":"SKIP","floor":38.0},{"not_picked":["Sever Soul+1","Headbutt","ReplayTheSpireMod:Strike From Hell+1"],"picked":"SKIP","floor":39.0},{"not_picked":["infinitespire:OneForAll","Anger+1","Blood for Blood"],"picked":"SKIP","floor":41.0},{"not_picked":["Fiend Fire","Reckless Charge"],"picked":"Replay:Undeath\u0027s Touch","floor":46.0},{"not_picked":["True Grit","Headbutt+1","Uppercut"],"picked":"SKIP","floor":47.0},{"not_picked":["Carnage","Warcry","ReplayTheSpireMod:LeadingStrike"],"picked":"SKIP","floor":48.0}],"player_experience":252356,"relics_obtained":[{"floor":6.0,"key":"Pear"},{"floor":9.0,"key":"halation:Toothbrush"},{"floor":23.0,"key":"halation:PromiseList"},{"floor":26.0,"key":"Darkstone Periapt"},{"floor":27.0,"key":"Red Mask"},{"floor":43.0,"key":"Iron Hammer"}],"event_choices":[{"damage_healed":0.0,"max_hp_gain":0.0,"max_hp_loss":0.0,"gold_gain":0.0,"event_name":"WeMeetAgain","player_choice":"Gave Potion","floor":2.0,"gold_loss":0.0,"damage_taken":0.0,"relics_obtained":["Simple Rune"]},{"cards_removed":["Strike_R"],"damage_healed":0.0,"max_hp_gain":0.0,"max_hp_loss":0.0,"gold_gain":0.0,"event_name":"Living Wall","player_choice":"Forget","floor":12.0,"gold_loss":0.0,"damage_taken":0.0},{"damage_healed":0.0,"max_hp_gain":0.0,"max_hp_loss":0.0,"gold_gain":0.0,"event_name":"The Woman in Blue","player_choice":"Bought 0 Potions","floor":19.0,"gold_loss":0.0,"damage_taken":0.0},{"damage_healed":0.0,"max_hp_gain":0.0,"max_hp_loss":0.0,"gold_gain":0.0,"event_name":"Masked Bandits","player_choice":"Fought Bandits","floor":27.0,"gold_loss":0.0,"damage_taken":0.0},{"damage_healed":0.0,"max_hp_gain":0.0,"max_hp_loss":0.0,"gold_gain":0.0,"event_name":"Vampires","player_choice":"Ignored","floor":30.0,"gold_loss":0.0,"damage_taken":0.0},{"damage_healed":0.0,"max_hp_gain":0.0,"max_hp_loss":0.0,"gold_gain":0.0,"event_name":"SensoryStone","player_choice":"Memory 3","floor":36.0,"gold_loss":0.0,"damage_taken":10.0},{"damage_healed":0.0,"max_hp_gain":0.0,"max_hp_loss":0.0,"gold_gain":0.0,"event_name":"Lab","player_choice":"Got Potions","floor":44.0,"gold_loss":0.0,"damage_taken":0.0}],"is_beta":false,"boss_relics":[{"not_picked":["Busted Crown","Coffee Dripper"],"picked":"ReplayTheSpireMod:Onyx Gauntlets"},{"not_picked":["halation:Yufonium","Empty Cage"],"picked":"Kintsugi"}],"items_purged_floors":[5,21,28,37,45],"is_endless":false,"potions_floor_spawned":[1,3,6,13,16,20,22,25,33,41,47],"ascension_level":0}