{"gold_per_floor":[217,231,231,249,268,268,40,40,117,151,163,190,202,229,241,372,384,384,339,339,319,61,61,61,35,35,35,35,35,35,35,35,35],"floor_reached":33,"playtime":5357,"items_purged":[],"score":301,"play_id":"557663ca-78fc-40ab-a8a0-6eb4e147a4b1","local_time":"20190608185936","is_ascension_mode":true,"campfire_choices":[{"data":"Bash","floor":6,"key":"SMITH"},{"data":"Trip","floor":8,"key":"SMITH"},{"data":"Uppercut","floor":13,"key":"SMITH"},{"floor":15,"key":"REST"},{"floor":23,"key":"REST"},{"data":"Armaments","floor":28,"key":"SMITH"},{"floor":32,"key":"REST"}],"neow_cost":"NONE","seed_source_timestamp":2050068463255043,"circlet_count":0,"master_deck":["Strike_R","Strike_R","Strike_R","Strike_R","Strike_R","Defend_R","Defend_R","Defend_R","Defend_R","Bash+1","Battle Trance","Carnage","Dropkick","Reaper","Trip+1","Perfected Strike","Injury","Uppercut+1","Seeing Red","Feed","Iron Wave+1","Cleave+1","Double Tap","Flash of Steel","Flex","Shrug It Off","Armaments+1","Uppercut+1","Demon Form","Heavy Blade"],"relics":["Burning Blood","Vajra","Meat on the Bone","MawBank","Golden Idol","Ectoplasm","Enchiridion","Blood Vial","Strawberry","Charon\u0027s Ashes"],"potions_floor_usage":[16,16,24,33,33],"damage_taken":[{"damage":0,"enemies":"Small Slimes","floor":1,"turns":3},{"damage":1,"enemies":"Cultist","floor":2,"turns":3},{"damage":6,"enemies":"2 Louse","floor":4,"turns":2},{"damage":0,"enemies":"Large Slime","floor":5,"turns":4},{"damage":44,"enemies":"3 Sentries","floor":10,"turns":7},{"damage":0,"enemies":"Looter","floor":12,"turns":2},{"damage":5,"enemies":"2 Fungi Beasts","floor":14,"turns":3},{"damage":53,"enemies":"Hexaghost","floor":16,"turns":9},{"damage":5,"enemies":"Spheric Guardian","floor":18,"turns":3},{"damage":22,"enemies":"2 Thieves","floor":19,"turns":3},{"damage":22,"enemies":"Gremlin Leader","floor":24,"turns":5},{"damage":20,"enemies":"Centurion and Healer","floor":27,"turns":5},{"damage":55,"enemies":"Slavers","floor":29,"turns":5},{"damage":22,"enemies":"Snake Plant","floor":30,"turns":4},{"damage":0,"enemies":"Sentry and Sphere","floor":31,"turns":3},{"damage":144,"enemies":"Collector","floor":33,"turns":6}],"seed_played":"4128954303692485710","potions_obtained":[{"floor":1,"key":"AttackPotion"},{"floor":5,"key":"Ancient Potion"},{"floor":10,"key":"Swift Potion"},{"floor":18,"key":"Regen Potion"},{"floor":21,"key":"LiquidBronze"},{"floor":27,"key":"Block Potion"},{"floor":29,"key":"FearPotion"}],"is_trial":false,"path_per_floor":["M","M","?","M","M","R","$","R","T","E","?","M","R","M","R","B",null,"M","M","?","?","$","R","E","$","T","M","R","E","M","M","R","B"],"character_chosen":"IRONCLAD","items_purchased":["Vajra","Trip","Double Tap","Flash of Steel","Shrug It Off"],"campfire_rested":3,"item_purchase_floors":[7,7,22,22,25],"current_hp_per_floor":[80,80,80,80,80,80,80,80,80,47,47,53,53,54,78,50,80,80,74,58,58,58,82,72,72,79,76,76,44,42,62,89,0],"gold":35,"neow_bonus":"HUNDRED_GOLD","is_prod":false,"is_daily":false,"chose_seed":false,"campfire_upgraded":4,"win_rate":0,"timestamp":1560013176,"path_taken":["M","M","?","M","M","R","$","R","T","E","?","M","R","M","R","BOSS","M","M","?","?","$","R","E","$","T","M","R","E","M","M","R","BOSS"],"build_version":"2019-01-23","purchased_purges":0,"victory":false,"max_hp_per_floor":[80,80,80,80,80,80,80,80,80,80,80,80,80,80,80,80,80,80,83,83,83,83,83,83,83,90,90,90,93,93,93,93,93],"card_choices":[{"not_picked":["Sword Boomerang","Clothesline"],"picked":"Battle Trance","floor":1},{"not_picked":["True Grit","Corruption"],"picked":"Carnage","floor":2},{"not_picked":["Rage","Disarm"],"picked":"Dropkick","floor":4},{"not_picked":["Headbutt","Iron Wave"],"picked":"Reaper","floor":5},{"not_picked":["Carnage","Twin Strike"],"picked":"Perfected Strike","floor":10},{"not_picked":["Sword Boomerang","Shrug It Off"],"picked":"Uppercut","floor":12},{"not_picked":["Shrug It Off","Flex"],"picked":"Seeing Red","floor":14},{"not_picked":["Limit Break","Offering"],"picked":"Feed","floor":16},{"not_picked":["Rupture","True Grit"],"picked":"Iron Wave+1","floor":18},{"not_picked":["Twin Strike","Body Slam+1"],"picked":"Cleave+1","floor":19},{"not_picked":["Perfected Strike","Wild Strike"],"picked":"Flex","floor":24},{"not_picked":["Perfected Strike","Warcry"],"picked":"Armaments","floor":27},{"not_picked":["Body Slam","True Grit"],"picked":"Uppercut+1","floor":29},{"not_picked":["Perfected Strike","Warcry"],"picked":"Demon Form","floor":30},{"not_picked":["Perfected Strike+1","Clothesline"],"picked":"Heavy Blade","floor":31}],"player_experience":52545,"relics_obtained":[{"floor":9,"key":"Meat on the Bone"},{"floor":10,"key":"MawBank"},{"floor":20,"key":"Enchiridion"},{"floor":24,"key":"Blood Vial"},{"floor":26,"key":"Strawberry"},{"floor":29,"key":"Charon\u0027s Ashes"}],"event_choices":[{"damage_healed":0,"gold_gain":0,"player_choice":"Leave","damage_taken":0,"max_hp_gain":0,"max_hp_loss":0,"event_name":"The Cleric","floor":3,"gold_loss":0},{"damage_healed":0,"gold_gain":0,"player_choice":"Take Wound","damage_taken":0,"relics_obtained":["Golden Idol"],"max_hp_gain":0,"max_hp_loss":0,"event_name":"Golden Idol","floor":11,"gold_loss":0,"cards_obtained":["Injury"]},{"damage_healed":0,"gold_gain":0,"player_choice":"Obtained Book","damage_taken":16,"max_hp_gain":0,"max_hp_loss":0,"event_name":"Cursed Tome","floor":20,"gold_loss":0},{"damage_healed":0,"gold_gain":0,"player_choice":"Bought 1 Potion","damage_taken":0,"max_hp_gain":0,"max_hp_loss":0,"event_name":"The Woman in Blue","floor":21,"gold_loss":0}],"is_beta":false,"boss_relics":[{"not_picked":["Calling Bell","Runic Cube"],"picked":"Ectoplasm"}],"items_purged_floors":[],"is_endless":false,"potions_floor_spawned":[1,5,10,12,14,18,27,29,31],"killed_by":"Collector","ascension_level":1}