{"gold_per_floor":[109,109,184,134,145,145,162,162,162,179,194,221,235,248,248,248],"floor_reached":16,"playtime":506,"items_purged":[],"score":156,"play_id":"d8af935a-b030-4354-af99-513c415bb9a4","local_time":"20190522132946","is_ascension_mode":true,"campfire_choices":[{"floor":6,"key":"REST"},{"data":"Dual Wield","floor":8,"key":"SMITH"},{"floor":15,"key":"REST"}],"neow_cost":"PERCENT_DAMAGE","seed_source_timestamp":228799861711041,"circlet_count":0,"master_deck":["AscendersBane","Strike_R","Strike_R","Strike_R","Defend_R+1","Defend_R","Defend_R","Bash","Dropkick+1","Dual Wield+1","Havoc"],"relics":["Burning Blood","Strawberry","Regal Pillow"],"potions_floor_usage":[5,11,12],"damage_taken":[{"damage":14,"enemies":"Small Slimes","floor":1,"turns":5},{"damage":0,"enemies":"2 Louse","floor":5,"turns":2},{"damage":7,"enemies":"Jaw Worm","floor":7,"turns":3},{"damage":18,"enemies":"Red Slaver","floor":10,"turns":3},{"damage":0,"enemies":"Exordium Wildlife","floor":11,"turns":2},{"damage":60,"enemies":"Lagavulin","floor":12,"turns":7},{"damage":13,"enemies":"Blue Slaver","floor":13,"turns":3},{"damage":10,"enemies":"2 Fungi Beasts","floor":14,"turns":3},{"damage":53,"enemies":"Slime Boss","floor":16,"turns":9}],"seed_played":"-7207461895741050213","potions_obtained":[{"floor":1,"key":"Regen Potion"},{"floor":7,"key":"Explosive Potion"},{"floor":11,"key":"Regen Potion"},{"floor":12,"key":"FairyPotion"}],"is_trial":false,"path_per_floor":["M","?","?","?","M","R","M","R","T","M","M","E","M","M","R","B"],"character_chosen":"IRONCLAD","items_purchased":[],"campfire_rested":2,"item_purchase_floors":[],"current_hp_per_floor":[43,27,16,16,27,51,50,50,57,45,51,12,14,10,51,0],"gold":248,"neow_bonus":"REMOVE_TWO","is_prod":false,"is_daily":false,"chose_seed":false,"campfire_upgraded":1,"win_rate":0,"timestamp":1558520986,"path_taken":["M","?","?","?","M","R","M","R","T","M","?","E","M","M","R","BOSS"],"build_version":"2019-01-23","purchased_purges":0,"victory":false,"max_hp_per_floor":[80,80,80,80,80,80,80,80,87,87,87,87,87,87,87,87],"card_choices":[{"not_picked":["Infernal Blade","Sword Boomerang"],"picked":"Dropkick","floor":1},{"not_picked":["Entrench","Clothesline","Pummel"],"picked":"SKIP","floor":5},{"not_picked":["Infernal Blade","Heavy Blade"],"picked":"Dual Wield","floor":7},{"not_picked":["Fire Breathing","Pommel Strike","Corruption"],"picked":"SKIP","floor":10},{"not_picked":["Shrug It Off","Flex"],"picked":"Havoc","floor":11},{"not_picked":["Shrug It Off","Clothesline","Clash"],"picked":"SKIP","floor":12},{"not_picked":["Warcry","Rage","Second Wind"],"picked":"SKIP","floor":13},{"not_picked":["Feel No Pain","Body Slam","Sword Boomerang"],"picked":"SKIP","floor":14}],"player_experience":309168,"relics_obtained":[{"floor":9,"key":"Strawberry"},{"floor":12,"key":"Regal Pillow"}],"event_choices":[{"damage_healed":0,"gold_gain":0,"player_choice":"Entered Light","damage_taken":16,"max_hp_gain":0,"max_hp_loss":0,"event_name":"Shining Light","floor":2,"gold_loss":0,"cards_upgraded":["Dropkick","Defend_R"]},{"damage_healed":0,"gold_gain":75,"player_choice":"Gather Gold","damage_taken":11,"max_hp_gain":0,"max_hp_loss":0,"event_name":"World of Goop","floor":3,"gold_loss":0},{"cards_removed":["Strike_R"],"damage_healed":0,"gold_gain":0,"player_choice":"Card Removal","damage_taken":0,"max_hp_gain":0,"max_hp_loss":0,"event_name":"The Cleric","floor":4,"gold_loss":50}],"is_beta":false,"boss_relics":[],"items_purged_floors":[],"is_endless":false,"potions_floor_spawned":[1,7,11,12],"killed_by":"Slime Boss","ascension_level":10}