{"gold_per_floor":[109,109,31,45,45,71,71,84,84,84,159,188,138,156,156,256,256,266,266,191,205,224,224,259,259,259,259,259,284,302,329,329,431,431,451,471,99,99,119,119,136,136,136,155,155,86,86,99,99,99,99,99,99,134,134],"floor_reached":55,"playtime":2567,"items_purged":["True Grit","Twin Strike"],"score":703,"play_id":"f43828ca-afa7-4073-9bde-b633ae44bb0c","local_time":"20190603204300","is_ascension_mode":false,"campfire_choices":[{"data":"Whirlwind","floor":7.0,"key":"SMITH"},{"data":"Bash","floor":10.0,"key":"SMITH"},{"data":"Barricade","floor":15.0,"key":"SMITH"},{"data":"Body Slam","floor":23.0,"key":"SMITH"},{"floor":25.0,"key":"REST"},{"floor":28.0,"key":"REST"},{"floor":32.0,"key":"REST"},{"floor":40.0,"key":"RECALL"},{"data":"Impervious","floor":45.0,"key":"SMITH"},{"floor":49.0,"key":"REST"},{"data":"Entrench","floor":52.0,"key":"SMITH"}],"neow_cost":"NONE","seed_source_timestamp":1289502892415282,"circlet_count":0,"master_deck":["Defend_R","Defend_R","Defend_R","Defend_R","Bash+1","Sword Boomerang","Whirlwind+1","Barricade+1","Shrug It Off","Impervious+1","Body Slam+1","Thunderclap","Iron Wave","Ghostly Armor+1","Rampage","Offering+1","Shockwave+1","Impervious","Parasite","Shrug It Off","Entrench+1"],"special_seed":0,"relics":["Burning Blood","NeowsBlessing","Darkstone Periapt","Bronze Scales","Odd Mushroom","Orrery","Pen Nib","Kunai","Ginger","Red Mask","Busted Crown","Toy Ornithopter","Prayer Wheel","Bag of Marbles"],"potions_floor_usage":[],"damage_taken":[{"damage":0.0,"enemies":"Small Slimes","floor":1.0,"turns":1.0},{"damage":0.0,"enemies":"Jaw Worm","floor":4.0,"turns":1.0},{"damage":0.0,"enemies":"3 Sentries","floor":6.0,"turns":1.0},{"damage":6.0,"enemies":"2 Louse","floor":8.0,"turns":2.0},{"damage":7.0,"enemies":"The Mushroom Lair","floor":12.0,"turns":2.0},{"damage":2.0,"enemies":"Large Slime","floor":14.0,"turns":5.0},{"damage":65.0,"enemies":"Slime Boss","floor":16.0,"turns":11.0},{"damage":30.0,"enemies":"Chosen","floor":18.0,"turns":7.0},{"damage":17.0,"enemies":"Shell Parasite","floor":21.0,"turns":6.0},{"damage":29.0,"enemies":"Shelled Parasite and Fungi","floor":22.0,"turns":9.0},{"damage":22.0,"enemies":"Book of Stabbing","floor":24.0,"turns":6.0},{"damage":16.0,"enemies":"Slavers","floor":29.0,"turns":6.0},{"damage":8.0,"enemies":"Centurion and Healer","floor":30.0,"turns":8.0},{"damage":24.0,"enemies":"Masked Bandits","floor":31.0,"turns":5.0},{"damage":17.0,"enemies":"Collector","floor":33.0,"turns":7.0},{"damage":8.0,"enemies":"3 Shapes","floor":35.0,"turns":1.0},{"damage":20.0,"enemies":"3 Darklings","floor":36.0,"turns":4.0},{"damage":6.0,"enemies":"Spire Growth","floor":39.0,"turns":5.0},{"damage":10.0,"enemies":"Writhing Mass","floor":41.0,"turns":6.0},{"damage":38.0,"enemies":"Jaw Worm Horde","floor":44.0,"turns":4.0},{"damage":15.0,"enemies":"Sphere and 2 Shapes","floor":48.0,"turns":6.0},{"damage":12.0,"enemies":"Donu and Deca","floor":50.0,"turns":12.0},{"damage":76.0,"enemies":"Shield and Spear","floor":54.0,"turns":15.0},{"damage":66,"enemies":"The Heart","floor":55,"turns":9}],"seed_played":"8342499959469407038","potions_obtained":[{"floor":4.0,"key":"Fruit Juice"},{"floor":8.0,"key":"SpeedPotion"},{"floor":18.0,"key":"Block Potion"},{"floor":21.0,"key":"Strength Potion"},{"floor":22.0,"key":"PowerPotion"},{"floor":30.0,"key":"BloodPotion"},{"floor":33.0,"key":"SmokeBomb"},{"floor":35.0,"key":"Regen Potion"}],"is_trial":false,"path_per_floor":["M","?","$","M","?","E","R","M","T","R","?","?","?","M","R","B",null,"M","?","$","M","M","R","E","R","T","?","R","E","M","?","R","B",null,"M","M","$","?","M","R","M","?","T","M","R","$","T","M","R","B",null,"R","$","E","B"],"character_chosen":"IRONCLAD","items_purchased":["Whirlwind","Toy Ornithopter","EssenceOfSteel","Entrench"],"campfire_rested":4,"item_purchase_floors":[3,37,37,46],"current_hp_per_floor":[80,73,73,79,79,85,85,85,85,85,74,73,73,77,77,18,85,61,61,61,50,27,27,11,36,36,36,61,51,49,31,56,45,85,83,69,69,69,69,69,71,71,71,39,39,39,39,30,57,76,91,91,91,35,0],"gold":134,"neow_bonus":"THREE_ENEMY_KILL","is_prod":false,"is_daily":false,"chose_seed":false,"campfire_upgraded":6,"win_rate":0,"timestamp":1559583780,"path_taken":["M","?","$","M","?","E","R","M","T","R","?","?","?","M","R","BOSS","M","?","$","?","M","R","E","R","T","?","R","E","M","?","R","BOSS","M","M","$","?","M","R","M","?","T","?","R","$","?","M","R","BOSS","R","$","E","BOSS"],"build_version":"2019-01-23","purchased_purges":2,"victory":false,"max_hp_per_floor":[80,80,80,80,80,85,85,85,85,85,85,85,85,85,85,85,85,85,85,85,85,85,85,85,85,85,85,85,85,85,85,85,85,85,85,85,85,85,85,85,91,91,91,91,91,91,91,91,91,91,91,91,91,91,91],"card_choices":[{"not_picked":["Wild Strike","Reckless Charge"],"picked":"Sword Boomerang","floor":1.0},{"not_picked":["Battle Trance","True Grit","Carnage"],"picked":"SKIP","floor":4.0},{"not_picked":["True Grit","Sentinel"],"picked":"Barricade","floor":6.0},{"not_picked":["Sever Soul","Uppercut","Inflame"],"picked":"SKIP","floor":8.0},{"not_picked":["Havoc","Armaments"],"picked":"Shrug It Off","floor":12.0},{"not_picked":["Havoc","Dropkick","Clothesline"],"picked":"SKIP","floor":14.0},{"not_picked":["Fiend Fire","Demon Form"],"picked":"Impervious","floor":16.0},{"not_picked":["Twin Strike","Clothesline"],"picked":"Body Slam","floor":17.0},{"not_picked":["Demon Form","Havoc"],"picked":"Thunderclap","floor":17.0},{"not_picked":["Rage+1","Spot Weakness","Shockwave"],"picked":"SKIP","floor":18.0},{"not_picked":["Headbutt","Inflame+1"],"picked":"Iron Wave","floor":21.0},{"not_picked":["Wild Strike","Heavy Blade","Whirlwind"],"picked":"SKIP","floor":22.0},{"not_picked":["Disarm","Iron Wave+1"],"picked":"Ghostly Armor+1","floor":24.0},{"not_picked":["Spot Weakness+1","Cleave"],"picked":"Offering","floor":29.0},{"not_picked":["Perfected Strike","Cleave","Thunderclap"],"picked":"SKIP","floor":30.0},{"not_picked":["Fiend Fire","Iron Wave"],"picked":"Shockwave+1","floor":31.0},{"not_picked":["Fiend Fire","Demon Form"],"picked":"Impervious","floor":33.0},{"not_picked":["Pummel"],"picked":"SKIP","floor":35.0},{"not_picked":["Spot Weakness"],"picked":"SKIP","floor":36.0},{"not_picked":["Inflame"],"picked":"SKIP","floor":39.0},{"not_picked":["Clash+1"],"picked":"SKIP","floor":41.0},{"not_picked":[],"picked":"Shrug It Off","floor":44.0},{"not_picked":["Headbutt"],"picked":"SKIP","floor":44.0},{"not_picked":["Flex+1"],"picked":"SKIP","floor":48.0},{"not_picked":["Heavy Blade"],"picked":"SKIP","floor":48.0},{"not_picked":["Perfected Strike+1"],"picked":"SKIP","floor":54.0}],"player_experience":340213,"relics_obtained":[{"floor":6.0,"key":"Darkstone Periapt"},{"floor":9.0,"key":"Bronze Scales"},{"floor":12.0,"key":"Odd Mushroom"},{"floor":24.0,"key":"Pen Nib"},{"floor":26.0,"key":"Kunai"},{"floor":29.0,"key":"Ginger"},{"floor":31.0,"key":"Red Mask"},{"floor":43.0,"key":"Prayer Wheel"},{"floor":54.0,"key":"Bag of Marbles"}],"event_choices":[{"cards_removed":["Strike_R"],"damage_healed":0.0,"max_hp_gain":0.0,"max_hp_loss":0.0,"gold_gain":0.0,"event_name":"Golden Wing","player_choice":"Card Removal","floor":2.0,"gold_loss":0.0,"damage_taken":7.0},{"damage_healed":0.0,"max_hp_gain":0.0,"max_hp_loss":0.0,"gold_gain":0.0,"event_name":"Liars Game","player_choice":"Ignored","floor":5.0,"gold_loss":0.0,"damage_taken":0.0},{"damage_healed":0.0,"max_hp_gain":0.0,"max_hp_loss":0.0,"gold_gain":75.0,"event_name":"World of Goop","player_choice":"Gather Gold","floor":11.0,"gold_loss":0.0,"damage_taken":11.0},{"damage_healed":0.0,"max_hp_gain":0.0,"max_hp_loss":0.0,"gold_gain":0.0,"event_name":"Mushrooms","player_choice":"Fought Mushrooms","floor":12.0,"gold_loss":0.0,"damage_taken":0.0},{"cards_removed":["Strike_R"],"damage_healed":0.0,"max_hp_gain":0.0,"max_hp_loss":0.0,"gold_gain":0.0,"event_name":"The Cleric","player_choice":"Card Removal","floor":13.0,"gold_loss":50.0,"damage_taken":0.0},{"damage_healed":0.0,"max_hp_gain":0.0,"max_hp_loss":0.0,"gold_gain":0.0,"cards_transformed":["Strike_R"],"event_name":"Transmorgrifier","player_choice":"Transformed","floor":19.0,"gold_loss":0.0,"damage_taken":0.0,"cards_obtained":["True Grit"]},{"damage_healed":0.0,"max_hp_gain":0.0,"max_hp_loss":0.0,"gold_gain":0.0,"cards_transformed":["Strike_R","Strike_R"],"event_name":"Drug Dealer","player_choice":"Became Test Subject","floor":27.0,"gold_loss":0.0,"damage_taken":0.0,"cards_obtained":["Rampage","Twin Strike"]},{"damage_healed":0.0,"max_hp_gain":0.0,"max_hp_loss":0.0,"gold_gain":0.0,"event_name":"Masked Bandits","player_choice":"Fought Bandits","floor":31.0,"gold_loss":0.0,"damage_taken":0.0},{"damage_healed":0.0,"max_hp_gain":0.0,"max_hp_loss":0.0,"gold_gain":0.0,"event_name":"SensoryStone","player_choice":"Memory 1","floor":38.0,"gold_loss":0.0,"damage_taken":0.0},{"damage_healed":0.0,"max_hp_gain":0.0,"max_hp_loss":0.0,"gold_gain":0.0,"event_name":"Upgrade Shrine","player_choice":"Upgraded","floor":42.0,"gold_loss":0.0,"damage_taken":0.0,"cards_upgraded":["Offering"]}],"is_beta":false,"boss_relics":[{"not_picked":["Mark of Pain","Philosopher\u0027s Stone"],"picked":"Orrery"},{"not_picked":["Coffee Dripper","Astrolabe"],"picked":"Busted Crown"}],"items_purged_floors":[20,37],"is_endless":false,"potions_floor_spawned":[4,8,18,21,22,30,33,35,48],"killed_by":"The Heart","ascension_level":0}