{"gold_per_floor":[115,16,32,42,60,60,70,102,151,151,165,181,196,223,223,299,299,309,323,15,15,0,0,29,29,29,29,42,55,75,53,53,53],"floor_reached":33,"playtime":2431,"items_purged":["Injury","Strike_G"],"score":488,"play_id":"224f6b31-7dac-43b9-91a0-52aeb29aacaf","local_time":"20190518195716","is_ascension_mode":true,"campfire_choices":[{"data":"Neutralize","floor":6.0,"key":"SMITH"},{"data":"Dagger Spray","floor":10.0,"key":"SMITH"},{"data":"Burst","floor":15.0,"key":"SMITH"},{"data":"Accuracy","floor":23.0,"key":"SMITH"},{"data":"Cloak And Dagger","floor":25.0,"key":"SMITH"},{"data":"Cloak And Dagger","floor":27.0,"key":"SMITH"},{"floor":32.0,"key":"REST"}],"neow_cost":"CURSE","seed_source_timestamp":20797203391492,"circlet_count":0,"master_deck":["AscendersBane","Defend_G","Defend_G","Defend_G","Defend_G","Defend_G","Strike_G","Survivor","Neutralize+1","Quick Slash","Dagger Spray+1","Dash","Sucker Punch","Terror","Deadly Poison","Blade Dance","Burst+1","Cloak And Dagger+1","Adrenaline","Deadly Poison+1","Blade Dance+1","Escape Plan+1","Escape Plan","Cloak And Dagger+1","Accuracy+1","RitualDagger","Prepared+1","Blade Dance+1","Footwork"],"special_seed":0,"relics":["Ring of the Snake","Gambling Chip","Pen Nib","Vajra","Odd Mushroom","Astrolabe","Membership Card","Mummified Hand","Blue Candle"],"potions_floor_usage":[33,33],"damage_taken":[{"damage":1.0,"enemies":"Cultist","floor":1.0,"turns":4.0},{"damage":1.0,"enemies":"Jaw Worm","floor":3.0,"turns":5.0},{"damage":0.0,"enemies":"Small Slimes","floor":4.0,"turns":3.0},{"damage":12.0,"enemies":"Exordium Wildlife","floor":5.0,"turns":6.0},{"damage":0.0,"enemies":"Large Slime","floor":7.0,"turns":5.0},{"damage":7.0,"enemies":"3 Sentries","floor":8.0,"turns":8.0},{"damage":0.0,"enemies":"Looter","floor":11.0,"turns":2.0},{"damage":0.0,"enemies":"Blue Slaver","floor":12.0,"turns":2.0},{"damage":14.0,"enemies":"Exordium Wildlife","floor":13.0,"turns":3.0},{"damage":2.0,"enemies":"The Mushroom Lair","floor":14.0,"turns":4.0},{"damage":10.0,"enemies":"Slime Boss","floor":16.0,"turns":6.0},{"damage":0.0,"enemies":"Shell Parasite","floor":18.0,"turns":3.0},{"damage":0.0,"enemies":"Chosen","floor":19.0,"turns":3.0},{"damage":16.0,"enemies":"Slavers","floor":24.0,"turns":6.0},{"damage":0.0,"enemies":"Sentry and Sphere","floor":28.0,"turns":3.0},{"damage":15.0,"enemies":"Snecko","floor":29.0,"turns":4.0},{"damage":7.0,"enemies":"Snake Plant","floor":30.0,"turns":3.0},{"damage":66,"enemies":"Automaton","floor":33,"turns":12}],"seed_played":"876158534073731583","potions_obtained":[{"floor":3.0,"key":"GamblersBrew"},{"floor":7.0,"key":"Swift Potion"},{"floor":12.0,"key":"Ancient Potion"},{"floor":14.0,"key":"Fire Potion"},{"floor":16.0,"key":"FairyPotion"},{"floor":29.0,"key":"SkillPotion"},{"floor":30.0,"key":"EssenceOfSteel"}],"is_trial":false,"path_per_floor":["M","$","M","M","M","R","M","E","T","R","M","M","M","?","R","B",null,"M","M","$","?","?","R","E","R","T","R","M","M","M","$","R","B"],"character_chosen":"THE_SILENT","items_purchased":["Dagger Spray","Membership Card","Accuracy","Footwork"],"campfire_rested":1,"item_purchase_floors":[2,20,20,31],"current_hp_per_floor":[58,58,57,57,45,45,45,38,38,38,38,38,24,22,22,12,53,53,53,53,47,47,47,31,31,31,31,31,16,9,9,28,0],"gold":53,"neow_bonus":"ONE_RARE_RELIC","is_prod":false,"is_daily":false,"chose_seed":false,"campfire_upgraded":6,"win_rate":0,"timestamp":1558227436,"path_taken":["M","$","M","M","?","R","M","E","T","R","M","M","M","?","R","BOSS","M","M","$","?","?","R","E","R","T","R","M","M","M","$","R","BOSS"],"build_version":"2019-01-23","purchased_purges":2,"victory":false,"max_hp_per_floor":[66,66,66,66,66,66,66,66,66,66,66,66,66,66,66,66,66,66,66,66,66,66,66,66,66,66,66,66,66,66,66,66,66],"card_choices":[{"not_picked":["Backflip","Blur"],"picked":"Quick Slash","floor":1.0},{"not_picked":["Acrobatics","Bouncing Flask"],"picked":"Dash","floor":3.0},{"not_picked":["Quick Slash","Slice"],"picked":"Sucker Punch","floor":4.0},{"not_picked":["Blade Dance","Deflect"],"picked":"Terror","floor":5.0},{"not_picked":["Prepared","Quick Slash"],"picked":"Deadly Poison","floor":7.0},{"not_picked":["Finisher","Dagger Spray"],"picked":"Blade Dance","floor":8.0},{"not_picked":["Acrobatics","Dagger Throw"],"picked":"Burst","floor":11.0},{"not_picked":["Quick Slash","Deflect","Reflex"],"picked":"SKIP","floor":12.0},{"not_picked":["Prepared","Quick Slash","Wraith Form v2"],"picked":"SKIP","floor":13.0},{"not_picked":["Sucker Punch","Outmaneuver"],"picked":"Cloak And Dagger","floor":14.0},{"not_picked":["Burst","Die Die Die"],"picked":"Adrenaline","floor":16.0},{"not_picked":["Tactician","Endless Agony"],"picked":"Escape Plan","floor":18.0},{"not_picked":["Distraction","Infinite Blades"],"picked":"Cloak And Dagger","floor":19.0},{"not_picked":["Quick Slash","Bane","Concentrate"],"picked":"SKIP","floor":24.0},{"not_picked":["Poisoned Stab","Concentrate","Finisher"],"picked":"SKIP","floor":28.0},{"not_picked":["Caltrops","Underhanded Strike"],"picked":"Prepared+1","floor":29.0},{"not_picked":["Sucker Punch","Acrobatics"],"picked":"Blade Dance+1","floor":30.0}],"player_experience":452004,"relics_obtained":[{"floor":8.0,"key":"Pen Nib"},{"floor":9.0,"key":"Vajra"},{"floor":14.0,"key":"Odd Mushroom"},{"floor":24.0,"key":"Mummified Hand"},{"floor":26.0,"key":"Blue Candle"}],"event_choices":[{"damage_healed":0.0,"max_hp_gain":0.0,"max_hp_loss":0.0,"gold_gain":0.0,"event_name":"Mushrooms","player_choice":"Fought Mushrooms","floor":14.0,"gold_loss":0.0,"damage_taken":0.0},{"damage_healed":0.0,"max_hp_gain":0.0,"max_hp_loss":0.0,"gold_gain":0.0,"event_name":"Nest","player_choice":"Joined the Cult","floor":21.0,"gold_loss":0.0,"damage_taken":6.0,"cards_obtained":["RitualDagger"]},{"damage_healed":0.0,"max_hp_gain":0.0,"max_hp_loss":0.0,"gold_gain":0.0,"event_name":"Masked Bandits","player_choice":"Paid Fearfully","floor":22.0,"gold_loss":15.0,"damage_taken":0.0}],"is_beta":false,"boss_relics":[{"not_picked":["Orrery","Lizard Tail"],"picked":"Astrolabe"}],"items_purged_floors":[2,20],"is_endless":false,"potions_floor_spawned":[3,7,12,14,16,29,30],"killed_by":"Automaton","ascension_level":16}