{"gold_per_floor":[109,123,198,210,210,237,256,287,287,287,22,22,52,64,64,143,143,158,158,158,142,19,45,45,59,59,59,73,73,73,73,73,148,148,159,174,90,107,124,159,178,178,204,38,49,49,49,80,80,80],"floor_reached":51,"playtime":2703,"items_purged":["Strike_R"],"score":1428,"play_id":"7ff36ceb-10b3-4e34-912b-697009d0de50","local_time":"20190522161458","is_ascension_mode":true,"campfire_choices":[{"data":"Flame Barrier","floor":10.0,"key":"SMITH"},{"floor":12.0,"key":"REST"},{"data":"Rampage","floor":15.0,"key":"SMITH"},{"data":"Offering","floor":24.0,"key":"SMITH"},{"data":"Disarm","floor":29.0,"key":"SMITH"},{"data":"Clothesline","floor":32.0,"key":"SMITH"},{"data":"Battle Trance","floor":42,"key":"SMITH"},{"data":"Limit Break","floor":47,"key":"SMITH"},{"data":"Armaments","floor":49,"key":"SMITH"}],"neow_cost":"NONE","seed_source_timestamp":353421896962602,"circlet_count":0,"master_deck":["AscendersBane","Bash","Clothesline+1","Shrug It Off","Rampage+1","Impervious","Flame Barrier+1","Offering+1","Disarm+1","Ghostly Armor","Dark Embrace+1","Shrug It Off","Burning Pact","Combust+1","Juggernaut+1","Pummel","Second Wind","Impervious","Corruption+1","Battle Trance+1","Sentinel","Shrug It Off","Necronomicurse","Barricade+1","Disarm+1","Flame Barrier","Flame Barrier","Havoc","Shrug It Off","Body Slam","Seeing Red","Impervious","Armaments+1","Limit Break+1","Shrug It Off"],"special_seed":0,"relics":["Burning Blood","NeowsBlessing","Meat on the Bone","Magic Flower","Frozen Egg 2","TheAbacus","Shuriken","Pandora\u0027s Box","MutagenicStrength","Red Skull","Pantograph","Necronomicon","Snecko Eye","Centennial Puzzle","Dream Catcher","Incense Burner"],"potions_floor_usage":[41,50,50],"damage_taken":[{"damage":0.0,"enemies":"Small Slimes","floor":1.0,"turns":1.0},{"damage":0.0,"enemies":"Jaw Worm","floor":2.0,"turns":1.0},{"damage":0.0,"enemies":"2 Louse","floor":4.0,"turns":1.0},{"damage":37.0,"enemies":"Lagavulin","floor":6.0,"turns":6.0},{"damage":9.0,"enemies":"Looter","floor":7.0,"turns":4.0},{"damage":47.0,"enemies":"3 Sentries","floor":8.0,"turns":13.0},{"damage":11.0,"enemies":"Gremlin Nob","floor":13.0,"turns":4.0},{"damage":6.0,"enemies":"3 Louse","floor":14.0,"turns":3.0},{"damage":25.0,"enemies":"Hexaghost","floor":16.0,"turns":13.0},{"damage":20.0,"enemies":"Spheric Guardian","floor":18.0,"turns":4.0},{"damage":16.0,"enemies":"2 Thieves","floor":21.0,"turns":4.0},{"damage":30.0,"enemies":"Slavers","floor":23.0,"turns":5.0},{"damage":9.0,"enemies":"Sentry and Sphere","floor":25.0,"turns":4.0},{"damage":7.0,"enemies":"Snake Plant","floor":28.0,"turns":3.0},{"damage":20.0,"enemies":"Colosseum Slavers","floor":30.0,"turns":4.0},{"damage":26.0,"enemies":"Collector","floor":33.0,"turns":9.0},{"damage":22.0,"enemies":"Orb Walker","floor":35.0,"turns":2.0},{"damage":0.0,"enemies":"3 Darklings","floor":36.0,"turns":5.0},{"damage":0.0,"enemies":"Transient","floor":38.0,"turns":5.0},{"damage":9.0,"enemies":"Jaw Worm Horde","floor":39.0,"turns":4.0},{"damage":7.0,"enemies":"Nemesis","floor":40.0,"turns":7.0},{"damage":0,"enemies":"Maw","floor":41,"turns":4},{"damage":6,"enemies":"Spire Growth","floor":45,"turns":4},{"damage":0,"enemies":"Giant Head","floor":48,"turns":5},{"damage":7,"enemies":"Time Eater","floor":50,"turns":5}],"seed_played":"-6291626539640424465","potions_obtained":[{"floor":1.0,"key":"FearPotion"},{"floor":6.0,"key":"Energy Potion"},{"floor":8.0,"key":"Dexterity Potion"},{"floor":13.0,"key":"GamblersBrew"},{"floor":14.0,"key":"PowerPotion"},{"floor":35.0,"key":"Energy Potion"},{"floor":41,"key":"LiquidBronze"}],"is_trial":false,"path_per_floor":["M","M","?","M","?","E","M","E","T","R","$","R","E","M","R","B",null,"M","?","?","M","$","E","R","M","T","?","M","R","?","?","R","B",null,"M","M","$","M","M","E","M","R","T","$","M","?","R","E","R","B",null],"character_chosen":"IRONCLAD","items_purchased":["TheAbacus","Battle Trance","Explosive Potion","Flame Barrier","Dexterity Potion","Impervious","Armaments"],"campfire_rested":1,"item_purchase_floors":[11,22,22,37,37,44,44],"current_hp_per_floor":[78,80,69,75,80,49,58,29,29,29,29,54,52,55,55,57,78,67,67,67,60,60,57,57,57,57,41,61,61,68,68,68,68,81,68,77,77,85,85,85,85,85,85,85,85,85,85,85,85,85],"gold":80,"neow_bonus":"THREE_ENEMY_KILL","is_prod":false,"is_daily":false,"chose_seed":false,"campfire_upgraded":8,"win_rate":0,"timestamp":1558559698,"path_taken":["M","M","?","M","?","E","M","E","T","R","$","R","E","M","R","BOSS","M","?","?","M","$","E","R","M","T","?","M","R","?","?","R","BOSS","M","M","$","M","?","E","M","R","T","$","M","?","R","E","R","BOSS"],"build_version":"2019-01-23","purchased_purges":1,"victory":true,"max_hp_per_floor":[80,80,80,80,85,85,85,85,85,85,85,85,85,85,85,85,85,85,85,85,85,85,85,85,85,85,85,85,85,85,85,85,85,85,85,85,85,85,85,85,85,85,85,85,85,85,85,85,85,85],"card_choices":[{"not_picked":["Perfected Strike","Warcry"],"picked":"Clothesline","floor":1.0},{"not_picked":["True Grit","Disarm"],"picked":"Shrug It Off","floor":2.0},{"not_picked":["Heavy Blade","Anger"],"picked":"Rampage","floor":4.0},{"not_picked":["Anger","Flex"],"picked":"Impervious","floor":6.0},{"not_picked":["Pommel Strike","Rampage"],"picked":"Flame Barrier","floor":7.0},{"not_picked":["Thunderclap","Iron Wave"],"picked":"Offering","floor":8.0},{"not_picked":["Thunderclap","Clothesline"],"picked":"Disarm","floor":13.0},{"not_picked":["Pummel","Clothesline"],"picked":"Ghostly Armor","floor":14.0},{"not_picked":["Bludgeon","Brutality+1"],"picked":"Dark Embrace+1","floor":16.0},{"not_picked":["Clash","Heavy Blade","Entrench"],"picked":"SKIP","floor":18.0},{"not_picked":["Feel No Pain+1","Fire Breathing+1"],"picked":"Corruption+1","floor":21.0},{"not_picked":["Perfected Strike","Carnage"],"picked":"Sentinel","floor":23.0},{"not_picked":["Hemokinesis","Cleave"],"picked":"Shrug It Off","floor":25.0},{"not_picked":["Flex","Fire Breathing+1","Anger"],"picked":"SKIP","floor":28.0},{"not_picked":["Limit Break","Exhume"],"picked":"Barricade+1","floor":33.0},{"not_picked":["Clothesline+1","Whirlwind"],"picked":"Disarm+1","floor":35.0},{"not_picked":["Iron Wave","Cleave"],"picked":"Flame Barrier","floor":36.0},{"not_picked":["Heavy Blade","True Grit"],"picked":"Havoc","floor":38.0},{"not_picked":["Thunderclap","Havoc"],"picked":"Shrug It Off","floor":39.0},{"not_picked":["Reckless Charge","Carnage"],"picked":"Body Slam","floor":40.0},{"not_picked":["Clash","Sword Boomerang"],"picked":"Seeing Red","floor":41},{"not_picked":["Intimidate","Perfected Strike"],"picked":"Limit Break","floor":45},{"not_picked":["Heavy Blade+1","Carnage"],"picked":"Shrug It Off","floor":48}],"player_experience":469300,"relics_obtained":[{"floor":6.0,"key":"Meat on the Bone"},{"floor":8.0,"key":"Magic Flower"},{"floor":9.0,"key":"Frozen Egg 2"},{"floor":13.0,"key":"Shuriken"},{"floor":23.0,"key":"Red Skull"},{"floor":26.0,"key":"Pantograph"},{"floor":27.0,"key":"Necronomicon"},{"floor":40.0,"key":"Centennial Puzzle"},{"floor":43,"key":"Dream Catcher"},{"floor":48,"key":"Incense Burner"}],"event_choices":[{"damage_healed":0.0,"max_hp_gain":0.0,"max_hp_loss":0.0,"gold_gain":75.0,"event_name":"World of Goop","player_choice":"Gather Gold","floor":3.0,"gold_loss":0.0,"damage_taken":11.0},{"damage_healed":0.0,"max_hp_gain":5.0,"max_hp_loss":0.0,"gold_gain":0.0,"event_name":"Big Fish","player_choice":"Donut","floor":5.0,"gold_loss":0.0,"damage_taken":0.0},{"damage_healed":0.0,"max_hp_gain":0.0,"max_hp_loss":0.0,"gold_gain":0.0,"event_name":"Drug Dealer","player_choice":"Inject Mutagens","floor":19.0,"gold_loss":0.0,"damage_taken":0.0,"relics_obtained":["MutagenicStrength"]},{"damage_healed":0.0,"max_hp_gain":0.0,"max_hp_loss":0.0,"gold_gain":0.0,"event_name":"The Mausoleum","player_choice":"Ignored","floor":20.0,"gold_loss":0.0,"damage_taken":0.0},{"damage_healed":0.0,"max_hp_gain":0.0,"max_hp_loss":0.0,"gold_gain":0.0,"event_name":"Cursed Tome","player_choice":"Obtained Book","floor":27.0,"gold_loss":0.0,"damage_taken":16.0},{"damage_healed":0.0,"max_hp_gain":0.0,"max_hp_loss":0.0,"gold_gain":0.0,"event_name":"Colosseum","player_choice":"Fight","floor":30.0,"gold_loss":0.0,"damage_taken":0.0},{"damage_healed":0.0,"max_hp_gain":0.0,"max_hp_loss":0.0,"gold_gain":0.0,"event_name":"Colosseum","player_choice":"Fled From Nobs","floor":30.0,"gold_loss":0.0,"damage_taken":0.0},{"cards_removed":["Clash"],"damage_healed":0.0,"max_hp_gain":0.0,"max_hp_loss":0.0,"gold_gain":0.0,"event_name":"Wheel of Change","player_choice":"Card Removal","floor":31.0,"gold_loss":0.0,"damage_taken":0.0},{"damage_healed":0,"gold_gain":0,"player_choice":"Ignored","damage_taken":0,"max_hp_gain":0,"max_hp_loss":0,"event_name":"Mysterious Sphere","floor":46,"gold_loss":0}],"is_beta":false,"boss_relics":[{"not_picked":["Runic Pyramid","Busted Crown"],"picked":"Pandora\u0027s Box"},{"not_picked":["Calling Bell","Astrolabe"],"picked":"Snecko Eye"}],"items_purged_floors":[11],"is_endless":false,"potions_floor_spawned":[1,6,8,13,14,30,35,40,41,45],"ascension_level":13}