{"gold_per_floor":[119,119,136,150,4,34,49,0,23,39,56,67,67,84,84,182,182,199,199,199,199,213,240,18,37,37,37,57,57,57,74,74,172,172,190,200,247,265,265,265,265,265,265,284,299,20,20,35,35,35],"floor_reached":51,"playtime":3890,"items_purged":[],"score":698,"play_id":"279d0111-3433-4804-a0c1-59d1d107a538","local_time":"20190528205253","is_ascension_mode":false,"campfire_choices":[{"data":"Chill","floor":15,"key":"SMITH"},{"data":"Self Repair","floor":27,"key":"SMITH"},{"data":"Dramatic Entrance","floor":29,"key":"SMITH"},{"data":"White Noise","floor":32,"key":"SMITH"},{"data":"Rainbow","floor":40,"key":"SMITH"},{"data":"Redo","floor":42,"key":"SMITH"}],"neow_cost":"NONE","seed_source_timestamp":7976749502107,"circlet_count":0,"master_deck":["Strike_B+1","Strike_B+1","Strike_B+1","Defend_B+1","Defend_B+1","Defend_B+1","Defend_B+1","Zap+1","Dualcast+1","Conserve Battery+1","Zap+1","Redo+1","Dramatic Entrance+1","Redo+1","Chill+1","Rainbow+1","Sweeping Beam+1","Sweeping Beam+1","Leap+1","Gash+1","Reinforced Body+1","Stack+1","Biased Cognition+1","Barrage+1","Tempest+1","Undo+1","Self Repair+1","Sweeping Beam+1","Go for the Eyes+1","White Noise+1","Rainbow+1","Beam Cell+1","Reprogram+1","Go for the Eyes+1","Double Energy+1","Madness+1","Madness+1","Scrape+1","Streamline+1","Mind Blast+1","Streamline+1","Hello World+1","Steam Power+1","Leap+1"],"relics":["Coffee Dripper","Pen Nib","DataDisk","White Beast Statue","Enchiridion","Whetstone","Anchor","Mummified Hand","Busted Crown","Torii","Frozen Egg 2","Mark of the Bloom"],"potions_floor_usage":[6,16,16,16,23,28,33,33,37,50],"damage_taken":[{"damage":0,"enemies":"Small Slimes","floor":1,"turns":4},{"damage":1,"enemies":"Cultist","floor":3,"turns":3},{"damage":0,"enemies":"Jaw Worm","floor":4,"turns":3},{"damage":16,"enemies":"3 Sentries","floor":6,"turns":9},{"damage":0,"enemies":"2 Fungi Beasts","floor":7,"turns":4},{"damage":1,"enemies":"Blue Slaver","floor":10,"turns":3},{"damage":2,"enemies":"3 Louse","floor":11,"turns":2},{"damage":5,"enemies":"Lots of Slimes","floor":12,"turns":3},{"damage":1,"enemies":"Looter","floor":14,"turns":2},{"damage":10,"enemies":"Hexaghost","floor":16,"turns":8},{"damage":0,"enemies":"Shell Parasite","floor":18,"turns":6},{"damage":0,"enemies":"Spheric Guardian","floor":22,"turns":4},{"damage":33,"enemies":"Gremlin Leader","floor":23,"turns":6},{"damage":5,"enemies":"Snake Plant","floor":25,"turns":5},{"damage":0,"enemies":"3 Cultists","floor":28,"turns":4},{"damage":0,"enemies":"Snecko","floor":31,"turns":5},{"damage":35,"enemies":"Automaton","floor":33,"turns":9},{"damage":0,"enemies":"3 Darklings","floor":35,"turns":4},{"damage":0,"enemies":"Orb Walker","floor":36,"turns":3},{"damage":14,"enemies":"2 Orb Walkers","floor":37,"turns":5},{"damage":0,"enemies":"Transient","floor":38,"turns":5},{"damage":0,"enemies":"Jaw Worm Horde","floor":44,"turns":5},{"damage":0,"enemies":"3 Darklings","floor":45,"turns":4},{"damage":0,"enemies":"4 Shapes","floor":48,"turns":3},{"damage":0,"enemies":"Awakened One","floor":50,"turns":11}],"seed_played":"-6607519154025961470","potions_obtained":[{"floor":3,"key":"Poison Potion"},{"floor":6,"key":"SpeedPotion"},{"floor":10,"key":"PowerPotion"},{"floor":18,"key":"FairyPotion"},{"floor":22,"key":"Poison Potion"},{"floor":23,"key":"Strength Potion"},{"floor":25,"key":"FocusPotion"},{"floor":28,"key":"Strength Potion"},{"floor":33,"key":"Ancient Potion"},{"floor":35,"key":"Dexterity Potion"},{"floor":36,"key":"Energy Potion"},{"floor":37,"key":"Regen Potion"},{"floor":45,"key":"PowerPotion"}],"is_trial":false,"path_per_floor":["M","?","M","M","$","E","M","$","T","M","M","M","?","M","R","B",null,"M","?","?","?","M","E","$","M","T","R","M","R","?","M","R","B",null,"M","M","?","M","?","R","?","R","T","M","M","$","?","M","R","B",null],"character_chosen":"DEFECT","items_purchased":["Regen Potion","Chill","Sweeping Beam","Anchor","Self Repair","Mind Blast","Streamline","Hello World+1","Steam Power"],"campfire_rested":0,"item_purchase_floors":[5,5,8,24,24,46,46,46,46],"current_hp_per_floor":[75,75,74,74,74,63,63,63,63,62,60,55,55,54,54,44,75,75,75,59,59,59,26,26,28,28,28,38,38,38,38,38,13,75,75,75,71,75,66,66,66,66,66,66,75,75,75,75,75,75],"gold":35,"neow_bonus":"BOSS_RELIC","is_prod":false,"is_daily":false,"chose_seed":false,"campfire_upgraded":6,"win_rate":0,"timestamp":1559098373,"path_taken":["M","?","M","M","$","E","?","$","T","M","M","?","?","M","R","BOSS","M","?","?","?","?","E","$","M","T","R","M","R","?","?","R","BOSS","M","M","?","M","?","R","?","R","T","M","M","$","?","M","R","BOSS"],"build_version":"2019-01-23","purchased_purges":0,"victory":true,"max_hp_per_floor":[75,75,75,75,75,75,75,75,75,75,75,75,75,75,75,75,75,75,75,75,75,75,75,75,75,75,75,75,75,75,75,75,75,75,75,75,75,75,75,75,75,75,75,75,75,75,75,75,75,75],"card_choices":[{"not_picked":["Sunder","Steam"],"picked":"Conserve Battery","floor":1},{"not_picked":["Compile Driver","Hologram"],"picked":"Redo","floor":3},{"not_picked":["Hologram","Compile Driver"],"picked":"Go for the Eyes","floor":4},{"not_picked":["Compile Driver","Hologram"],"picked":"Rainbow","floor":6},{"not_picked":["Go for the Eyes","Barrage"],"picked":"Sweeping Beam","floor":7},{"not_picked":["Aggregate","Streamline"],"picked":"Leap","floor":10},{"not_picked":["Fusion","Redo"],"picked":"Gash","floor":11},{"not_picked":["Streamline","Hologram"],"picked":"Reinforced Body","floor":12},{"not_picked":["Compile Driver","Hologram"],"picked":"Stack","floor":14},{"not_picked":["Thunder Strike","Core Surge"],"picked":"Biased Cognition","floor":16},{"not_picked":["Hologram","Streamline"],"picked":"Barrage+1","floor":18},{"not_picked":["Gash","Melter+1"],"picked":"Tempest","floor":22},{"not_picked":["Beam Cell+1","Steam"],"picked":"Undo+1","floor":23},{"not_picked":["Gash","Turbo"],"picked":"Sweeping Beam","floor":25},{"not_picked":["Recycle","Hologram"],"picked":"Go for the Eyes","floor":28},{"not_picked":["Recycle","Multi-Cast"],"picked":"White Noise","floor":31},{"not_picked":["Creative AI","Amplify"],"picked":"Rainbow","floor":33},{"not_picked":[],"picked":"Beam Cell+1","floor":35},{"not_picked":[],"picked":"Reprogram","floor":36},{"not_picked":[],"picked":"Go for the Eyes+1","floor":37},{"not_picked":[],"picked":"Double Energy+1","floor":38},{"not_picked":[],"picked":"Scrape","floor":44},{"not_picked":[],"picked":"Streamline","floor":45},{"not_picked":[],"picked":"Leap+1","floor":48}],"player_experience":93920,"relics_obtained":[{"floor":6,"key":"Pen Nib"},{"floor":9,"key":"DataDisk"},{"floor":20,"key":"Enchiridion"},{"floor":23,"key":"Whetstone"},{"floor":26,"key":"Mummified Hand"},{"floor":37,"key":"Torii"},{"floor":43,"key":"Frozen Egg 2"}],"event_choices":[{"damage_healed":0,"gold_gain":0,"player_choice":"3 cards matched","damage_taken":0,"max_hp_gain":0,"max_hp_loss":0,"event_name":"Match and Keep!","floor":2,"gold_loss":0,"cards_obtained":["Zap","Redo","Dramatic Entrance"]},{"damage_healed":0,"gold_gain":0,"player_choice":"Grow","damage_taken":0,"max_hp_gain":0,"max_hp_loss":0,"event_name":"Living Wall","floor":13,"gold_loss":0,"cards_upgraded":["Rainbow"]},{"damage_healed":0,"gold_gain":0,"player_choice":"Simplicity","damage_taken":0,"max_hp_gain":0,"max_hp_loss":0,"event_name":"Back to Basics","floor":19,"gold_loss":0,"cards_upgraded":["Strike_B","Strike_B","Strike_B","Strike_B","Defend_B","Defend_B","Defend_B","Defend_B"]},{"damage_healed":0,"gold_gain":0,"player_choice":"Obtained Book","damage_taken":16,"max_hp_gain":0,"max_hp_loss":0,"event_name":"Cursed Tome","floor":20,"gold_loss":0},{"cards_removed":["Strike_B"],"damage_healed":0,"gold_gain":0,"player_choice":"Offered Basic","damage_taken":0,"max_hp_gain":0,"max_hp_loss":0,"event_name":"Bonfire Elementals","floor":21,"gold_loss":0},{"damage_healed":0,"gold_gain":0,"player_choice":"Ignored","damage_taken":0,"max_hp_gain":0,"max_hp_loss":0,"event_name":"Purifier","floor":30,"gold_loss":0},{"damage_healed":0,"gold_gain":0,"player_choice":"Fight","damage_taken":0,"max_hp_gain":0,"max_hp_loss":0,"event_name":"Mysterious Sphere","floor":37,"gold_loss":0},{"damage_healed":0,"gold_gain":0,"player_choice":"Embrace Madness","damage_taken":9,"max_hp_gain":0,"max_hp_loss":0,"event_name":"Winding Halls","floor":39,"gold_loss":0,"cards_obtained":["Madness","Madness"]},{"cards_removed":["Go for the Eyes"],"damage_healed":0,"gold_gain":0,"player_choice":"Removed Attack","damage_taken":0,"max_hp_gain":0,"max_hp_loss":0,"event_name":"Falling","floor":41,"gold_loss":0},{"damage_healed":0,"gold_gain":0,"player_choice":"Upgrade","damage_taken":0,"relics_obtained":["Mark of the Bloom"],"max_hp_gain":0,"max_hp_loss":0,"event_name":"MindBloom","floor":47,"gold_loss":0,"cards_upgraded":["Zap","Dualcast","Conserve Battery","Zap","Redo","Leap","Gash","Reinforced Body","Stack","Biased Cognition","Tempest","Sweeping Beam","Go for the Eyes","Reprogram","Madness","Madness","Scrape","Streamline","Mind Blast","Streamline","Steam Power"]}],"is_beta":false,"boss_relics":[{"not_picked":["Nuclear Battery","Runic Dome"],"picked":"White Beast Statue"},{"not_picked":["Sozu","Fusion Hammer"],"picked":"Busted Crown"}],"items_purged_floors":[],"is_endless":false,"potions_floor_spawned":[3,6,10,14,18,22,23,25,28,31,33,35,36,37,38,44,45,48],"ascension_level":0}