{"gold_per_floor":[112,112,112,112,112,146,65,98,98,114,133,58,58],"floor_reached":13,"playtime":450,"items_purged":["Defend_R"],"score":123,"play_id":"dc641d1c-f0e6-454e-9a17-c009f82eeace","local_time":"20190515122805","is_ascension_mode":true,"campfire_choices":[],"neow_cost":"NONE","seed_source_timestamp":2407928407474825,"circlet_count":0,"master_deck":["Strike_R","Strike_R","Strike_R","Strike_R","Defend_R","Bash","Double Tap","Armaments","Dropkick"],"special_seed":0,"relics":["Burning Blood","Anchor","Dodecahedron"],"potions_floor_usage":[13],"damage_taken":[{"damage":1.0,"enemies":"Small Slimes","floor":1.0,"turns":3.0},{"damage":40.0,"enemies":"Lagavulin","floor":6.0,"turns":5.0},{"damage":32.0,"enemies":"Gremlin Nob","floor":8.0,"turns":4.0},{"damage":0.0,"enemies":"2 Louse","floor":10.0,"turns":2.0},{"damage":0.0,"enemies":"Jaw Worm","floor":11.0,"turns":2.0},{"damage":36,"enemies":"3 Sentries","floor":13,"turns":6}],"seed_played":"-8826227752508342858","potions_obtained":[{"floor":1.0,"key":"SkillPotion"},{"floor":8.0,"key":"SpeedPotion"},{"floor":11.0,"key":"Dexterity Potion"}],"is_trial":false,"path_per_floor":["M","?","?","?","?","E","$","E","T","M","M","$","E"],"character_chosen":"IRONCLAD","items_purchased":["Dropkick"],"campfire_rested":0,"item_purchase_floors":[7],"current_hp_per_floor":[77,77,77,82,75,41,41,15,15,21,27,27,0],"gold":58,"neow_bonus":"TRANSFORM_CARD","is_prod":false,"is_daily":false,"chose_seed":false,"campfire_upgraded":0,"win_rate":0,"timestamp":1557912485,"path_taken":["M","?","?","?","?","E","$","E","T","?","M","?","E"],"build_version":"2019-01-23","purchased_purges":1,"victory":false,"max_hp_per_floor":[80,80,80,85,85,85,85,85,85,85,85,85,85],"card_choices":[{"not_picked":["Pummel","Thunderclap","Wild Strike"],"picked":"SKIP","floor":1.0},{"not_picked":["Metallicize","Inflame"],"picked":"Armaments","floor":6.0},{"not_picked":["Dual Wield","Bludgeon","True Grit"],"picked":"SKIP","floor":8.0},{"not_picked":["True Grit","Rupture","Combust"],"picked":"SKIP","floor":10.0},{"not_picked":["Iron Wave","Havoc","Carnage"],"picked":"SKIP","floor":11.0}],"player_experience":289159,"relics_obtained":[{"floor":6.0,"key":"Anchor"},{"floor":8.0,"key":"Dodecahedron"}],"event_choices":[{"damage_healed":0.0,"max_hp_gain":0.0,"max_hp_loss":0.0,"gold_gain":0.0,"event_name":"Liars Game","player_choice":"Ignored","floor":2.0,"gold_loss":0.0,"damage_taken":0.0},{"cards_removed":["Strike_R"],"damage_healed":0.0,"max_hp_gain":0.0,"max_hp_loss":0.0,"gold_gain":0.0,"event_name":"Living Wall","player_choice":"Forget","floor":3.0,"gold_loss":0.0,"damage_taken":0.0},{"damage_healed":0.0,"max_hp_gain":5.0,"max_hp_loss":0.0,"gold_gain":0.0,"event_name":"Big Fish","player_choice":"Donut","floor":4.0,"gold_loss":0.0,"damage_taken":0.0},{"cards_removed":["Defend_R"],"damage_healed":0.0,"max_hp_gain":0.0,"max_hp_loss":0.0,"gold_gain":0.0,"event_name":"Golden Wing","player_choice":"Card Removal","floor":5.0,"gold_loss":0.0,"damage_taken":7.0}],"is_beta":false,"boss_relics":[],"items_purged_floors":[12],"is_endless":false,"potions_floor_spawned":[1,8,11],"killed_by":"3 Sentries","ascension_level":7}