{"gold_per_floor":[112,112,112,62,62,62,88,88,88,88,88,123,140,157,157,157],"floor_reached":16,"playtime":561,"items_purged":[],"score":143,"play_id":"f05ed2da-5de6-4037-8922-cc86bf24606a","local_time":"20180831151753","is_ascension_mode":true,"campfire_choices":[{"data":"Bash","floor":6.0,"key":"SMITH"},{"floor":8.0,"key":"REST"},{"data":"Spot Weakness","floor":10.0,"key":"SMITH"},{"floor":15,"key":"REST"}],"neow_cost":"","seed_source_timestamp":0,"circlet_count":0,"master_deck":["Strike_R","Strike_R","Strike_R","Strike_R","Defend_R","Defend_R","Defend_R","Defend_R","Bash+1","Spot Weakness+1","Evolve","Iron Wave","Whirlwind","Flex"],"special_seed":0,"relics":["Burning Blood","Dodecahedron","NlothsMask","Strawberry","Pantograph","Ornamental Fan"],"potions_floor_usage":[],"damage_taken":[{"damage":11.0,"enemies":"Cultist","floor":1.0,"turns":4.0},{"damage":45.0,"enemies":"3 Sentries","floor":7.0,"turns":8.0},{"damage":47,"enemies":"Lagavulin","floor":12,"turns":6},{"damage":2,"enemies":"Jaw Worm","floor":13,"turns":4},{"damage":4,"enemies":"Small Slimes","floor":14,"turns":4},{"damage":66,"enemies":"The Guardian","floor":16,"turns":6}],"seed_played":"2203932841721944679","potions_obtained":[{"floor":1.0,"key":"Fruit Juice"},{"floor":5.0,"key":"Weak Potion"},{"floor":5.0,"key":"FearPotion"}],"is_trial":false,"path_per_floor":["M","?","?","?","?","R","E","R","T","R","T","E","M","M","R"],"character_chosen":"IRONCLAD","items_purchased":[],"campfire_rested":2,"item_purchase_floors":[],"current_hp_per_floor":[67,49,49,49,49,49,22,49,49,49,49,8,12,14,41,0],"gold":157,"neow_bonus":"","is_prod":false,"is_daily":false,"chose_seed":false,"campfire_upgraded":2,"win_rate":0,"timestamp":1535717873,"path_taken":["M","?","?","?","?","R","E","R","T","R","?","E","?","M","R","BOSS"],"build_version":"2018-08-30","purchased_purges":0,"victory":false,"max_hp_per_floor":[80,80,80,80,80,80,92,92,92,92,92,92,92,92,92,92],"card_choices":[{"not_picked":["Intimidate","Anger"],"picked":"Spot Weakness","floor":1.0},{"not_picked":["Shrug It Off","Entrench"],"picked":"Evolve","floor":7.0},{"not_picked":["Heavy Blade","Body Slam"],"picked":"Iron Wave","floor":12},{"not_picked":["Iron Wave","Rupture"],"picked":"Whirlwind","floor":13},{"not_picked":["Immolate","Shrug It Off"],"picked":"Flex","floor":14}],"player_experience":216478,"relics_obtained":[{"floor":7.0,"key":"Strawberry"},{"floor":11.0,"key":"Pantograph"},{"floor":12,"key":"Ornamental Fan"}],"event_choices":[{"event_name":"Scrap Ooze","player_choice":"success","floor":2.0,"damage_taken":18.0},{"event_name":"FaceTrader","player_choice":"Trade","floor":3.0,"damage_taken":0.0},{"event_name":"The Cleric","player_choice":"Card Removal","floor":4.0,"damage_taken":0.0},{"event_name":"The Lab","player_choice":"Got Potions","floor":5.0,"damage_taken":0.0}],"is_beta":false,"boss_relics":[],"items_purged_floors":[],"is_endless":false,"potions_floor_spawned":[1],"killed_by":"The Guardian","ascension_level":7}