{"path_per_floor":["M","M","M","M","$","R","?","R","T","M","E","M","R","M","R","B",null,"M","M","M","$","$"],"character_chosen":"THE_SILENT","items_purchased":["A Thousand Cuts","Kunai","Crippling Poison"],"gold_per_floor":[116,133,153,170,32,32,32,32,80,92,118,136,136,153,153,255,255,273,287,297,57,17,17],"floor_reached":23,"campfire_rested":0,"playtime":1517,"item_purchase_floors":[5,21,22],"current_hp_per_floor":[66,66,66,62,62,62,48,48,48,44,46,63,63,63,63,64,70,67,69,27,27,27,0],"items_purged":[],"gold":17,"score":242,"play_id":"2fc38da2-9a02-4af9-a813-31ddef95a98e","local_time":"20180615170142","is_prod":false,"is_daily":false,"chose_seed":false,"is_ascension_mode":true,"campfire_upgraded":4,"win_rate":0,"timestamp":1529053302,"campfire_choices":[{"data":"Footwork","floor":6,"key":"SMITH"},{"data":"Neutralize","floor":8,"key":"SMITH"},{"data":"Footwork","floor":13,"key":"SMITH"},{"data":"Crippling Poison","floor":15,"key":"SMITH"}],"path_taken":["M","M","M","M","$","R","?","R","T","M","E","M","R","?","R","BOSS","M","M","M","?","$","E"],"build_version":"2018-06-14v2","seed_source_timestamp":30157773805956,"purchased_purges":0,"victory":false,"master_deck":["Defend_G","Defend_G","Defend_G","Defend_G","Defend_G+1","Strike_G","Strike_G+1","Strike_G","Strike_G","Strike_G","Survivor","Neutralize+1","Footwork+1","Crippling Poison+1","Sucker Punch","Malaise","A Thousand Cuts","Dash","Footwork+1","Cloak And Dagger","Glass Knife","Distraction","Blur","Flying Knee","Crippling Poison"],"max_hp_per_floor":[70,70,70,70,70,70,70,70,70,70,70,70,70,70,70,70,70,70,70,70,70,70,70],"relics":["Ring of the Snake","Orichalcum","Blood Vial","Oddly Smooth Stone","Velvet Choker","Kunai"],"card_choices":[{"not_picked":["Backflip","Outmaneuver"],"picked":"Footwork","floor":1},{"not_picked":["Reflex","Dagger Spray"],"picked":"Crippling Poison","floor":2},{"not_picked":["Outmaneuver","Prepared"],"picked":"Sucker Punch","floor":3},{"not_picked":["Calculated Gamble","Dodge and Roll"],"picked":"Malaise","floor":4},{"not_picked":["Acrobatics","Leg Sweep"],"picked":"Dash","floor":10},{"not_picked":["Predator","PiercingWail","Malaise"],"picked":"SKIP","floor":11},{"not_picked":["Slice","Escape Plan"],"picked":"Footwork","floor":12},{"not_picked":["Flying Knee","Outmaneuver"],"picked":"Cloak And Dagger","floor":14},{"not_picked":["Bullet Time","A Thousand Cuts"],"picked":"Glass Knife","floor":16},{"not_picked":["Underhanded Strike","Dagger Spray"],"picked":"Distraction","floor":18},{"not_picked":["Bane","Bouncing Flask"],"picked":"Blur","floor":19},{"not_picked":["Slice","Deflect"],"picked":"Flying Knee","floor":20}],"player_experience":130292,"potions_floor_usage":[12,23],"damage_taken":[{"damage":4,"enemies":"Small Slimes","floor":1,"turns":3},{"damage":0,"enemies":"Cultist","floor":2,"turns":4},{"damage":0,"enemies":"2 Louse","floor":3,"turns":3},{"damage":4,"enemies":"Exordium Wildlife","floor":4,"turns":4},{"damage":6,"enemies":"3 Louse","floor":10,"turns":3},{"damage":0,"enemies":"Gremlin Nob","floor":11,"turns":6},{"damage":0,"enemies":"Gremlin Gang","floor":12,"turns":6},{"damage":2,"enemies":"Exordium Thugs","floor":14,"turns":7},{"damage":1,"enemies":"The Guardian","floor":16,"turns":18},{"damage":3,"enemies":"Chosen","floor":18,"turns":7},{"damage":0,"enemies":"Shell Parasite","floor":19,"turns":7},{"damage":43,"enemies":"Chosen and Byrds","floor":20,"turns":14},{"damage":37,"enemies":"Gremlin Leader","floor":23,"turns":7}],"relics_obtained":[{"floor":9,"key":"Blood Vial"},{"floor":11,"key":"Oddly Smooth Stone"}],"event_choices":[{"event_name":"Shining Light","player_choice":"Entered Light","floor":7,"damage_taken":0}],"boss_relics":[{"not_picked":["Tiny House","Astrolabe"],"picked":"Velvet Choker"}],"items_purged_floors":[],"is_endless":false,"potions_floor_spawned":[1,3,4,11,20],"seed_played":"-98607237541864745","killed_by":"Gremlin Leader","ascension_level":2,"potions_obtained":[{"floor":1,"key":"Energy Potion"},{"floor":3,"key":"Dexterity Potion"},{"floor":4,"key":"Regen Potion"},{"floor":11,"key":"SpeedPotion"},{"floor":20,"key":"Poison Potion"}],"is_trial":false}