{"gold_per_floor":[119,43,43,58,76,76,109,128,153,153,182,209,226,254,254,332,332,344,354,41,60,60,389,38,38,38,67,77,77,90,101,101,179,179,194,210,310,43,43,71,71,146,193,20,20,49,64,11,11,11],"floor_reached":51,"playtime":2065,"items_purged":["Strike_R","Cleave"],"score":1387,"play_id":"0b0071bf-6668-4f56-af8f-df1e099526bd","local_time":"20190530151001","is_ascension_mode":true,"campfire_choices":[{"data":"Immolate","floor":6.0,"key":"SMITH"},{"data":"Uppercut","floor":10.0,"key":"SMITH"},{"data":"Inflame","floor":15.0,"key":"SMITH"},{"data":"Armaments","floor":25.0,"key":"SMITH"},{"floor":32.0,"key":"REST"},{"floor":41,"key":"REST"},{"floor":45,"key":"REST"},{"floor":49,"key":"REST"}],"neow_cost":"NONE","seed_source_timestamp":1041220702591879,"circlet_count":0,"master_deck":["AscendersBane","Strike_R","Strike_R","Strike_R","Strike_R","Defend_R","Defend_R","Defend_R","Defend_R+1","Bash","Immolate+1","Headbutt","Uppercut+1","Shockwave+1","Inflame+1","Armaments+1","Feed","Dropkick","Seeing Red+1","Shrug It Off","Perfected Strike+1","Spot Weakness","Dropkick","Pommel Strike","Shrug It Off","Reaper","Twin Strike","Evolve+1","True Grit+1","Perfected Strike+1","Havoc+1","Limit Break","Perfected Strike+1","Battle Trance"],"special_seed":0,"relics":["Burning Blood","NeowsBlessing","Dream Catcher","War Paint","Anchor","Boot","Mummified Hand","Philosopher\u0027s Stone","ClockworkSouvenir","Old Coin","Vajra","Letter Opener","Centennial Puzzle","Fusion Hammer","FossilizedHelix","Paper Frog","Red Skull","Frozen Egg 2","PreservedInsect","Kunai"],"potions_floor_usage":[33,33,50,50],"damage_taken":[{"damage":0.0,"enemies":"Cultist","floor":1.0,"turns":1.0},{"damage":0.0,"enemies":"Jaw Worm","floor":4.0,"turns":1.0},{"damage":0.0,"enemies":"Small Slimes","floor":5.0,"turns":1.0},{"damage":35.0,"enemies":"Lagavulin","floor":7.0,"turns":4.0},{"damage":11.0,"enemies":"Blue Slaver","floor":8.0,"turns":3.0},{"damage":10.0,"enemies":"3 Sentries","floor":11.0,"turns":2.0},{"damage":0.0,"enemies":"Gremlin Gang","floor":13.0,"turns":1.0},{"damage":15.0,"enemies":"Lagavulin","floor":14.0,"turns":5.0},{"damage":5.0,"enemies":"Slime Boss","floor":16.0,"turns":6.0},{"damage":0.0,"enemies":"Chosen","floor":18.0,"turns":3.0},{"damage":16.0,"enemies":"Spheric Guardian","floor":19.0,"turns":4.0},{"damage":10.0,"enemies":"Centurion and Healer","floor":21.0,"turns":5.0},{"damage":0.0,"enemies":"Cultist and Chosen","floor":22.0,"turns":1.0},{"damage":18.0,"enemies":"Slavers","floor":23.0,"turns":3.0},{"damage":18.0,"enemies":"Book of Stabbing","floor":27.0,"turns":3.0},{"damage":5.0,"enemies":"Snake Plant","floor":28.0,"turns":3.0},{"damage":9.0,"enemies":"Snecko","floor":30.0,"turns":3.0},{"damage":10.0,"enemies":"3 Cultists","floor":31.0,"turns":3.0},{"damage":52,"enemies":"Automaton","floor":33,"turns":8},{"damage":0,"enemies":"3 Shapes","floor":35,"turns":5},{"damage":4,"enemies":"Orb Walker","floor":36,"turns":3},{"damage":0,"enemies":"Mind Bloom Boss Battle","floor":37,"turns":4},{"damage":34,"enemies":"Nemesis","floor":40,"turns":5},{"damage":24,"enemies":"Reptomancer","floor":46,"turns":4},{"damage":14,"enemies":"Spire Growth","floor":47,"turns":3},{"damage":135,"enemies":"Time Eater","floor":50,"turns":11}],"seed_played":"-9085751783589011139","potions_obtained":[{"floor":4.0,"key":"FearPotion"},{"floor":7.0,"key":"Swift Potion"},{"floor":8.0,"key":"SmokeBomb"},{"floor":16.0,"key":"BloodPotion"},{"floor":18.0,"key":"SpeedPotion"},{"floor":23.0,"key":"Swift Potion"},{"floor":27.0,"key":"EssenceOfSteel"},{"floor":35,"key":"SteroidPotion"},{"floor":36,"key":"Regen Potion"}],"is_trial":false,"path_per_floor":["M","$","?","M","M","R","E","M","T","R","E","T","M","E","R","B",null,"M","M","$","M","M","E","$","R","T","E","M","?","M","M","R","B",null,"M","M","?","$","?","E","R","T","T","$","R","E","M","$","R","B",null],"character_chosen":"IRONCLAD","items_purchased":["Immolate","ClockworkSouvenir","Shrug It Off","Vajra","Spot Weakness","Paper Frog","Limit Break","SpeedPotion"],"campfire_rested":4,"item_purchase_floors":[2,20,20,24,24,38,44,48],"current_hp_per_floor":[74,74,74,75,75,75,46,41,41,41,37,37,43,34,34,35,65,74,64,64,63,69,57,57,57,57,45,50,50,47,43,68,22,69,78,80,89,89,89,63,90,90,90,90,91,77,86,86,98,11],"gold":11,"neow_bonus":"THREE_ENEMY_KILL","is_prod":false,"is_daily":false,"chose_seed":false,"campfire_upgraded":4,"win_rate":0,"timestamp":1559247001,"path_taken":["M","?","?","M","M","R","E","M","T","R","E","?","M","E","R","BOSS","M","M","$","M","M","E","$","R","T","E","?","?","M","M","R","BOSS","M","M","?","$","?","E","R","?","T","?","R","E","?","?","R","BOSS"],"build_version":"2019-01-23","purchased_purges":2,"victory":true,"max_hp_per_floor":[75,75,75,75,75,75,75,75,75,75,75,75,75,75,75,75,75,78,78,78,81,81,81,81,81,81,81,85,85,85,85,85,85,85,88,88,91,91,91,91,91,91,91,91,91,95,98,98,98,98],"card_choices":[{"not_picked":["Havoc","Rampage"],"picked":"Cleave","floor":1.0},{"not_picked":["Clash","Pommel Strike"],"picked":"Headbutt","floor":4.0},{"not_picked":["Fire Breathing","Heavy Blade"],"picked":"Uppercut","floor":5.0},{"not_picked":["Thunderclap","Blood for Blood","Wild Strike"],"picked":"SKIP","floor":7.0},{"not_picked":["Dropkick","Anger"],"picked":"Shockwave","floor":8.0},{"not_picked":["Clash","Dark Embrace"],"picked":"Inflame","floor":11.0},{"not_picked":["Wild Strike","Rampage"],"picked":"Armaments","floor":13.0},{"not_picked":["Carnage","Bludgeon","Armaments"],"picked":"SKIP","floor":14.0},{"not_picked":["Exhume","Juggernaut"],"picked":"Feed","floor":16.0},{"not_picked":["Warcry","Blood for Blood"],"picked":"Dropkick","floor":18.0},{"not_picked":["Pummel","Reckless Charge"],"picked":"Seeing Red+1","floor":19.0},{"not_picked":["Entrench+1","Burning Pact"],"picked":"Perfected Strike+1","floor":21.0},{"not_picked":["Heavy Blade","Sentinel","Bludgeon"],"picked":"SKIP","floor":23.0},{"not_picked":["Entrench","Heavy Blade","Whirlwind"],"picked":"SKIP","floor":27.0},{"not_picked":["Burning Pact","Pummel"],"picked":"Dropkick","floor":28.0},{"not_picked":["Warcry","Body Slam","Fire Breathing"],"picked":"SKIP","floor":30.0},{"not_picked":["Carnage+1","Headbutt"],"picked":"Pommel Strike","floor":31.0},{"not_picked":["Havoc","Body Slam"],"picked":"Shrug It Off","floor":32.0},{"not_picked":["Fiend Fire","Berserk"],"picked":"Reaper","floor":33},{"not_picked":["Headbutt","Iron Wave"],"picked":"Twin Strike","floor":35},{"not_picked":["Clash","Barricade"],"picked":"Evolve+1","floor":36},{"not_picked":["Blood for Blood","Wild Strike"],"picked":"True Grit+1","floor":37},{"not_picked":["Metallicize","Combust"],"picked":"Perfected Strike+1","floor":40},{"not_picked":["Clothesline","Thunderclap"],"picked":"Havoc+1","floor":41},{"not_picked":["Whirlwind+1","Headbutt","Fiend Fire"],"picked":"SKIP","floor":46},{"not_picked":["Sever Soul","Ghostly Armor"],"picked":"Perfected Strike+1","floor":47},{"not_picked":["Perfected Strike","Sentinel"],"picked":"Battle Trance","floor":49}],"player_experience":494457,"relics_obtained":[{"floor":7.0,"key":"Dream Catcher"},{"floor":9.0,"key":"War Paint"},{"floor":11.0,"key":"Anchor"},{"floor":12.0,"key":"Boot"},{"floor":14.0,"key":"Mummified Hand"},{"floor":23.0,"key":"Old Coin"},{"floor":26.0,"key":"Letter Opener"},{"floor":27.0,"key":"Centennial Puzzle"},{"floor":37,"key":"FossilizedHelix"},{"floor":40,"key":"Red Skull"},{"floor":42,"key":"Frozen Egg 2"},{"floor":43,"key":"PreservedInsect"},{"floor":46,"key":"Kunai"}],"event_choices":[{"damage_healed":0.0,"max_hp_gain":0.0,"max_hp_loss":0.0,"gold_gain":0.0,"event_name":"Liars Game","player_choice":"Ignored","floor":3.0,"gold_loss":0.0,"damage_taken":0.0},{"damage_healed":0.0,"max_hp_gain":0.0,"max_hp_loss":0.0,"gold_gain":0.0,"event_name":"Ghosts","player_choice":"Ignored","floor":29.0,"gold_loss":0.0,"damage_taken":0.0},{"damage_healed":0,"gold_gain":0,"player_choice":"Fight","damage_taken":0,"max_hp_gain":0,"max_hp_loss":0,"event_name":"MindBloom","floor":37,"gold_loss":0},{"damage_healed":0,"gold_gain":0,"player_choice":"Ignored","damage_taken":0,"max_hp_gain":0,"max_hp_loss":0,"event_name":"Tomb of Lord Red Mask","floor":39,"gold_loss":0}],"is_beta":false,"boss_relics":[{"not_picked":["Sozu","Calling Bell"],"picked":"Philosopher\u0027s Stone"},{"not_picked":["White Beast Statue","Black Star"],"picked":"Fusion Hammer"}],"items_purged_floors":[20,24],"is_endless":false,"potions_floor_spawned":[4,7,8,16,18,22,23,27,31,35,36,40],"ascension_level":16}