{"gold_per_floor":[112,123,123,22,97,97,97,127,127,145,45,63,91,105,105,209,209,220,95,95,73,73,73,73,73,73,100,112,146,146,146,146,243,243,253,266,266,266,280,280,290,290,337,352,363,392,392,407,407,407],"floor_reached":51,"playtime":1438,"items_purged":["Strike_R","Defend_R","Strike_R"],"score":1135,"play_id":"8ee5ab19-a329-4b63-9715-0b77835bb3e2","local_time":"20190521222051","is_ascension_mode":true,"campfire_choices":[{"data":"Searing Blow","floor":6,"key":"SMITH"},{"data":"Searing Blow+2","floor":15,"key":"SMITH"},{"data":"Searing Blow+3","floor":23,"key":"SMITH"},{"data":"Searing Blow+4","floor":25,"key":"SMITH"},{"data":"Searing Blow+5","floor":32,"key":"SMITH"},{"data":"Searing Blow+6","floor":40,"key":"SMITH"},{"data":"Searing Blow+7","floor":42,"key":"SMITH"},{"data":"Searing Blow+8","floor":47,"key":"SMITH"},{"data":"Searing Blow+9","floor":49,"key":"SMITH"}],"neow_cost":"NONE","seed_source_timestamp":173316696574345,"circlet_count":0,"master_deck":["Strike_R","Strike_R+1","Defend_R","Bash","Searing Blow+10","Armaments","Double Tap","Armaments","Armaments","Pummel"],"relics":["Burning Blood","NeowsBlessing","Red Skull","Pear","Whetstone","Philosopher\u0027s Stone","Meat on the Bone","Lantern","Pocketwatch","Coffee Dripper","Bronze Scales","Dream Catcher"],"potions_floor_usage":[16,16,27,33,41,46,50,50,50],"damage_taken":[{"damage":0,"enemies":"Jaw Worm","floor":1,"turns":1},{"damage":0,"enemies":"2 Louse","floor":2,"turns":1},{"damage":0,"enemies":"3 Sentries","floor":8,"turns":1},{"damage":0,"enemies":"Small Slimes","floor":10,"turns":3},{"damage":13,"enemies":"Red Slaver","floor":12,"turns":3},{"damage":46,"enemies":"Lagavulin","floor":13,"turns":6},{"damage":1,"enemies":"3 Louse","floor":14,"turns":3},{"damage":29,"enemies":"Hexaghost","floor":16,"turns":8},{"damage":9,"enemies":"Shell Parasite","floor":18,"turns":3},{"damage":33,"enemies":"Slavers","floor":27,"turns":4},{"damage":24,"enemies":"3 Byrds","floor":28,"turns":5},{"damage":33,"enemies":"Gremlin Leader","floor":29,"turns":3},{"damage":20,"enemies":"Collector","floor":33,"turns":5},{"damage":9,"enemies":"3 Darklings","floor":35,"turns":3},{"damage":2,"enemies":"Orb Walker","floor":36,"turns":2},{"damage":45,"enemies":"Writhing Mass","floor":39,"turns":3},{"damage":20,"enemies":"4 Shapes","floor":41,"turns":4},{"damage":1,"enemies":"Jaw Worm Horde","floor":44,"turns":3},{"damage":3,"enemies":"Maw","floor":45,"turns":3},{"damage":0,"enemies":"Reptomancer","floor":46,"turns":3},{"damage":2,"enemies":"4 Shapes","floor":48,"turns":5},{"damage":29,"enemies":"Time Eater","floor":50,"turns":4}],"seed_played":"345680864316564771","potions_obtained":[{"floor":2,"key":"Explosive Potion"},{"floor":7,"key":"AttackPotion"},{"floor":7,"key":"Dexterity Potion"},{"floor":10,"key":"PowerPotion"},{"floor":18,"key":"Explosive Potion"},{"floor":29,"key":"Poison Potion"},{"floor":35,"key":"Regen Potion"},{"floor":39,"key":"PowerPotion"},{"floor":46,"key":"PowerPotion"},{"floor":48,"key":"Weak Potion"}],"is_trial":false,"path_per_floor":["M","M","?","$","?","R","?","E","T","M","$","M","E","M","R","B",null,"M","$","?","$","?","R","?","R","T","E","M","E","$","?","R","B",null,"M","M","?","?","M","R","M","R","T","M","M","E","R","M","R","B",null],"character_chosen":"IRONCLAD","items_purchased":["Armaments","Armaments"],"campfire_rested":0,"item_purchase_floors":[4,21],"current_hp_per_floor":[78,80,80,80,69,69,69,75,85,90,90,83,43,48,48,25,74,71,71,71,71,71,71,71,71,71,56,50,35,35,35,35,33,76,73,77,77,77,50,50,60,60,60,65,68,74,74,78,78,55],"gold":407,"neow_bonus":"THREE_ENEMY_KILL","is_prod":false,"is_daily":false,"chose_seed":false,"campfire_upgraded":9,"win_rate":0,"timestamp":1558466451,"path_taken":["M","M","?","?","?","R","?","E","T","M","$","?","E","M","R","BOSS","M","$","?","$","?","R","?","R","T","E","M","E","$","?","R","BOSS","M","M","?","?","M","R","?","R","T","M","M","E","R","M","R","BOSS"],"build_version":"2019-01-23","purchased_purges":3,"victory":true,"max_hp_per_floor":[80,80,80,80,80,80,80,80,90,90,90,90,90,90,90,90,90,90,90,90,90,90,90,90,90,90,90,90,90,90,90,90,90,90,90,90,90,90,90,90,90,90,90,90,90,90,90,90,90,90],"card_choices":[{"not_picked":["True Grit","Body Slam"],"picked":"Searing Blow","floor":1},{"not_picked":["Intimidate","Flex","Perfected Strike"],"picked":"SKIP","floor":2},{"not_picked":["Sentinel","Feel No Pain","Hemokinesis"],"picked":"SKIP","floor":8},{"not_picked":["Clothesline","Dual Wield","Warcry"],"picked":"SKIP","floor":10},{"not_picked":["Warcry","Clothesline","Flex"],"picked":"SKIP","floor":12},{"not_picked":["Intimidate","Warcry","Clash"],"picked":"SKIP","floor":13},{"not_picked":["Uppercut","Burning Pact","Clothesline"],"picked":"SKIP","floor":14},{"not_picked":["Offering","Fiend Fire"],"picked":"Double Tap","floor":16},{"not_picked":["Havoc","Whirlwind","True Grit"],"picked":"SKIP","floor":18},{"not_picked":["Combust","Clothesline+1","Entrench"],"picked":"SKIP","floor":27},{"not_picked":["Clash","Rupture","Shrug It Off"],"picked":"SKIP","floor":28},{"not_picked":["Bludgeon","Corruption+1","Iron Wave"],"picked":"SKIP","floor":29},{"not_picked":["Shrug It Off","Metallicize+1","Body Slam+1"],"picked":"SKIP","floor":35},{"not_picked":["Clash+1","Seeing Red+1","Searing Blow"],"picked":"SKIP","floor":36},{"not_picked":["Inflame","Clothesline","Hemokinesis"],"picked":"SKIP","floor":39},{"not_picked":["Clash","Warcry","Heavy Blade+1"],"picked":"SKIP","floor":41},{"not_picked":["Perfected Strike+1","Armaments","Thunderclap+1"],"picked":"SKIP","floor":44},{"not_picked":["Heavy Blade","Havoc+1","Sentinel+1"],"picked":"SKIP","floor":45},{"not_picked":["Inflame","Dual Wield","Anger"],"picked":"SKIP","floor":46},{"not_picked":["Immolate","Warcry+1","Thunderclap"],"picked":"SKIP","floor":48}],"player_experience":306974,"relics_obtained":[{"floor":8,"key":"Red Skull"},{"floor":9,"key":"Pear"},{"floor":13,"key":"Whetstone"},{"floor":26,"key":"Meat on the Bone"},{"floor":27,"key":"Lantern"},{"floor":29,"key":"Pocketwatch"},{"floor":43,"key":"Bronze Scales"},{"floor":46,"key":"Dream Catcher"}],"event_choices":[{"damage_healed":0,"gold_gain":0,"player_choice":"Ignored","damage_taken":0,"max_hp_gain":0,"max_hp_loss":0,"event_name":"Liars Game","floor":3,"gold_loss":0},{"damage_healed":0,"gold_gain":75,"player_choice":"Gather Gold","damage_taken":11,"max_hp_gain":0,"max_hp_loss":0,"event_name":"World of Goop","floor":5,"gold_loss":0},{"damage_healed":0,"gold_gain":0,"player_choice":"Got Potions","damage_taken":0,"max_hp_gain":0,"max_hp_loss":0,"event_name":"Lab","floor":7,"gold_loss":0},{"damage_healed":0,"gold_gain":0,"player_choice":"Read","damage_taken":0,"max_hp_gain":0,"max_hp_loss":0,"event_name":"The Library","floor":20,"gold_loss":0,"cards_obtained":["Armaments"]},{"damage_healed":0,"gold_gain":0,"cards_transformed":["Defend_R","Defend_R"],"player_choice":"Became Test Subject","damage_taken":0,"max_hp_gain":0,"max_hp_loss":0,"event_name":"Drug Dealer","floor":22,"gold_loss":0,"cards_obtained":["Pummel","Juggernaut"]},{"cards_removed":["Juggernaut"],"damage_healed":0,"gold_gain":0,"player_choice":"Elegance","damage_taken":0,"max_hp_gain":0,"max_hp_loss":0,"event_name":"Back to Basics","floor":24,"gold_loss":0},{"damage_healed":0,"gold_gain":0,"player_choice":"Ignored","damage_taken":0,"max_hp_gain":0,"max_hp_loss":0,"event_name":"Vampires","floor":31,"gold_loss":0},{"damage_healed":0,"gold_gain":0,"player_choice":"Ignored","damage_taken":0,"max_hp_gain":0,"max_hp_loss":0,"event_name":"Tomb of Lord Red Mask","floor":37,"gold_loss":0},{"cards_removed":["Strike_R"],"damage_healed":0,"gold_gain":0,"player_choice":"Offered Basic","damage_taken":0,"max_hp_gain":0,"max_hp_loss":0,"event_name":"Bonfire Elementals","floor":38,"gold_loss":0}],"is_beta":false,"boss_relics":[{"not_picked":["Cursed Key","Black Blood"],"picked":"Philosopher\u0027s Stone"},{"not_picked":["Mark of Pain","Runic Pyramid"],"picked":"Coffee Dripper"}],"items_purged_floors":[4,11,19],"is_endless":false,"potions_floor_spawned":[2,8,10,13,18,29,35,39,46,48],"ascension_level":9}