{"gold_per_floor":[119,134,146,146,158,158,158,158,158,191,210,229,104,116,116,116],"floor_reached":16,"playtime":577,"items_purged":["Strike_R"],"score":151,"play_id":"143b55cc-30dd-432a-a77a-82ef45e04c54","local_time":"20190302171411","is_ascension_mode":true,"campfire_choices":[{"data":"Flex","floor":6.0,"key":"SMITH"},{"data":"Whirlwind","floor":8.0,"key":"SMITH"},{"data":"Bash","floor":15.0,"key":"SMITH"}],"neow_cost":"NONE","seed_source_timestamp":9145788617815,"circlet_count":0,"master_deck":["Strike_R","Strike_R","Strike_R","Defend_R","Defend_R","Defend_R","Defend_R","Bash+1","Clash","Whirlwind+1","Flex+1","Feel No Pain"],"special_seed":0,"relics":["Burning Blood","Ice Cream","Turnip","Singing Bowl"],"potions_floor_usage":[16,16],"damage_taken":[{"damage":11.0,"enemies":"Cultist","floor":1.0,"turns":4.0},{"damage":4.0,"enemies":"Jaw Worm","floor":2.0,"turns":4.0},{"damage":0.0,"enemies":"2 Louse","floor":3.0,"turns":2.0},{"damage":14.0,"enemies":"Blue Slaver","floor":5.0,"turns":4.0},{"damage":18.0,"enemies":"Gremlin Nob","floor":10.0,"turns":3.0},{"damage":5.0,"enemies":"Large Slime","floor":11.0,"turns":5.0},{"damage":11.0,"enemies":"Looter","floor":12.0,"turns":2.0},{"damage":16.0,"enemies":"Exordium Thugs","floor":14.0,"turns":4.0},{"damage":56,"enemies":"Hexaghost","floor":16,"turns":9}],"seed_played":"-1513522762634387238","potions_obtained":[{"floor":2.0,"key":"Poison Potion"},{"floor":14.0,"key":"Fire Potion"}],"is_trial":false,"path_per_floor":["M","M","M","T","M","R","?","R","T","E","M","M","$","M","R","B"],"character_chosen":"IRONCLAD","items_purchased":["Block Potion"],"campfire_rested":0,"item_purchase_floors":[13],"current_hp_per_floor":[67,69,75,75,67,67,72,72,72,60,63,60,60,52,52,0],"gold":116,"neow_bonus":"REMOVE_CARD","is_prod":false,"is_daily":false,"chose_seed":false,"campfire_upgraded":3,"win_rate":0,"timestamp":1551514451,"path_taken":["M","M","M","?","M","R","?","R","T","E","M","M","$","M","R","BOSS"],"build_version":"2019-01-23","purchased_purges":1,"victory":false,"max_hp_per_floor":[80,80,80,80,80,80,85,85,85,85,87,89,89,91,91,91],"card_choices":[{"not_picked":["Warcry","Havoc"],"picked":"Clash","floor":1.0},{"not_picked":["Thunderclap","Heavy Blade"],"picked":"Whirlwind","floor":2.0},{"not_picked":["Perfected Strike","Shockwave","Headbutt"],"picked":"SKIP","floor":3.0},{"not_picked":["Ghostly Armor","Armaments"],"picked":"Flex","floor":5.0},{"not_picked":["Feed","Heavy Blade"],"picked":"Feel No Pain","floor":10.0},{"not_picked":["Cleave","Intimidate","Clothesline"],"picked":"Singing Bowl","floor":11.0},{"not_picked":["Havoc","Wild Strike","Ghostly Armor"],"picked":"Singing Bowl","floor":12.0},{"not_picked":["Whirlwind","Twin Strike","Entrench"],"picked":"Singing Bowl","floor":14.0}],"player_experience":220052,"relics_obtained":[{"floor":4.0,"key":"Ice Cream"},{"floor":9.0,"key":"Turnip"},{"floor":10.0,"key":"Singing Bowl"}],"event_choices":[{"damage_healed":0.0,"max_hp_gain":5.0,"max_hp_loss":0.0,"gold_gain":0.0,"event_name":"Big Fish","player_choice":"Donut","floor":7.0,"gold_loss":0.0,"damage_taken":0.0}],"is_beta":false,"boss_relics":[],"items_purged_floors":[13],"is_endless":false,"potions_floor_spawned":[2,14],"killed_by":"Hexaghost","ascension_level":9}