{"gold_per_floor":[115,131,131,144,169,203,203,72,72,72,88,88,127,151,151,244,244,259,259,259,283,208,208,208],"floor_reached":24,"playtime":578,"items_purged":["Strike_R"],"score":412,"play_id":"91f84d0d-a117-44fe-a002-8c07d581c403","local_time":"20190318004405","is_ascension_mode":true,"campfire_choices":[{"data":"Immolate","floor":7.0,"key":"SMITH"},{"floor":10.0,"key":"REST"},{"data":"Armaments","floor":12.0,"key":"SMITH"},{"data":"Rage","floor":15.0,"key":"SMITH"},{"data":"Battle Trance","floor":23.0,"key":"SMITH"}],"neow_cost":"TEN_PERCENT_HP_LOSS","seed_source_timestamp":348687261858100,"circlet_count":0,"master_deck":["AscendersBane","Bash","Pommel Strike","Twin Strike","Reckless Charge","Sever Soul","Immolate+1","Armaments+1","Anger","Double Tap","Rage+1","Fiend Fire","Wild Strike","Reckless Charge","Carnage","Pummel","Combust","Iron Wave","Battle Trance+1","Seeing Red"],"special_seed":0,"relics":["Burning Blood","Golden Idol","Smiling Mask","Paper Frog","Kunai","Pandora\u0027s Box"],"potions_floor_usage":[24],"damage_taken":[{"damage":9.0,"enemies":"Jaw Worm","floor":1.0,"turns":6.0},{"damage":3.0,"enemies":"2 Louse","floor":2.0,"turns":4.0},{"damage":6.0,"enemies":"Small Slimes","floor":4.0,"turns":4.0},{"damage":22.0,"enemies":"3 Louse","floor":5.0,"turns":4.0},{"damage":25.0,"enemies":"Lagavulin","floor":6.0,"turns":6.0},{"damage":10.0,"enemies":"Lots of Slimes","floor":11.0,"turns":3.0},{"damage":5.0,"enemies":"3 Sentries","floor":13.0,"turns":4.0},{"damage":6.0,"enemies":"Gremlin Gang","floor":14.0,"turns":3.0},{"damage":18.0,"enemies":"Hexaghost","floor":16.0,"turns":6.0},{"damage":6.0,"enemies":"3 Byrds","floor":18.0,"turns":3.0},{"damage":27.0,"enemies":"Shell Parasite","floor":21.0,"turns":3.0},{"damage":37,"enemies":"Book of Stabbing","floor":24,"turns":3}],"seed_played":"-1990344619840204517","potions_obtained":[{"floor":5.0,"key":"Weak Potion"},{"floor":13.0,"key":"Energy Potion"},{"floor":14.0,"key":"Fire Potion"},{"floor":16.0,"key":"Poison Potion"}],"is_trial":false,"path_per_floor":["M","M","?","M","M","E","R","$","T","R","M","R","E","M","R","B",null,"M","?","?","M","?","R","E"],"character_chosen":"IRONCLAD","items_purchased":["Armaments","Anger"],"campfire_rested":1,"item_purchase_floors":[8,8],"current_hp_per_floor":[65,68,45,45,29,10,10,10,10,30,26,26,27,27,27,15,55,55,55,55,34,34,34,0],"gold":208,"neow_bonus":"REMOVE_TWO","is_prod":false,"is_daily":false,"chose_seed":false,"campfire_upgraded":4,"win_rate":0,"timestamp":1552837445,"path_taken":["M","M","?","M","M","E","R","$","T","R","M","R","E","M","R","BOSS","M","?","?","M","?","R","E"],"build_version":"2019-01-23","purchased_purges":1,"victory":false,"max_hp_per_floor":[68,68,68,68,68,68,68,68,68,68,68,68,68,68,68,68,68,68,68,68,68,68,68,68],"card_choices":[{"not_picked":["Flex","Entrench"],"picked":"Pommel Strike","floor":1.0},{"not_picked":["Heavy Blade","Clash"],"picked":"Twin Strike","floor":2.0},{"not_picked":["Body Slam","Havoc"],"picked":"Reckless Charge","floor":4.0},{"not_picked":["Burning Pact","Twin Strike"],"picked":"Sever Soul","floor":5.0},{"not_picked":["Pummel","Armaments"],"picked":"Immolate","floor":6.0},{"not_picked":["Twin Strike","Rage","Headbutt"],"picked":"SKIP","floor":11.0},{"not_picked":["Thunderclap","Cleave"],"picked":"Double Tap","floor":13.0},{"not_picked":["Fire Breathing","Flex"],"picked":"Rage","floor":14.0},{"not_picked":["Double Tap","Limit Break"],"picked":"Fiend Fire","floor":16.0},{"not_picked":["Body Slam","Bloodletting"],"picked":"Iron Wave","floor":18.0},{"not_picked":["Armaments","Havoc+1"],"picked":"Seeing Red","floor":21.0}],"player_experience":4553084,"relics_obtained":[{"floor":6.0,"key":"Smiling Mask"},{"floor":9.0,"key":"Paper Frog"},{"floor":13.0,"key":"Kunai"}],"event_choices":[{"damage_healed":0.0,"max_hp_gain":0.0,"max_hp_loss":0.0,"gold_gain":0.0,"event_name":"Golden Idol","player_choice":"Take Damage","floor":3.0,"gold_loss":0.0,"damage_taken":23.0,"relics_obtained":["Golden Idol"]},{"damage_healed":0.0,"max_hp_gain":0.0,"max_hp_loss":0.0,"gold_gain":0.0,"event_name":"The Library","player_choice":"Read","floor":19.0,"gold_loss":0.0,"damage_taken":0.0,"cards_obtained":["Battle Trance"]},{"damage_healed":0.0,"max_hp_gain":0.0,"max_hp_loss":0.0,"gold_gain":0.0,"event_name":"Vampires","player_choice":"Ignored","floor":20.0,"gold_loss":0.0,"damage_taken":0.0},{"cards_removed":["Perfected Strike"],"damage_healed":0.0,"max_hp_gain":0.0,"max_hp_loss":0.0,"gold_gain":0.0,"event_name":"Beggar","player_choice":"Gave Gold","floor":22.0,"gold_loss":75.0,"damage_taken":0.0}],"is_beta":false,"boss_relics":[{"not_picked":["Black Star","Philosopher\u0027s Stone"],"picked":"Pandora\u0027s Box"}],"items_purged_floors":[8],"is_endless":false,"potions_floor_spawned":[5,13,14,16],"killed_by":"Book of Stabbing","ascension_level":20}