{"gold_per_floor":[119,135,135,147,158,190,190,218,218,218,251,266,266,89,89,191,191,207,220,237,237,237],"floor_reached":22,"playtime":1619,"items_purged":[],"score":293,"play_id":"22beca5d-b796-415e-bfd5-708ac2bdc440","local_time":"20190222215137","is_ascension_mode":true,"campfire_choices":[{"data":"Combust","floor":7.0,"key":"SMITH"},{"floor":10.0,"key":"REST"},{"floor":13.0,"key":"REST"},{"floor":15.0,"key":"DIG"}],"neow_cost":"NONE","seed_source_timestamp":0,"circlet_count":0,"master_deck":["Strike_R","Strike_R","Strike_R","Strike_R","Strike_R","Defend_R","Defend_R","Defend_R","Defend_R","Bash","Armaments","Flame Barrier","Combust+1","Evolve","Shockwave","Twin Strike","Rupture","Whirlwind","Enlightenment","Reaper","Feel No Pain","Havoc+1","Exhume"],"special_seed":0,"relics":["Burning Blood","Bag of Preparation","Shovel","Kunai","Singing Bowl","Meat on the Bone"],"potions_floor_usage":[],"damage_taken":[{"damage":0.0,"enemies":"Small Slimes","floor":1.0,"turns":3.0},{"damage":11.0,"enemies":"Cultist","floor":2.0,"turns":4.0},{"damage":11.0,"enemies":"Jaw Worm","floor":4.0,"turns":5.0},{"damage":1.0,"enemies":"2 Fungi Beasts","floor":5.0,"turns":4.0},{"damage":19.0,"enemies":"Gremlin Nob","floor":6.0,"turns":5.0},{"damage":50.0,"enemies":"Lagavulin","floor":8.0,"turns":9.0},{"damage":32.0,"enemies":"Gremlin Nob","floor":11.0,"turns":5.0},{"damage":15.0,"enemies":"Exordium Thugs","floor":12.0,"turns":5.0},{"damage":36.0,"enemies":"Slime Boss","floor":16.0,"turns":8.0},{"damage":46.0,"enemies":"2 Thieves","floor":18.0,"turns":4.0},{"damage":44.0,"enemies":"Spheric Guardian","floor":19.0,"turns":6.0},{"damage":42.0,"enemies":"3 Cultists","floor":20.0,"turns":6.0},{"damage":53,"enemies":"Sentry and Sphere","floor":22,"turns":7}],"seed_played":"8021405266442271192","potions_obtained":[{"floor":5.0,"key":"Weak Potion"},{"floor":8.0,"key":"GamblersBrew"},{"floor":12.0,"key":"SkillPotion"},{"floor":16.0,"key":"SpeedPotion"},{"floor":18.0,"key":"Poison Potion"}],"is_trial":false,"path_per_floor":["M","M","?","M","M","E","R","E","T","R","E","M","R","$","R","B",null,"M","M","M","?","M"],"character_chosen":"IRONCLAD","items_purchased":["Whirlwind","Enlightenment"],"campfire_rested":2,"item_purchase_floors":[14,14],"current_hp_per_floor":[86,81,86,81,86,73,73,29,29,56,30,23,51,51,51,33,80,52,34,22,53,0],"gold":237,"neow_bonus":"TEN_PERCENT_HP_BONUS","is_prod":false,"is_daily":false,"chose_seed":false,"campfire_upgraded":1,"win_rate":0,"timestamp":1550868697,"path_taken":["M","M","?","M","M","E","R","E","T","R","E","M","R","$","R","BOSS","M","M","M","?","M"],"build_version":"2019-01-23","purchased_purges":0,"victory":false,"max_hp_per_floor":[88,88,93,93,93,93,93,93,93,93,93,95,95,95,95,95,95,95,95,95,95,95],"card_choices":[{"not_picked":["Perfected Strike","Sword Boomerang"],"picked":"Armaments","floor":1.0},{"not_picked":["Wild Strike","Power Through"],"picked":"Flame Barrier","floor":2.0},{"not_picked":["Flex","Double Tap"],"picked":"Combust","floor":4.0},{"not_picked":["Sentinel","Wild Strike"],"picked":"Evolve","floor":5.0},{"not_picked":["Pommel Strike","Anger"],"picked":"Shockwave","floor":6.0},{"not_picked":["Warcry","Clash"],"picked":"Twin Strike","floor":8.0},{"not_picked":["Hemokinesis","Flex"],"picked":"Rupture","floor":11.0},{"not_picked":["Spot Weakness","Clash","Uppercut"],"picked":"Singing Bowl","floor":12.0},{"not_picked":["Exhume","Juggernaut"],"picked":"Reaper","floor":16.0},{"not_picked":["Clash","Rage+1"],"picked":"Feel No Pain","floor":18.0},{"not_picked":["True Grit","Clothesline"],"picked":"Havoc+1","floor":19.0},{"not_picked":["Anger","Havoc"],"picked":"Exhume","floor":20.0}],"player_experience":361239,"relics_obtained":[{"floor":6.0,"key":"Bag of Preparation"},{"floor":8.0,"key":"Shovel"},{"floor":9.0,"key":"Kunai"},{"floor":11.0,"key":"Singing Bowl"},{"floor":15.0,"key":"Meat on the Bone"}],"event_choices":[{"damage_healed":0.0,"max_hp_gain":5.0,"max_hp_loss":0.0,"gold_gain":0.0,"event_name":"Big Fish","player_choice":"Donut","floor":3.0,"gold_loss":0.0,"damage_taken":0.0},{"damage_healed":31.0,"max_hp_gain":0.0,"max_hp_loss":0.0,"gold_gain":0.0,"event_name":"The Library","player_choice":"Heal","floor":21.0,"gold_loss":0.0,"damage_taken":0.0}],"is_beta":false,"boss_relics":[{"not_picked":["Fusion Hammer","Velvet Choker","Philosopher\u0027s Stone"]}],"items_purged_floors":[],"is_endless":false,"potions_floor_spawned":[5,8,12,16,18],"killed_by":"Sentry and Sphere","ascension_level":6}