{"gold_per_floor":[218,218,218,231,250,284,284,309,356,368,368,443,468,479,479,581,581,595,595,610,137,148,148,43,77,124,124,124,124,74,104,104,104],"floor_reached":33,"playtime":2458,"items_purged":["Strike_R"],"score":346,"play_id":"a616289d-3943-47de-97b4-e6e8fbe11b9f","local_time":"20190217151844","is_ascension_mode":true,"campfire_choices":[{"data":"Bash","floor":7,"key":"SMITH"},{"floor":11,"key":"REST"},{"floor":15,"key":"REST"},{"floor":23,"key":"REST"},{"floor":28,"key":"REST"},{"floor":32,"key":"REST"}],"neow_cost":"NONE","seed_source_timestamp":9795168072800,"circlet_count":0,"master_deck":["Strike_R+1","Strike_R","Strike_R+1","Strike_R+1","Defend_R","Defend_R","Defend_R","Defend_R","Bash+1","Shrug It Off","Pommel Strike","Cleave+1","Ghostly Armor","Clothesline","Shrug It Off","Feel No Pain","Juggernaut","Armaments","Flame Barrier","Warcry","Corruption","Seeing Red","Demon Form","Juggernaut","Disarm"],"relics":["Burning Blood","Bottled Flame","Potion Belt","Regal Pillow","Whetstone","White Beast Statue","Happy Flower","Art of War","Blood Vial","Juzu Bracelet","Smiling Mask","Bottled Lightning"],"potions_floor_usage":[6,6,16,20,22,22,22,22,22,25,25,25,25,33],"damage_taken":[{"damage":4,"enemies":"Small Slimes","floor":1,"turns":3},{"damage":4,"enemies":"Jaw Worm","floor":4,"turns":3},{"damage":0,"enemies":"2 Louse","floor":5,"turns":3},{"damage":24,"enemies":"Gremlin Nob","floor":6,"turns":4},{"damage":30,"enemies":"Lagavulin","floor":8,"turns":5},{"damage":10,"enemies":"Exordium Wildlife","floor":10,"turns":4},{"damage":24,"enemies":"Gremlin Nob","floor":13,"turns":4},{"damage":21,"enemies":"Exordium Thugs","floor":14,"turns":3},{"damage":34,"enemies":"The Guardian","floor":16,"turns":13},{"damage":53,"enemies":"Spheric Guardian","floor":18,"turns":8},{"damage":45,"enemies":"3 Byrds","floor":20,"turns":7},{"damage":9,"enemies":"3 Cultists","floor":22,"turns":6},{"damage":34,"enemies":"Book of Stabbing","floor":25,"turns":7},{"damage":49,"enemies":"Gremlin Leader","floor":31,"turns":7},{"damage":116,"enemies":"Collector","floor":33,"turns":7}],"seed_played":"8312440236934778234","potions_obtained":[{"floor":1,"key":"Regen Potion"},{"floor":5,"key":"Energy Potion"},{"floor":10,"key":"LiquidBronze"},{"floor":18,"key":"FearPotion"},{"floor":19,"key":"Swift Potion"},{"floor":19,"key":"EntropicBrew"},{"floor":19,"key":"FairyPotion"},{"floor":20,"key":"Swift Potion"},{"floor":22,"key":"Regen Potion"},{"floor":25,"key":"BloodPotion"},{"floor":31,"key":"Regen Potion"}],"is_trial":false,"path_per_floor":["M","?","?","M","M","E","R","E","T","M","R","?","E","M","R","B",null,"M","?","M","$","M","R","$","E","T","?","R","?","$","E","R","B"],"character_chosen":"IRONCLAD","items_purchased":["Happy Flower","Art of War","Flame Barrier","Strength Potion","Dexterity Potion","Corruption","Seeing Red"],"campfire_rested":5,"item_purchase_floors":[21,21,21,21,21,24,24],"current_hp_per_floor":[80,85,68,70,76,67,67,43,43,39,79,68,50,35,75,47,85,38,38,14,14,11,51,51,38,38,38,78,78,78,37,77,0],"gold":104,"neow_bonus":"HUNDRED_GOLD","is_prod":false,"is_daily":false,"chose_seed":false,"campfire_upgraded":1,"win_rate":0,"timestamp":1550413124,"path_taken":["M","?","?","M","?","E","R","E","T","M","R","?","E","M","R","BOSS","M","?","M","$","M","R","?","E","T","?","R","?","$","E","R","BOSS"],"build_version":"2019-01-23","purchased_purges":1,"victory":false,"max_hp_per_floor":[80,85,85,85,85,85,85,85,85,85,85,85,85,85,85,85,85,85,85,85,85,85,85,85,85,85,85,85,85,85,85,85,85],"card_choices":[{"not_picked":["Reckless Charge","Sword Boomerang"],"picked":"Shrug It Off","floor":1},{"not_picked":["Havoc","Dual Wield"],"picked":"Pommel Strike","floor":4},{"not_picked":["Armaments","Clash"],"picked":"Cleave","floor":5},{"not_picked":["Bloodletting","Thunderclap"],"picked":"Ghostly Armor","floor":6},{"not_picked":["Burning Pact","Searing Blow","Dual Wield"],"picked":"SKIP","floor":8},{"not_picked":["Body Slam","Power Through"],"picked":"Clothesline","floor":10},{"not_picked":["Body Slam","Double Tap"],"picked":"Shrug It Off","floor":13},{"not_picked":["Clash","Infernal Blade"],"picked":"Feel No Pain","floor":14},{"not_picked":["Feed","Bludgeon"],"picked":"Juggernaut","floor":16},{"not_picked":["Havoc","Twin Strike+1"],"picked":"Armaments","floor":18},{"not_picked":["Sword Boomerang","Searing Blow","Headbutt+1"],"picked":"SKIP","floor":20},{"not_picked":["Ghostly Armor","Wild Strike"],"picked":"Warcry","floor":22},{"not_picked":["Flex","Perfected Strike"],"picked":"Demon Form","floor":25},{"not_picked":["Disarm","Clothesline","Flame Barrier+1"],"picked":"SKIP","floor":31},{"not_picked":["Clothesline","Flame Barrier+1"],"picked":"Disarm","floor":31}],"player_experience":334038,"relics_obtained":[{"floor":6,"key":"Bottled Flame"},{"floor":8,"key":"Potion Belt"},{"floor":9,"key":"Regal Pillow"},{"floor":13,"key":"Whetstone"},{"floor":25,"key":"Blood Vial"},{"floor":26,"key":"Juzu Bracelet"},{"floor":31,"key":"Bottled Lightning"}],"event_choices":[{"damage_healed":0,"gold_gain":0,"player_choice":"Donut","damage_taken":0,"max_hp_gain":5,"max_hp_loss":0,"event_name":"Big Fish","floor":2,"gold_loss":0},{"damage_healed":0,"gold_gain":0,"player_choice":"Entered Light","damage_taken":17,"max_hp_gain":0,"max_hp_loss":0,"event_name":"Shining Light","floor":3,"gold_loss":0,"cards_upgraded":["Strike_R","Strike_R"]},{"damage_healed":0,"gold_gain":75,"player_choice":"Gather Gold","damage_taken":11,"max_hp_gain":0,"max_hp_loss":0,"event_name":"World of Goop","floor":12,"gold_loss":0},{"damage_healed":0,"gold_gain":0,"player_choice":"Got Potions","damage_taken":0,"max_hp_gain":0,"max_hp_loss":0,"event_name":"Lab","floor":19,"gold_loss":0},{"damage_healed":0,"gold_gain":0,"player_choice":"Copied","damage_taken":0,"max_hp_gain":0,"max_hp_loss":0,"event_name":"Duplicator","floor":27,"gold_loss":0,"cards_obtained":["Juggernaut"]},{"damage_healed":0,"gold_gain":0,"player_choice":"Gave Potion","damage_taken":0,"relics_obtained":["Smiling Mask"],"max_hp_gain":0,"max_hp_loss":0,"event_name":"WeMeetAgain","floor":29,"gold_loss":0}],"is_beta":false,"boss_relics":[{"not_picked":["Astrolabe","Black Star"],"picked":"White Beast Statue"}],"items_purged_floors":[30],"is_endless":false,"potions_floor_spawned":[1,5,10,18,20,22,25,31],"killed_by":"Collector","ascension_level":3}