{"gold_per_floor":[113,131,131,11,28,28,45,60,60,24,41,41,41,61,61,162,162,180,279,279,289,364,364,374,385,385,400,149,149,165,185,185,290,290,301,321,47,61,74,74,90,90,90,90,0,30,30,48,48,48],"floor_reached":50,"playtime":4376,"items_purged":["Strike_B","Defend_B","Zap"],"score":777,"play_id":"148a6ebc-2c94-4048-bac2-797fd05a67c7","local_time":"20190120000201","is_ascension_mode":true,"campfire_choices":[{"data":"Dualcast","floor":6.0,"key":"SMITH"},{"floor":12.0,"key":"REST"},{"floor":15.0,"key":"REST"},{"floor":23.0,"key":"REST"},{"floor":32.0,"key":"REST"},{"floor":40,"key":"REST"},{"floor":42,"key":"REST"},{"floor":44,"key":"REST"},{"floor":47,"key":"REST"},{"floor":49,"key":"REST"}],"neow_cost":"PERCENT_DAMAGE","seed_source_timestamp":101855555675492,"circlet_count":0,"master_deck":["AscendersBane","Dualcast+1","Gash","Gash","Doom and Gloom","All For One","Reprogram","FTL","Cold Snap","All For One","Hyperbeam+1","Melter+1","Gash+1","Glacier","BootSequence","Reinforced Body","FTL","Loop+1","Compile Driver","Creative AI","Sweeping Beam","Core Surge","Rainbow","Coolheaded","Scrape","Loop+1","Defragment+1","Leap+1"],"special_seed":0,"relics":["Cracked Core","Darkstone Periapt","Pen Nib","Astrolabe","Pocketwatch","Potion Belt","Pandora\u0027s Box","Bronze Scales","Singing Bowl","Red Mask","Symbiotic Virus"],"potions_floor_usage":[46,50,50],"damage_taken":[{"damage":7.0,"enemies":"Jaw Worm","floor":1.0,"turns":3.0},{"damage":10.0,"enemies":"Cultist","floor":2.0,"turns":4.0},{"damage":3.0,"enemies":"2 Louse","floor":5.0,"turns":3.0},{"damage":6.0,"enemies":"Blue Slaver","floor":7.0,"turns":3.0},{"damage":10.0,"enemies":"Gremlin Gang","floor":8.0,"turns":3.0},{"damage":0.0,"enemies":"Large Slime","floor":11.0,"turns":3.0},{"damage":6.0,"enemies":"Exordium Thugs","floor":14.0,"turns":2.0},{"damage":48.0,"enemies":"The Guardian","floor":16.0,"turns":7.0},{"damage":6.0,"enemies":"3 Byrds","floor":18.0,"turns":3.0},{"damage":13.0,"enemies":"2 Thieves","floor":21.0,"turns":3.0},{"damage":48.0,"enemies":"Centurion and Healer","floor":24.0,"turns":5.0},{"damage":0.0,"enemies":"Sentry and Sphere","floor":25.0,"turns":2.0},{"damage":0.0,"enemies":"3 Cultists","floor":27.0,"turns":3.0},{"damage":18.0,"enemies":"Snake Plant","floor":30.0,"turns":5.0},{"damage":2.0,"enemies":"Centurion and Healer","floor":31.0,"turns":4.0},{"damage":15.0,"enemies":"Champ","floor":33.0,"turns":7.0},{"damage":13.0,"enemies":"3 Shapes","floor":35.0,"turns":3.0},{"damage":0.0,"enemies":"3 Darklings","floor":36.0,"turns":2.0},{"damage":7,"enemies":"Sphere and 2 Shapes","floor":38,"turns":3},{"damage":16,"enemies":"Spire Growth","floor":39,"turns":3},{"damage":30,"enemies":"4 Shapes","floor":41,"turns":4},{"damage":74,"enemies":"Reptomancer","floor":46,"turns":8},{"damage":26,"enemies":"Sphere and 2 Shapes","floor":48,"turns":4},{"damage":38,"enemies":"Donu and Deca","floor":50,"turns":4}],"seed_played":"-4056990444196037047","potions_obtained":[{"floor":2.0,"key":"Block Potion"},{"floor":11.0,"key":"Dexterity Potion"},{"floor":16.0,"key":"FocusPotion"},{"floor":30.0,"key":"PowerPotion"},{"floor":33.0,"key":"Explosive Potion"},{"floor":41,"key":"Ancient Potion"},{"floor":48,"key":"Ancient Potion"}],"is_trial":false,"path_per_floor":["M","M","?","$","M","R","M","M","T","$","M","R","T","M","R","B",null,"M","?","?","M","?","R","M","M","T","M","$","?","M","M","R","B",null,"M","M","$","M","M","R","M","R","T","R","?","E","R","M","R","B"],"character_chosen":"DEFECT","items_purchased":["Gash","Reprogram","Potion Belt","Bronze Scales"],"campfire_rested":9,"item_purchase_floors":[4,10,28,37],"current_hp_per_floor":[57,47,47,47,44,44,38,28,28,28,28,54,54,48,74,26,73,67,67,67,54,46,72,24,24,24,24,24,24,6,4,30,15,71,58,58,58,51,35,61,31,57,57,83,83,9,35,11,38,0],"gold":48,"neow_bonus":"TWENTY_PERCENT_HP_BONUS","is_prod":false,"is_daily":false,"chose_seed":false,"campfire_upgraded":1,"win_rate":0,"timestamp":1547960521,"path_taken":["M","M","?","$","?","R","M","M","T","$","M","R","?","M","R","BOSS","M","?","?","M","?","R","?","M","T","M","$","?","M","M","R","BOSS","M","M","$","M","M","R","M","R","T","R","?","E","R","M","R","BOSS"],"build_version":"2019-01-17v2","purchased_purges":3,"victory":false,"max_hp_per_floor":[89,89,89,89,89,89,89,89,89,89,89,89,89,89,89,89,89,89,89,89,89,89,89,89,89,89,89,89,89,89,89,89,89,89,89,89,89,89,89,89,89,89,89,89,89,89,89,91,91,91],"card_choices":[{"not_picked":["Stack","Streamline","Rebound"],"picked":"SKIP","floor":1.0},{"not_picked":["Cold Snap","Stack"],"picked":"Gash","floor":2.0},{"not_picked":["Genetic Algorithm","Sunder","Redo"],"picked":"SKIP","floor":5.0},{"not_picked":["Conserve Battery","Steam"],"picked":"Doom and Gloom","floor":7.0},{"not_picked":["Lockon","Stack"],"picked":"All For One","floor":8.0},{"not_picked":["Chaos","Reinforced Body"],"picked":"FTL","floor":11.0},{"not_picked":["Beam Cell","Turbo"],"picked":"Cold Snap","floor":14.0},{"not_picked":["Meteor Strike","Fission"],"picked":"All For One","floor":16.0},{"not_picked":["Recycle","Hologram+1"],"picked":"Glacier","floor":18.0},{"not_picked":["Reinforced Body","Auto Shields+1","Sweeping Beam"],"picked":"SKIP","floor":21.0},{"not_picked":["Steam","Compile Driver"],"picked":"Reinforced Body","floor":24.0},{"not_picked":["Cold Snap","Barrage"],"picked":"FTL","floor":25.0},{"not_picked":["Skim+1","Go for the Eyes+1"],"picked":"Loop+1","floor":27.0},{"not_picked":["Gash","Redo+1","Turbo+1"],"picked":"SKIP","floor":30.0},{"not_picked":["Consume","Compile Driver","Rebound"],"picked":"SKIP","floor":31.0},{"not_picked":["Consume","Rebound"],"picked":"Compile Driver","floor":31.0},{"not_picked":["Meteor Strike","Amplify"],"picked":"Creative AI","floor":33.0},{"not_picked":["Steam","Redo"],"picked":"Coolheaded","floor":35.0},{"not_picked":["Redo+1","Ball Lightning"],"picked":"Scrape","floor":36},{"not_picked":["Tempest","Sweeping Beam","Rip and Tear"],"picked":"SKIP","floor":38},{"not_picked":["White Noise","Streamline"],"picked":"Loop+1","floor":39},{"not_picked":["Steam Power","Barrage"],"picked":"Defragment+1","floor":41},{"not_picked":["Force Field","Defragment+1"],"picked":"Leap+1","floor":46},{"not_picked":["Rebound","Beam Cell","Steam"],"picked":"Singing Bowl","floor":48}],"player_experience":444624,"relics_obtained":[{"floor":9.0,"key":"Darkstone Periapt"},{"floor":13.0,"key":"Pen Nib"},{"floor":26.0,"key":"Pocketwatch"},{"floor":43,"key":"Singing Bowl"},{"floor":46,"key":"Symbiotic Virus"}],"event_choices":[{"damage_healed":0.0,"max_hp_gain":0.0,"max_hp_loss":0.0,"gold_gain":0.0,"event_name":"The Woman in Blue","player_choice":"Bought 0 Potions","floor":3.0,"gold_loss":0.0,"damage_taken":0.0},{"damage_healed":0.0,"max_hp_gain":0.0,"max_hp_loss":0.0,"gold_gain":99.0,"event_name":"Nest","player_choice":"Stole From Cult","floor":19.0,"gold_loss":0.0,"damage_taken":0.0},{"damage_healed":0.0,"max_hp_gain":0.0,"max_hp_loss":0.0,"gold_gain":0.0,"event_name":"The Library","player_choice":"Read","floor":20.0,"gold_loss":0.0,"damage_taken":0.0,"cards_obtained":["BootSequence"]},{"damage_healed":0.0,"max_hp_gain":0.0,"max_hp_loss":0.0,"gold_gain":75.0,"event_name":"FaceTrader","player_choice":"Touch","floor":22.0,"gold_loss":0.0,"damage_taken":8.0},{"damage_healed":0.0,"max_hp_gain":0.0,"max_hp_loss":0.0,"gold_gain":0.0,"event_name":"Cursed Tome","player_choice":"Ignored","floor":29.0,"gold_loss":0.0,"damage_taken":0.0},{"damage_healed":0,"gold_gain":0,"player_choice":"Paid","damage_taken":0,"relics_obtained":["Red Mask"],"max_hp_gain":0,"max_hp_loss":0,"event_name":"Tomb of Lord Red Mask","floor":45,"gold_loss":90}],"is_beta":false,"boss_relics":[{"not_picked":["Snecko Eye","Ectoplasm"],"picked":"Astrolabe"},{"not_picked":["Black Star","Coffee Dripper"],"picked":"Pandora\u0027s Box"}],"items_purged_floors":[4,28,37],"is_endless":false,"potions_floor_spawned":[2,11,16,24,27,30,33,41,48],"killed_by":"Donu and Deca","ascension_level":12}