{"gold_per_floor":[111,111,130,149,168,168,168,168,168,245,256,273,303,140,140,216,216,231,47,47,47,47,80,80,98,121,121,36,50,62,80,80,157,157,168,168,183,58,70,70,70],"floor_reached":41,"playtime":1709,"items_purged":["Strike_G","Defend_G","Strike_G"],"score":976,"play_id":"a040efd5-ff88-494a-ae46-8a58e5cba761","local_time":"20190319010043","is_ascension_mode":true,"campfire_choices":[{"data":"Setup","floor":6,"key":"SMITH"},{"data":"Bouncing Flask","floor":8,"key":"SMITH"},{"data":"Neutralize","floor":15,"key":"SMITH"},{"data":"After Image","floor":24,"key":"SMITH"},{"floor":27,"key":"REST"},{"floor":32,"key":"REST"},{"floor":40,"key":"RECALL"}],"neow_cost":"PERCENT_DAMAGE","seed_source_timestamp":434993995902900,"circlet_count":0,"master_deck":["AscendersBane","Defend_G","Defend_G","Defend_G","Strike_G","Strike_G","Strike_G","Survivor","Neutralize+1","Dash","Setup+1","Bouncing Flask+1","Concentrate","Deflect+1","Concentrate+1","After Image+1","Crippling Poison+1","After Image","Purity+1","Madness+1","Good Instincts+1","Expertise+1"],"relics":["Ring of the Snake","Unceasing Top","Letter Opener","Toxic Egg 2","Ornamental Fan","Lizard Tail","Du-Vu Doll","Regal Pillow","Boot","Fusion Hammer"],"potions_floor_usage":[13,16,18,23,30,41,41,41,41],"damage_taken":[{"damage":6,"enemies":"Small Slimes","floor":1,"turns":5},{"damage":0,"enemies":"Cultist","floor":3,"turns":4},{"damage":0,"enemies":"Jaw Worm","floor":4,"turns":4},{"damage":4,"enemies":"3 Louse","floor":5,"turns":4},{"damage":1,"enemies":"Large Slime","floor":11,"turns":5},{"damage":0,"enemies":"2 Fungi Beasts","floor":12,"turns":2},{"damage":0,"enemies":"Lagavulin","floor":13,"turns":5},{"damage":5,"enemies":"Hexaghost","floor":16,"turns":6},{"damage":26,"enemies":"Chosen","floor":18,"turns":7},{"damage":18,"enemies":"Slavers","floor":23,"turns":5},{"damage":8,"enemies":"2 Thieves","floor":25,"turns":3},{"damage":0,"enemies":"Centurion and Healer","floor":29,"turns":5},{"damage":17,"enemies":"Cultist and Chosen","floor":30,"turns":5},{"damage":9,"enemies":"Snake Plant","floor":31,"turns":4},{"damage":36,"enemies":"Collector","floor":33,"turns":8},{"damage":0,"enemies":"Orb Walker","floor":35,"turns":4},{"damage":5,"enemies":"3 Darklings","floor":37,"turns":3},{"damage":0,"enemies":"Transient","floor":39,"turns":6},{"damage":47,"enemies":"Nemesis","floor":41,"turns":7}],"seed_played":"-8452798371807727836","potions_obtained":[{"floor":5,"key":"SkillPotion"},{"floor":12,"key":"Poison Potion"},{"floor":13,"key":"Weak Potion"},{"floor":16,"key":"SpeedPotion"},{"floor":29,"key":"Block Potion"},{"floor":31,"key":"Strength Potion"},{"floor":35,"key":"EntropicBrew"}],"is_trial":false,"path_per_floor":["M","?","M","M","M","R","?","R","T","T","M","M","E","$","R","B",null,"M","$","?","?","?","E","R","M","T","R","?","M","M","M","R","B",null,"M","?","M","$","M","R","E"],"character_chosen":"THE_SILENT","items_purchased":["Concentrate+1","Crippling Poison+1"],"campfire_rested":2,"item_purchase_floors":[14,19],"current_hp_per_floor":[38,38,38,38,34,34,34,34,34,34,33,33,33,33,33,28,57,31,31,13,13,13,35,35,27,27,63,63,63,46,37,71,35,62,62,52,47,47,47,47,0],"gold":70,"neow_bonus":"ONE_RARE_RELIC","is_prod":false,"is_daily":false,"chose_seed":false,"campfire_upgraded":4,"win_rate":0,"timestamp":1552924843,"path_taken":["M","?","M","M","?","R","?","R","T","?","M","M","E","$","R","BOSS","M","$","?","?","?","E","R","M","T","R","?","M","M","M","R","BOSS","M","?","M","$","M","R","E"],"build_version":"2019-01-23","purchased_purges":3,"victory":false,"max_hp_per_floor":[66,66,66,66,66,66,66,66,66,66,66,66,66,66,66,66,66,66,66,71,71,71,71,71,71,71,71,71,71,71,71,71,71,71,71,71,71,71,71,71,71],"card_choices":[{"not_picked":["Dodge and Roll","Acrobatics"],"picked":"Dash","floor":1},{"not_picked":["Cloak And Dagger","Dagger Spray"],"picked":"Setup","floor":3},{"not_picked":["Sucker Punch","PiercingWail"],"picked":"Bouncing Flask","floor":4},{"not_picked":["Well Laid Plans","Bane"],"picked":"Concentrate","floor":5},{"not_picked":["Cloak And Dagger+1","Quick Slash","Flying Knee"],"picked":"SKIP","floor":11},{"not_picked":["Quick Slash","Blade Dance+1"],"picked":"Deflect+1","floor":12},{"not_picked":["Bane","Acrobatics+1","Deadly Poison+1"],"picked":"SKIP","floor":13},{"not_picked":["Doppelganger+1","Unload"],"picked":"After Image","floor":16},{"not_picked":["Dagger Spray","Blade Dance+1","Sucker Punch+1"],"picked":"SKIP","floor":18},{"not_picked":["Masterful Stab","Dagger Throw","Bouncing Flask+1"],"picked":"SKIP","floor":23},{"not_picked":["Setup+1","Poisoned Stab+1","Blade Dance+1"],"picked":"SKIP","floor":25},{"not_picked":["Cloak And Dagger+1","Bullet Time+1","Backflip+1"],"picked":"SKIP","floor":29},{"not_picked":["Dagger Spray","Dodge and Roll+1","Choke"],"picked":"SKIP","floor":30},{"not_picked":["Heel Hook","Cloak And Dagger+1","Slice"],"picked":"SKIP","floor":31},{"not_picked":["Malaise+1","Storm of Steel+1"],"picked":"After Image","floor":33},{"not_picked":["Infinite Blades","PiercingWail+1","Acrobatics+1"],"picked":"SKIP","floor":35},{"not_picked":["Deep Breath+1","Apotheosis+1"],"picked":"Purity+1","floor":36},{"not_picked":["PanicButton+1","Finesse+1"],"picked":"Madness+1","floor":36},{"not_picked":["Violence+1","Deep Breath+1"],"picked":"Good Instincts+1","floor":36},{"not_picked":["Catalyst+1","Setup+1"],"picked":"Expertise+1","floor":37},{"not_picked":["Quick Slash+1","Backstab+1","Setup+1"],"picked":"SKIP","floor":39}],"player_experience":4563470,"relics_obtained":[{"floor":9,"key":"Letter Opener"},{"floor":10,"key":"Toxic Egg 2"},{"floor":13,"key":"Ornamental Fan"},{"floor":23,"key":"Du-Vu Doll"},{"floor":26,"key":"Regal Pillow"}],"event_choices":[{"cards_removed":["Defend_G"],"damage_healed":0,"gold_gain":0,"player_choice":"Offered Basic","damage_taken":0,"max_hp_gain":0,"max_hp_loss":0,"event_name":"Bonfire Elementals","floor":2,"gold_loss":0},{"damage_healed":0,"gold_gain":0,"player_choice":"Ignored","damage_taken":0,"max_hp_gain":0,"max_hp_loss":0,"event_name":"Golden Idol","floor":7,"gold_loss":0},{"damage_healed":0,"gold_gain":0,"player_choice":"Shed Blood","damage_taken":23,"max_hp_gain":5,"max_hp_loss":0,"event_name":"Forgotten Altar","floor":20,"gold_loss":0},{"damage_healed":0,"gold_gain":0,"player_choice":"Ignored","damage_taken":0,"max_hp_gain":0,"max_hp_loss":0,"event_name":"Cursed Tome","floor":21,"gold_loss":0},{"damage_healed":0,"gold_gain":0,"player_choice":"Ignored","damage_taken":0,"max_hp_gain":0,"max_hp_loss":0,"event_name":"Beggar","floor":22,"gold_loss":0},{"damage_healed":0,"gold_gain":0,"player_choice":"Obtained Relic","damage_taken":0,"relics_obtained":["Boot"],"max_hp_gain":0,"max_hp_loss":0,"event_name":"Addict","floor":28,"gold_loss":85},{"damage_healed":0,"gold_gain":0,"player_choice":"Memory 3","damage_taken":10,"max_hp_gain":0,"max_hp_loss":0,"event_name":"SensoryStone","floor":36,"gold_loss":0}],"is_beta":false,"boss_relics":[{"not_picked":["Ectoplasm","Ring of the Serpent"],"picked":"Lizard Tail"},{"not_picked":["Velvet Choker","WristBlade"],"picked":"Fusion Hammer"}],"items_purged_floors":[14,19,38],"is_endless":false,"potions_floor_spawned":[5,12,13,16,29,31,35,37],"killed_by":"Nemesis","ascension_level":20}