{"gold_per_floor":[117,128,53,1,1,1,27,27,106,106,133,133,149,168,168,240,240,259,259,259,259,271,271],"floor_reached":23,"playtime":863,"items_purged":[],"score":433,"play_id":"b4d689a4-94ae-4eaa-86de-c64039f7a4c4","local_time":"20190320223329","is_ascension_mode":true,"campfire_choices":[{"data":"Armaments","floor":6.0,"key":"SMITH"},{"data":"Infernal Blade","floor":8.0,"key":"SMITH"},{"data":"Bash","floor":10.0,"key":"SMITH"},{"floor":15.0,"key":"REST"}],"neow_cost":"NONE","seed_source_timestamp":520271607807843,"circlet_count":0,"master_deck":["AscendersBane","Strike_R","Strike_R","Strike_R","Strike_R","Defend_R","Defend_R","Defend_R","Defend_R","Bash+1","Infernal Blade+1","Anger","Armaments+1","Reaper","Pommel Strike","Heavy Blade","Dark Embrace","Iron Wave","Sever Soul","Immolate","Headbutt+1","Decay","Writhe","Pain"],"special_seed":0,"relics":["Burning Blood","NeowsBlessing","Magic Flower","Bottled Lightning","Happy Flower","Mark of Pain","Anchor","WarpedTongs"],"potions_floor_usage":[23],"damage_taken":[{"damage":0.0,"enemies":"Jaw Worm","floor":1.0,"turns":1.0},{"damage":0.0,"enemies":"Small Slimes","floor":2.0,"turns":1.0},{"damage":0.0,"enemies":"Gremlin Nob","floor":7.0,"turns":1.0},{"damage":60.0,"enemies":"3 Sentries","floor":11.0,"turns":12.0},{"damage":1.0,"enemies":"Cultist","floor":13.0,"turns":3.0},{"damage":14.0,"enemies":"Exordium Thugs","floor":14.0,"turns":2.0},{"damage":61,"enemies":"Slime Boss","floor":16,"turns":9},{"damage":42,"enemies":"Shell Parasite","floor":18,"turns":4},{"damage":9,"enemies":"3 Byrds","floor":22,"turns":4},{"damage":60,"enemies":"Slavers","floor":23,"turns":6}],"seed_played":"-8409785843638090222","potions_obtained":[{"floor":11.0,"key":"SpeedPotion"},{"floor":16,"key":"Energy Potion"}],"is_trial":false,"path_per_floor":["M","M","?","$","?","R","E","R","T","R","E","?","M","M","R","B",null,"M","?","?","?","M","E"],"character_chosen":"IRONCLAD","items_purchased":["Armaments"],"campfire_rested":1,"item_purchase_floors":[4],"current_hp_per_floor":[74,75,75,75,80,80,80,80,80,80,40,40,48,43,67,15,64,31,31,31,31,40,0],"gold":271,"neow_bonus":"THREE_ENEMY_KILL","is_prod":false,"is_daily":false,"chose_seed":false,"campfire_upgraded":3,"win_rate":0,"timestamp":1553088809,"path_taken":["M","M","?","$","?","R","E","R","T","R","E","?","?","M","R","BOSS","M","?","?","?","M","E"],"build_version":"2019-01-23","purchased_purges":0,"victory":false,"max_hp_per_floor":[75,75,75,75,80,80,80,80,80,80,80,80,80,80,80,80,80,80,80,80,80,80,80],"card_choices":[{"not_picked":["Warcry","Iron Wave"],"picked":"Infernal Blade","floor":1.0},{"not_picked":["Wild Strike","Iron Wave"],"picked":"Anger","floor":2.0},{"not_picked":["Sever Soul","Clothesline"],"picked":"Reaper","floor":7.0},{"not_picked":["Clash","Perfected Strike"],"picked":"Pommel Strike","floor":11.0},{"not_picked":["Body Slam","Thunderclap"],"picked":"Iron Wave","floor":13.0},{"not_picked":["Warcry","Brutality"],"picked":"Sever Soul","floor":14.0},{"not_picked":["Impervious","Brutality"],"picked":"Immolate","floor":16},{"not_picked":["Dropkick","Iron Wave"],"picked":"Headbutt+1","floor":18},{"not_picked":["Havoc","Combust","Anger"],"picked":"SKIP","floor":22}],"player_experience":375162,"relics_obtained":[{"floor":7.0,"key":"Magic Flower"},{"floor":9.0,"key":"Bottled Lightning"},{"floor":11.0,"key":"Happy Flower"}],"event_choices":[{"cards_removed":["Strike_R"],"damage_healed":0.0,"max_hp_gain":0.0,"max_hp_loss":0.0,"gold_gain":0.0,"event_name":"The Cleric","player_choice":"Card Removal","floor":3.0,"gold_loss":75.0,"damage_taken":0.0},{"damage_healed":0.0,"max_hp_gain":5.0,"max_hp_loss":0.0,"gold_gain":0.0,"event_name":"Big Fish","player_choice":"Donut","floor":5.0,"gold_loss":0.0,"damage_taken":0.0},{"damage_healed":0.0,"max_hp_gain":0.0,"max_hp_loss":0.0,"gold_gain":0.0,"event_name":"Match and Keep!","player_choice":"2 cards matched","floor":12.0,"gold_loss":0.0,"damage_taken":0.0,"cards_obtained":["Heavy Blade","Dark Embrace"]},{"damage_healed":0,"gold_gain":0,"player_choice":"Smashed Altar","damage_taken":0,"max_hp_gain":0,"max_hp_loss":0,"event_name":"Forgotten Altar","floor":19,"gold_loss":0,"cards_obtained":["Decay"]},{"damage_healed":0,"gold_gain":0,"player_choice":"Opened","damage_taken":0,"relics_obtained":["Anchor"],"max_hp_gain":0,"max_hp_loss":0,"event_name":"The Mausoleum","floor":20,"gold_loss":0,"cards_obtained":["Writhe"]},{"damage_healed":0,"gold_gain":0,"player_choice":"Rummage","damage_taken":0,"relics_obtained":["WarpedTongs"],"max_hp_gain":0,"max_hp_loss":0,"event_name":"Accursed Blacksmith","floor":21,"gold_loss":0,"cards_obtained":["Pain"]}],"is_beta":false,"boss_relics":[{"not_picked":["Orrery","White Beast Statue"],"picked":"Mark of Pain"}],"items_purged_floors":[],"is_endless":false,"potions_floor_spawned":[11,16],"killed_by":"Slavers","ascension_level":19}