{"gold_per_floor":[119,119,133,133,83,115,115,149,175,175,187,206,206,51,51,155,155,140,140,156,56,75,75,100,100,100,100,120,120,137,137],"floor_reached":31,"playtime":2174,"items_purged":["Parasite","Strike_B"],"score":446,"play_id":"58191892-6c65-4a12-875f-bdf4798a5f54","local_time":"20190119214959","is_ascension_mode":true,"campfire_choices":[{"data":"Capacitor","floor":7.0,"key":"SMITH"},{"floor":10.0,"key":"REST"},{"data":"Consume","floor":15.0,"key":"SMITH"},{"floor":23.0,"key":"REST"},{"floor":25.0,"key":"REST"},{"data":"Coolheaded","floor":27.0,"key":"SMITH"}],"neow_cost":"NONE","seed_source_timestamp":96089790909803,"circlet_count":0,"master_deck":["AscendersBane","Strike_B","Strike_B+1","Defend_B","Defend_B","Defend_B","Zap","Dualcast","Capacitor+1","Ball Lightning+1","Consume+1","Glacier","Cold Snap","Conserve Battery","FTL","Reboot","Leap","Coolheaded+1","Chaos+1","Self Repair","Hologram"],"special_seed":0,"relics":["Cracked Core","NeowsBlessing","Dream Catcher","Ornamental Fan","Whetstone","Inserter","DataDisk","Incense Burner"],"potions_floor_usage":[30,30],"damage_taken":[{"damage":0.0,"enemies":"Jaw Worm","floor":1.0,"turns":1.0},{"damage":0.0,"enemies":"Small Slimes","floor":3.0,"turns":1.0},{"damage":0.0,"enemies":"Lagavulin","floor":6.0,"turns":1.0},{"damage":44.0,"enemies":"Gremlin Nob","floor":8.0,"turns":5.0},{"damage":0.0,"enemies":"2 Louse","floor":11.0,"turns":2.0},{"damage":17.0,"enemies":"2 Fungi Beasts","floor":12.0,"turns":3.0},{"damage":13.0,"enemies":"Slime Boss","floor":16.0,"turns":8.0},{"damage":27.0,"enemies":"2 Thieves","floor":18.0,"turns":4.0},{"damage":11.0,"enemies":"Chosen","floor":20.0,"turns":5.0},{"damage":11.0,"enemies":"Centurion and Healer","floor":22.0,"turns":9.0},{"damage":14.0,"enemies":"Book of Stabbing","floor":24.0,"turns":7.0},{"damage":13.0,"enemies":"Snake Plant","floor":28.0,"turns":3.0},{"damage":29,"enemies":"Colosseum Slavers","floor":29,"turns":5},{"damage":0,"enemies":"Chosen and Byrds","floor":30,"turns":6},{"damage":20,"enemies":"Slavers","floor":31,"turns":1}],"seed_played":"-2924235586551452749","potions_obtained":[{"floor":6.0,"key":"FocusPotion"},{"floor":8.0,"key":"Regen Potion"},{"floor":22.0,"key":"Fire Potion"},{"floor":24.0,"key":"SteroidPotion"},{"floor":28.0,"key":"LiquidBronze"}],"is_trial":false,"path_per_floor":["M","?","M","?","?","E","R","E","T","R","M","M","?","$","R","B",null,"M","?","M","$","M","R","E","R","T","R","M","?","M","E"],"character_chosen":"DEFECT","items_purchased":["FTL"],"campfire_rested":3,"item_purchase_floors":[14],"current_hp_per_floor":[68,68,68,61,61,61,61,17,17,39,39,22,40,40,40,42,65,38,38,27,27,16,37,23,44,44,44,31,9,16,0],"gold":137,"neow_bonus":"THREE_ENEMY_KILL","is_prod":false,"is_daily":false,"chose_seed":false,"campfire_upgraded":3,"win_rate":0,"timestamp":1547952599,"path_taken":["M","?","M","?","?","E","R","E","T","R","M","M","?","$","R","BOSS","M","?","M","$","M","R","E","R","T","R","M","?","M","E"],"build_version":"2019-01-17v2","purchased_purges":2,"victory":false,"max_hp_per_floor":[75,75,75,75,75,75,75,75,75,75,75,75,75,72,72,72,72,72,72,72,72,72,72,72,72,72,72,72,72,72,72],"card_choices":[{"not_picked":["Ball Lightning","Reprogram"],"picked":"Capacitor","floor":1.0},{"not_picked":["Streamline","Compile Driver"],"picked":"Ball Lightning","floor":3.0},{"not_picked":["Rebound","Gash"],"picked":"Consume","floor":6.0},{"not_picked":["Heatsinks","Darkness"],"picked":"Glacier","floor":8.0},{"not_picked":["Ball Lightning","Capacitor"],"picked":"Cold Snap","floor":10.0},{"not_picked":["Heatsinks","Sweeping Beam","Force Field"],"picked":"SKIP","floor":11.0},{"not_picked":["Fusion","Recycle"],"picked":"Conserve Battery","floor":12.0},{"not_picked":["Seek","Meteor Strike"],"picked":"Reboot","floor":16.0},{"not_picked":["Gash","Cold Snap"],"picked":"Leap","floor":18.0},{"not_picked":["Tempest","Barrage"],"picked":"Coolheaded","floor":20.0},{"not_picked":["Reprogram","Stack+1","Compile Driver"],"picked":"SKIP","floor":22.0},{"not_picked":["Go for the Eyes","Stack"],"picked":"Chaos+1","floor":23.0},{"not_picked":["Chaos","Sweeping Beam","FTL"],"picked":"SKIP","floor":24.0},{"not_picked":["Creative AI","Steam"],"picked":"Self Repair","floor":28.0},{"not_picked":["Beam Cell","Ball Lightning+1"],"picked":"Hologram","floor":30}],"player_experience":439328,"relics_obtained":[{"floor":6.0,"key":"Dream Catcher"},{"floor":8.0,"key":"Ornamental Fan"},{"floor":9.0,"key":"Whetstone"},{"floor":24.0,"key":"DataDisk"},{"floor":26.0,"key":"Incense Burner"}],"event_choices":[{"damage_healed":0.0,"max_hp_gain":0.0,"max_hp_loss":0.0,"gold_gain":0.0,"event_name":"Liars Game","player_choice":"Ignored","floor":2.0,"gold_loss":0.0,"damage_taken":0.0},{"cards_removed":["Strike_B"],"damage_healed":0.0,"max_hp_gain":0.0,"max_hp_loss":0.0,"gold_gain":0.0,"event_name":"Golden Wing","player_choice":"Card Removal","floor":4.0,"gold_loss":0.0,"damage_taken":7.0},{"cards_removed":["Defend_B"],"damage_healed":0.0,"max_hp_gain":0.0,"max_hp_loss":0.0,"gold_gain":0.0,"event_name":"The Cleric","player_choice":"Card Removal","floor":5.0,"gold_loss":50.0,"damage_taken":0.0},{"damage_healed":18.0,"max_hp_gain":0.0,"max_hp_loss":0.0,"gold_gain":0.0,"event_name":"Mushrooms","player_choice":"Healed and dodged fight","floor":13.0,"gold_loss":0.0,"damage_taken":0.0,"cards_obtained":["Parasite"]},{"damage_healed":0.0,"max_hp_gain":0.0,"max_hp_loss":0.0,"gold_gain":0.0,"event_name":"Vampires","player_choice":"Ignored","floor":19.0,"gold_loss":0.0,"damage_taken":0.0},{"damage_healed":0,"gold_gain":0,"player_choice":"Fight","damage_taken":0,"max_hp_gain":0,"max_hp_loss":0,"event_name":"Colosseum","floor":29,"gold_loss":0},{"damage_healed":0,"gold_gain":0,"player_choice":"Fled From Nobs","damage_taken":0,"max_hp_gain":0,"max_hp_loss":0,"event_name":"Colosseum","floor":29,"gold_loss":0}],"is_beta":false,"boss_relics":[{"not_picked":["Calling Bell","White Beast Statue"],"picked":"Inserter"}],"items_purged_floors":[14,21],"is_endless":false,"potions_floor_spawned":[6,8,12,22,24,28,29],"killed_by":"Slavers","ascension_level":11}