{"gold_per_floor":[113,127,77,91,241,273,330,330,354,354,354,253,253,266,266,345,345,357,282,197,212,212,212,232,232,286,286,69,80,91,15,15,87,87,100,120,140,50,50],"floor_reached":39,"playtime":1720,"items_purged":["Doubt","Strike_B"],"score":720,"play_id":"1ff0fd34-715d-4ebe-8e3e-04f2b09f2f7f","local_time":"20190316225442","is_ascension_mode":true,"campfire_choices":[{"floor":8.0,"key":"REST"},{"floor":11.0,"key":"DIG"},{"floor":13.0,"key":"DIG"},{"floor":15.0,"key":"REST"},{"floor":23.0,"key":"DIG"},{"floor":25.0,"key":"REST"},{"floor":27.0,"key":"REST"},{"floor":32.0,"key":"REST"}],"neow_cost":"NONE","seed_source_timestamp":127318509552205,"circlet_count":0,"master_deck":["AscendersBane","Strike_B","Strike_B","Defend_B","Defend_B","Defend_B","Defend_B+1","Zap+1","Dualcast","Doom and Gloom","Beam Cell","Go for the Eyes","Conserve Battery","Coolheaded","Rebound","Go for the Eyes","Multi-Cast","Reboot","Turbo+1","Defragment","Conserve Battery","Double Energy","Turbo","Bandage Up","Conserve Battery","BootSequence","Beam Cell","Aggregate","Defragment"],"special_seed":0,"relics":["Cracked Core","NeowsBlessing","Ancient Tea Set","Shovel","Omamori","Centennial Puzzle","Symbiotic Virus","Runic Pyramid","Bag of Marbles","Dream Catcher","War Paint","Philosopher\u0027s Stone"],"potions_floor_usage":[39,39],"damage_taken":[{"damage":0.0,"enemies":"Cultist","floor":1.0,"turns":1.0},{"damage":0.0,"enemies":"Small Slimes","floor":2.0,"turns":1.0},{"damage":0.0,"enemies":"2 Louse","floor":4.0,"turns":1.0},{"damage":15.0,"enemies":"Lagavulin","floor":6.0,"turns":6.0},{"damage":39.0,"enemies":"3 Sentries","floor":7.0,"turns":12.0},{"damage":7.0,"enemies":"Exordium Wildlife","floor":14.0,"turns":2.0},{"damage":19.0,"enemies":"Hexaghost","floor":16.0,"turns":8.0},{"damage":16.0,"enemies":"3 Byrds","floor":18.0,"turns":5.0},{"damage":0.0,"enemies":"Chosen","floor":21.0,"turns":3.0},{"damage":30.0,"enemies":"Sentry and Sphere","floor":24.0,"turns":5.0},{"damage":33.0,"enemies":"Centurion and Healer","floor":29.0,"turns":11.0},{"damage":24.0,"enemies":"Chosen and Byrds","floor":30.0,"turns":5.0},{"damage":39.0,"enemies":"Champ","floor":33.0,"turns":8.0},{"damage":15.0,"enemies":"3 Darklings","floor":35.0,"turns":3.0},{"damage":12.0,"enemies":"Orb Walker","floor":36.0,"turns":3.0},{"damage":21.0,"enemies":"Sphere and 2 Shapes","floor":37.0,"turns":7.0},{"damage":22,"enemies":"Spire Growth","floor":39,"turns":3}],"seed_played":"-692925895693969189","potions_obtained":[{"floor":1.0,"key":"FairyPotion"},{"floor":4.0,"key":"Strength Potion"},{"floor":30.0,"key":"Explosive Potion"},{"floor":33.0,"key":"LiquidBronze"},{"floor":37.0,"key":"EssenceOfSteel"}],"is_trial":false,"path_per_floor":["M","M","$","M","?","E","?","R","T","?","R","$","R","M","R","B",null,"M","?","?","M","?","R","M","R","T","R","$","M","M","$","R","B",null,"M","M","M","$","M"],"character_chosen":"DEFECT","items_purchased":["Go for the Eyes","Go for the Eyes","Turbo","Bandage Up","BootSequence","Defragment"],"campfire_rested":5,"item_purchase_floors":[3,12,28,28,31,38],"current_hp_per_floor":[64,64,64,64,64,49,10,31,31,31,31,31,31,24,45,26,60,44,44,44,44,44,44,14,35,35,56,56,27,7,7,28,7,55,44,36,19,19,0],"gold":50,"neow_bonus":"THREE_ENEMY_KILL","is_prod":false,"is_daily":false,"chose_seed":false,"campfire_upgraded":0,"win_rate":0,"timestamp":1552791282,"path_taken":["M","?","?","M","?","E","?","R","T","?","R","$","R","M","R","BOSS","M","?","?","M","?","R","M","R","T","R","$","M","?","?","R","BOSS","M","M","M","$","M"],"build_version":"2019-01-23","purchased_purges":2,"victory":false,"max_hp_per_floor":[71,71,71,71,71,71,71,71,71,71,71,71,71,71,71,71,71,71,71,71,71,71,71,71,71,71,71,71,71,71,71,71,71,71,71,71,71,71,71],"card_choices":[{"not_picked":["Redo","Steam Power"],"picked":"Doom and Gloom","floor":1.0},{"not_picked":["Undo","Turbo"],"picked":"Beam Cell","floor":2.0},{"not_picked":["Redo","Ball Lightning"],"picked":"Conserve Battery","floor":4.0},{"not_picked":["Force Field","Turbo"],"picked":"Coolheaded","floor":6.0},{"not_picked":["Steam","Hello World"],"picked":"Rebound","floor":7.0},{"not_picked":["Ball Lightning","Fusion"],"picked":"Multi-Cast","floor":14.0},{"not_picked":["Multi-Cast","Meteor Strike"],"picked":"Reboot","floor":16.0},{"not_picked":["Ball Lightning","Reprogram"],"picked":"Turbo+1","floor":18.0},{"not_picked":["Stack","Chaos","Compile Driver"],"picked":"SKIP","floor":21.0},{"not_picked":["Compile Driver","Redo"],"picked":"Defragment","floor":24.0},{"not_picked":["Rebound","Streamline"],"picked":"Conserve Battery","floor":25.0},{"not_picked":["Barrage","Steam"],"picked":"Double Energy","floor":27.0},{"not_picked":["Hologram","Ball Lightning","Rebound"],"picked":"SKIP","floor":29.0},{"not_picked":["Streamline","Leap"],"picked":"Conserve Battery","floor":30.0},{"not_picked":["Auto Shields","Skim"],"picked":"Beam Cell","floor":32.0},{"not_picked":["Redo","Chaos"],"picked":"Aggregate","floor":35.0},{"not_picked":["Compile Driver","Darkness","Streamline"],"picked":"SKIP","floor":36.0},{"not_picked":["Streamline","Doom and Gloom+1","White Noise+1"],"picked":"SKIP","floor":37.0}],"player_experience":545366,"relics_obtained":[{"floor":6.0,"key":"Ancient Tea Set"},{"floor":7.0,"key":"Shovel"},{"floor":9.0,"key":"Omamori"},{"floor":11.0,"key":"Centennial Puzzle"},{"floor":13.0,"key":"Symbiotic Virus"},{"floor":23.0,"key":"Dream Catcher"},{"floor":26.0,"key":"War Paint"}],"event_choices":[{"damage_healed":0.0,"max_hp_gain":0.0,"max_hp_loss":0.0,"gold_gain":150.0,"event_name":"Liars Game","player_choice":"AGREE","floor":5.0,"gold_loss":0.0,"damage_taken":0.0,"cards_obtained":["Doubt"]},{"damage_healed":0.0,"max_hp_gain":0.0,"max_hp_loss":0.0,"gold_gain":0.0,"event_name":"Dead Adventurer","player_choice":"Searched \u00272\u0027 times","floor":7.0,"gold_loss":0.0,"damage_taken":0.0},{"damage_healed":0.0,"max_hp_gain":0.0,"max_hp_loss":0.0,"gold_gain":0.0,"event_name":"Shining Light","player_choice":"Ignored","floor":10.0,"gold_loss":0.0,"damage_taken":0.0},{"cards_removed":["Strike_B"],"damage_healed":0.0,"max_hp_gain":0.0,"max_hp_loss":0.0,"gold_gain":0.0,"event_name":"Beggar","player_choice":"Gave Gold","floor":19.0,"gold_loss":75.0,"damage_taken":0.0},{"damage_healed":0.0,"max_hp_gain":0.0,"max_hp_loss":0.0,"gold_gain":0.0,"event_name":"Addict","player_choice":"Obtained Relic","floor":20.0,"gold_loss":85.0,"damage_taken":0.0,"relics_obtained":["Bag of Marbles"]},{"damage_healed":0.0,"max_hp_gain":0.0,"max_hp_loss":0.0,"gold_gain":0.0,"event_name":"Ghosts","player_choice":"Ignored","floor":22.0,"gold_loss":0.0,"damage_taken":0.0}],"is_beta":false,"boss_relics":[{"not_picked":["Cursed Key","Fusion Hammer"],"picked":"Runic Pyramid"},{"not_picked":["Black Star","Inserter"],"picked":"Philosopher\u0027s Stone"}],"items_purged_floors":[12,28],"is_endless":false,"potions_floor_spawned":[1,4,6,30,33,37],"killed_by":"Spire Growth","ascension_level":18}