{"gold_per_floor":[115,115,115,130,141,141,176,195,195,195,212,128,73,99,99,99],"floor_reached":16,"playtime":554,"items_purged":[],"score":220,"play_id":"fdfc66db-f57e-473b-8d71-f08eb18731ec","local_time":"20190315110213","is_ascension_mode":true,"campfire_choices":[{"floor":6,"key":"REST"},{"data":"Carnage","floor":10,"key":"SMITH"},{"data":"Heavy Blade","floor":15,"key":"SMITH"}],"neow_cost":"NONE","seed_source_timestamp":713483017826131,"circlet_count":0,"master_deck":["AscendersBane","Strike_R","Strike_R","Strike_R","Defend_R","Defend_R","Defend_R","Defend_R","Bash","Twin Strike","Warcry","Carnage+1","Flame Barrier","True Grit","Evolve","Inflame","Uppercut","Heavy Blade+1"],"relics":["Burning Blood","Mummified Hand","Dodecahedron","Meat on the Bone","Omamori"],"potions_floor_usage":[11,14,14,16],"damage_taken":[{"damage":10,"enemies":"Small Slimes","floor":1,"turns":3},{"damage":6,"enemies":"2 Louse","floor":4,"turns":3},{"damage":7,"enemies":"Jaw Worm","floor":5,"turns":2},{"damage":33,"enemies":"3 Sentries","floor":7,"turns":10},{"damage":5,"enemies":"Exordium Thugs","floor":8,"turns":4},{"damage":10,"enemies":"Gremlin Gang","floor":11,"turns":7},{"damage":15,"enemies":"Lagavulin","floor":14,"turns":5},{"damage":39,"enemies":"Hexaghost","floor":16,"turns":9}],"seed_played":"5602013953348826075","potions_obtained":[{"floor":1,"key":"FearPotion"},{"floor":11,"key":"Strength Potion"},{"floor":14,"key":"SkillPotion"}],"is_trial":false,"path_per_floor":["M","?","?","M","M","R","E","M","T","R","M","$","$","E","R","B"],"character_chosen":"IRONCLAD","items_purchased":["Uppercut","Poison Potion"],"campfire_rested":1,"item_purchase_floors":[12,13],"current_hp_per_floor":[64,57,31,31,30,52,25,26,26,26,34,34,34,37,37,0],"gold":99,"neow_bonus":"TRANSFORM_CARD","is_prod":false,"is_daily":false,"chose_seed":false,"campfire_upgraded":2,"win_rate":0,"timestamp":1552615333,"path_taken":["M","?","?","M","M","R","E","M","T","R","M","?","$","E","R","BOSS"],"build_version":"2019-01-23","purchased_purges":0,"victory":false,"max_hp_per_floor":[75,75,75,75,75,75,75,75,75,75,75,75,75,75,75,75],"card_choices":[{"not_picked":["Corruption","Twin Strike"],"picked":"Warcry","floor":1},{"not_picked":["Inflame","True Grit"],"picked":"Carnage","floor":4},{"not_picked":["Warcry","Heavy Blade"],"picked":"Flame Barrier","floor":5},{"not_picked":["Flex","Thunderclap"],"picked":"True Grit","floor":7},{"not_picked":["Berserk","Dual Wield"],"picked":"Evolve","floor":8},{"not_picked":["Body Slam","Flame Barrier"],"picked":"Inflame","floor":11},{"not_picked":["Entrench","Flame Barrier"],"picked":"Heavy Blade","floor":14}],"player_experience":706265,"relics_obtained":[{"floor":7,"key":"Dodecahedron"},{"floor":9,"key":"Meat on the Bone"},{"floor":14,"key":"Omamori"}],"event_choices":[{"cards_removed":["Strike_R"],"damage_healed":0,"gold_gain":0,"player_choice":"Card Removal","damage_taken":7,"max_hp_gain":0,"max_hp_loss":0,"event_name":"Golden Wing","floor":2,"gold_loss":0},{"damage_healed":0,"gold_gain":0,"player_choice":"Success","damage_taken":26,"relics_obtained":["Mummified Hand"],"max_hp_gain":0,"max_hp_loss":0,"event_name":"Scrap Ooze","floor":3,"gold_loss":0}],"is_beta":false,"boss_relics":[],"items_purged_floors":[],"is_endless":false,"potions_floor_spawned":[1,11,14],"killed_by":"Hexaghost","ascension_level":20}