{"gold_per_floor":[109,121,121,121,86,86,125,148,202,202,216,216,216,260,260,358,358,372,57,81,42,42,77,22,22,48,62,62,62,77,92,92,92],"floor_reached":33,"playtime":1172,"items_purged":[],"score":551,"play_id":"2a6c5bbe-1726-46d9-8f85-2f63600446c1","local_time":"20190310204146","is_ascension_mode":true,"campfire_choices":[{"data":"Perfected Strike","floor":6.0,"key":"SMITH"},{"data":"True Grit","floor":10.0,"key":"SMITH"},{"data":"Bash","floor":12.0,"key":"SMITH"},{"data":"Demon Form","floor":15.0,"key":"SMITH"},{"floor":25.0,"key":"REST"},{"data":"Whirlwind","floor":32.0,"key":"SMITH"}],"neow_cost":"NONE","seed_source_timestamp":601326015616142,"circlet_count":0,"master_deck":["AscendersBane","Strike_R","Strike_R","Strike_R","Strike_R","Strike_R","Defend_R","Defend_R","Defend_R","Defend_R","Bash+1","True Grit+1","Perfected Strike+1","Perfected Strike","Perfected Strike","Demon Form+1","Sentinel","Shockwave","Dark Embrace","Whirlwind+1","Bandage Up","Second Wind+1","Evolve","Wild Strike","Heavy Blade+1"],"special_seed":0,"relics":["Burning Blood","NeowsBlessing","Golden Idol","Strawberry","Smiling Mask","Orichalcum","Lantern","Mark of Pain","Chemical X","Art of War","Dream Catcher","Sundial"],"potions_floor_usage":[33,33],"damage_taken":[{"damage":0.0,"enemies":"2 Louse","floor":1.0,"turns":1.0},{"damage":0.0,"enemies":"Small Slimes","floor":2.0,"turns":1.0},{"damage":0.0,"enemies":"Lagavulin","floor":7.0,"turns":1.0},{"damage":7.0,"enemies":"Jaw Worm","floor":8.0,"turns":3.0},{"damage":13.0,"enemies":"Large Slime","floor":11.0,"turns":4.0},{"damage":19.0,"enemies":"Gremlin Nob","floor":14.0,"turns":4.0},{"damage":13.0,"enemies":"Hexaghost","floor":16.0,"turns":6.0},{"damage":25.0,"enemies":"2 Thieves","floor":18.0,"turns":4.0},{"damage":0.0,"enemies":"Chosen","floor":20.0,"turns":3.0},{"damage":48.0,"enemies":"Slavers","floor":23.0,"turns":5.0},{"damage":18.0,"enemies":"Snecko","floor":27.0,"turns":5.0},{"damage":16.0,"enemies":"Snake Plant","floor":30.0,"turns":3.0},{"damage":4.0,"enemies":"Centurion and Healer","floor":31.0,"turns":4.0},{"damage":81,"enemies":"Automaton","floor":33,"turns":6}],"seed_played":"7035250297275415760","potions_obtained":[{"floor":1.0,"key":"BloodPotion"},{"floor":7.0,"key":"Explosive Potion"},{"floor":8.0,"key":"Regen Potion"},{"floor":14.0,"key":"AttackPotion"},{"floor":18.0,"key":"Dexterity Potion"},{"floor":23.0,"key":"Regen Potion"},{"floor":30.0,"key":"SkillPotion"}],"is_trial":false,"path_per_floor":["M","M","?","?","?","R","E","M","T","R","M","R","?","E","R","B",null,"M","$","M","$","?","E","$","R","T","M","T","?","M","M","R","B"],"character_chosen":"IRONCLAD","items_purchased":["Chemical X","Bandage Up","Evolve","Strength Potion"],"campfire_rested":1,"item_purchase_floors":[19,19,21,24],"current_hp_per_floor":[74,75,49,30,50,50,56,63,63,63,56,56,56,52,52,45,73,54,54,60,60,60,22,22,46,46,48,48,48,38,44,44,0],"gold":92,"neow_bonus":"THREE_ENEMY_KILL","is_prod":false,"is_daily":false,"chose_seed":false,"campfire_upgraded":5,"win_rate":0,"timestamp":1552218106,"path_taken":["M","M","?","?","?","R","E","M","T","R","?","R","?","E","R","BOSS","M","$","M","?","?","E","$","R","T","M","?","?","?","M","R","BOSS"],"build_version":"2019-01-23","purchased_purges":0,"victory":false,"max_hp_per_floor":[75,75,75,82,82,82,82,82,82,82,82,82,82,82,82,82,82,82,82,82,82,82,82,82,82,82,82,82,82,82,82,82,82],"card_choices":[{"not_picked":["Infernal Blade","Thunderclap"],"picked":"True Grit","floor":1.0},{"not_picked":["Anger","Wild Strike"],"picked":"Perfected Strike","floor":2.0},{"not_picked":["Wild Strike","Pommel Strike"],"picked":"Perfected Strike","floor":7.0},{"not_picked":["Anger","True Grit"],"picked":"Perfected Strike","floor":8.0},{"not_picked":["Heavy Blade","Pummel","Clash"],"picked":"SKIP","floor":11.0},{"not_picked":["Dropkick","Warcry"],"picked":"Shockwave","floor":14.0},{"not_picked":["Barricade","Juggernaut"],"picked":"Dark Embrace","floor":16.0},{"not_picked":["Infernal Blade","Sword Boomerang"],"picked":"Whirlwind","floor":18.0},{"not_picked":["Thunderclap","Clothesline+1"],"picked":"Second Wind+1","floor":20.0},{"not_picked":["Rupture","Body Slam"],"picked":"Wild Strike","floor":23.0},{"not_picked":["Headbutt","Cleave+1"],"picked":"Heavy Blade+1","floor":27.0},{"not_picked":["Carnage","Flex","Second Wind"],"picked":"SKIP","floor":30.0},{"not_picked":["Dual Wield","Combust","Searing Blow+1"],"picked":"SKIP","floor":31.0}],"player_experience":278388,"relics_obtained":[{"floor":7.0,"key":"Smiling Mask"},{"floor":9.0,"key":"Orichalcum"},{"floor":14.0,"key":"Lantern"},{"floor":23.0,"key":"Art of War"},{"floor":26.0,"key":"Dream Catcher"},{"floor":28.0,"key":"Sundial"}],"event_choices":[{"damage_healed":0.0,"max_hp_gain":0.0,"max_hp_loss":0.0,"gold_gain":0.0,"event_name":"Golden Idol","player_choice":"Take Damage","floor":3.0,"gold_loss":0.0,"damage_taken":26.0,"relics_obtained":["Golden Idol"]},{"damage_healed":0.0,"max_hp_gain":0.0,"max_hp_loss":0.0,"gold_gain":0.0,"event_name":"Scrap Ooze","player_choice":"Success","floor":4.0,"gold_loss":0.0,"damage_taken":26.0,"relics_obtained":["Strawberry"]},{"damage_healed":20.0,"max_hp_gain":0.0,"max_hp_loss":0.0,"gold_gain":0.0,"event_name":"The Cleric","player_choice":"Healed","floor":5.0,"gold_loss":35.0,"damage_taken":0.0},{"damage_healed":0.0,"max_hp_gain":0.0,"max_hp_loss":0.0,"gold_gain":0.0,"event_name":"Match and Keep!","player_choice":"2 cards matched","floor":13.0,"gold_loss":0.0,"damage_taken":0.0,"cards_obtained":["Demon Form","Sentinel"]},{"damage_healed":0.0,"max_hp_gain":0.0,"max_hp_loss":0.0,"gold_gain":0.0,"event_name":"Beggar","player_choice":"Ignored","floor":22.0,"gold_loss":0.0,"damage_taken":0.0},{"damage_healed":0.0,"max_hp_gain":0.0,"max_hp_loss":0.0,"gold_gain":0.0,"event_name":"Ghosts","player_choice":"Ignored","floor":29.0,"gold_loss":0.0,"damage_taken":0.0}],"is_beta":false,"boss_relics":[{"not_picked":["Orrery","Eternal Feather"],"picked":"Mark of Pain"}],"items_purged_floors":[],"is_endless":false,"potions_floor_spawned":[1,7,8,14,18,23,30],"killed_by":"Automaton","ascension_level":17}