{"gold_per_floor":[119,119,13,29,29,29,42,58,58,71,96,21,36,46,46,117,117,130,149,149,58,1,1,1],"floor_reached":24,"playtime":1055,"items_purged":["Pain"],"score":396,"play_id":"88273317-4350-4909-9fc7-22a0e76574d9","local_time":"20190318180501","is_ascension_mode":true,"campfire_choices":[{"data":"Hemokinesis","floor":6,"key":"SMITH"},{"floor":15,"key":"REST"},{"floor":23,"key":"REST"}],"neow_cost":"NONE","seed_source_timestamp":997553627593675,"circlet_count":0,"master_deck":["AscendersBane","Bash","Hemokinesis+1","Shrug It Off","Dropkick","Burning Pact","Feed","Shrug It Off","Uppercut","Feed","Evolve","Dual Wield","Reckless Charge","Entrench","Headbutt","Exhume","Disarm","Panacea+1"],"relics":["Burning Blood","WarpedTongs","Bottled Flame","Gremlin Horn","Pandora\u0027s Box","Toxic Egg 2"],"potions_floor_usage":[8,11,14,16,24,24],"damage_taken":[{"damage":4,"enemies":"Cultist","floor":1,"turns":3},{"damage":7,"enemies":"Jaw Worm","floor":4,"turns":3},{"damage":5,"enemies":"Small Slimes","floor":7,"turns":4},{"damage":7,"enemies":"Exordium Thugs","floor":8,"turns":6},{"damage":22,"enemies":"Lots of Slimes","floor":10,"turns":5},{"damage":34,"enemies":"Gremlin Nob","floor":11,"turns":4},{"damage":11,"enemies":"Blue Slaver","floor":13,"turns":4},{"damage":3,"enemies":"Looter","floor":14,"turns":3},{"damage":45,"enemies":"The Guardian","floor":16,"turns":16},{"damage":27,"enemies":"Shell Parasite","floor":18,"turns":5},{"damage":39,"enemies":"Spheric Guardian","floor":19,"turns":7},{"damage":40,"enemies":"Book of Stabbing","floor":24,"turns":4}],"seed_played":"8089602008934114640","potions_obtained":[{"floor":4,"key":"GamblersBrew"},{"floor":7,"key":"SkillPotion"},{"floor":13,"key":"Poison Potion"},{"floor":14,"key":"Energy Potion"},{"floor":16,"key":"SpeedPotion"},{"floor":19,"key":"Swift Potion"}],"is_trial":false,"path_per_floor":["M","$","$","M","?","R","M","M","T","M","E","$","M","M","R","B",null,"M","M","?","$","$","R","E"],"character_chosen":"IRONCLAD","items_purchased":["Shrug It Off","SkillPotion","Panacea+1","Strength Potion"],"campfire_rested":2,"item_purchase_floors":[3,3,21,22],"current_hp_per_floor":[70,70,70,69,69,69,70,69,69,53,25,25,23,26,49,10,61,43,14,14,14,14,39,0],"gold":1,"neow_bonus":"TRANSFORM_CARD","is_prod":false,"is_daily":false,"chose_seed":false,"campfire_upgraded":1,"win_rate":0,"timestamp":1552899901,"path_taken":["M","?","$","M","?","R","M","M","T","M","E","$","?","M","R","BOSS","M","M","?","?","$","R","E"],"build_version":"2019-01-23","purchased_purges":1,"victory":false,"max_hp_per_floor":[75,75,75,75,75,75,75,75,75,75,75,75,78,78,78,78,78,81,85,85,85,85,85,85],"card_choices":[{"not_picked":["Warcry","Combust","Armaments"],"picked":"SKIP","floor":1},{"not_picked":["True Grit","Flame Barrier"],"picked":"Dropkick","floor":4},{"not_picked":["Rampage","Clash"],"picked":"Burning Pact","floor":7},{"not_picked":["Heavy Blade","Body Slam","Twin Strike"],"picked":"SKIP","floor":8},{"not_picked":["Pommel Strike","Clash"],"picked":"Feed","floor":10},{"not_picked":["Armaments","Heavy Blade","Cleave"],"picked":"SKIP","floor":11},{"not_picked":["Wild Strike","Seeing Red"],"picked":"Shrug It Off","floor":13},{"not_picked":["Warcry","Heavy Blade"],"picked":"Uppercut","floor":14},{"not_picked":["Offering","Dark Embrace"],"picked":"Feed","floor":16},{"not_picked":["Combust","Body Slam","Sword Boomerang"],"picked":"SKIP","floor":18},{"not_picked":["Body Slam","Intimidate","Twin Strike"],"picked":"SKIP","floor":19}],"player_experience":740948,"relics_obtained":[{"floor":9,"key":"Bottled Flame"},{"floor":11,"key":"Gremlin Horn"}],"event_choices":[{"damage_healed":0,"gold_gain":0,"player_choice":"Rummage","damage_taken":0,"relics_obtained":["WarpedTongs"],"max_hp_gain":0,"max_hp_loss":0,"event_name":"Accursed Blacksmith","floor":5,"gold_loss":0,"cards_obtained":["Pain"]},{"cards_removed":["Warcry"],"damage_healed":0,"gold_gain":0,"player_choice":"Gave Card","damage_taken":0,"relics_obtained":["Toxic Egg 2"],"max_hp_gain":0,"max_hp_loss":0,"event_name":"WeMeetAgain","floor":20,"gold_loss":0}],"is_beta":false,"boss_relics":[{"not_picked":["Philosopher\u0027s Stone","Tiny House"],"picked":"Pandora\u0027s Box"}],"items_purged_floors":[12],"is_endless":false,"potions_floor_spawned":[4,7,13,14,16,19],"killed_by":"Book of Stabbing","ascension_level":20}