{"gold_per_floor":[115,115,133,152,152,152,191,191,191,212,87,106,131,131,131,224,224,248,148,164,164,164,164,164],"floor_reached":24,"playtime":920,"items_purged":["Strike_B","Zap"],"score":372,"play_id":"3952ee6e-7bf4-4b94-9482-07c5fa600b20","local_time":"20190306224302","is_ascension_mode":true,"campfire_choices":[{"floor":6.0,"key":"REST"},{"floor":8.0,"key":"REST"},{"floor":15.0,"key":"REST"},{"data":"Echo Form","floor":23.0,"key":"SMITH"}],"neow_cost":"PERCENT_DAMAGE","seed_source_timestamp":440012078888493,"circlet_count":0,"master_deck":["AscendersBane","Dualcast","FTL","Gash","Rebound","Glacier","Cold Snap","Go for the Eyes","Sweeping Beam","Echo Form+1","Gash","Redo","Melter","Skim"],"special_seed":0,"relics":["Cracked Core","Golden Idol","Orichalcum","Matryoshka","Pandora\u0027s Box"],"potions_floor_usage":[],"damage_taken":[{"damage":9.0,"enemies":"2 Louse","floor":1.0,"turns":2.0},{"damage":1.0,"enemies":"Cultist","floor":3.0,"turns":3.0},{"damage":5.0,"enemies":"Small Slimes","floor":4.0,"turns":3.0},{"damage":2.0,"enemies":"Gremlin Nob","floor":7.0,"turns":3.0},{"damage":0.0,"enemies":"Looter","floor":10.0,"turns":3.0},{"damage":25.0,"enemies":"Exordium Thugs","floor":12.0,"turns":5.0},{"damage":1.0,"enemies":"3 Louse","floor":13.0,"turns":3.0},{"damage":23.0,"enemies":"Hexaghost","floor":16.0,"turns":10.0},{"damage":11.0,"enemies":"2 Thieves","floor":18.0,"turns":4.0},{"damage":26.0,"enemies":"3 Byrds","floor":20.0,"turns":6.0},{"damage":35,"enemies":"Book of Stabbing","floor":24,"turns":6}],"seed_played":"-5772881725456936369","potions_obtained":[{"floor":1.0,"key":"Block Potion"},{"floor":10.0,"key":"LiquidBronze"},{"floor":13.0,"key":"EssenceOfSteel"},{"floor":16.0,"key":"SkillPotion"}],"is_trial":false,"path_per_floor":["M","?","M","M","?","R","E","R","T","M","$","M","M","?","R","B",null,"M","$","M","?","?","R","E"],"character_chosen":"DEFECT","items_purchased":["Go for the Eyes"],"campfire_rested":3,"item_purchase_floors":[11],"current_hp_per_floor":[37,33,32,27,3,24,22,43,43,43,43,18,17,17,38,15,57,46,46,20,34,34,34,0],"gold":164,"neow_bonus":"REMOVE_TWO","is_prod":false,"is_daily":false,"chose_seed":false,"campfire_upgraded":1,"win_rate":0,"timestamp":1551930182,"path_taken":["M","?","?","?","?","R","E","R","T","M","$","M","M","?","R","BOSS","M","$","M","?","?","R","E"],"build_version":"2019-01-23","purchased_purges":2,"victory":false,"max_hp_per_floor":[71,71,71,71,71,71,71,71,71,71,71,71,71,71,71,71,71,71,71,71,71,71,71,71],"card_choices":[{"not_picked":["Self Repair","Sweeping Beam"],"picked":"FTL","floor":1.0},{"not_picked":["Darkness","Ball Lightning"],"picked":"Gash","floor":3.0},{"not_picked":["Redo","Heatsinks"],"picked":"Rebound","floor":4.0},{"not_picked":["Barrage","FTL"],"picked":"Glacier","floor":7.0},{"not_picked":["Thunder Strike","Sweeping Beam"],"picked":"Cold Snap","floor":10.0},{"not_picked":["Sweeping Beam","Conserve Battery","Rebound"],"picked":"SKIP","floor":12.0},{"not_picked":["Reprogram","Compile Driver"],"picked":"Sweeping Beam","floor":13.0},{"not_picked":["Creative AI","Seek"],"picked":"Echo Form","floor":16.0},{"not_picked":["Consume","Melter","Ball Lightning"],"picked":"SKIP","floor":18.0},{"not_picked":["Hello World","Static Discharge","Compile Driver"],"picked":"SKIP","floor":20.0}],"player_experience":523276,"relics_obtained":[{"floor":7.0,"key":"Orichalcum"},{"floor":9.0,"key":"Matryoshka"}],"event_choices":[{"damage_healed":0.0,"max_hp_gain":0.0,"max_hp_loss":0.0,"gold_gain":0.0,"event_name":"The Woman in Blue","player_choice":"Bought 0 Potions","floor":2.0,"gold_loss":0.0,"damage_taken":0.0},{"damage_healed":0.0,"max_hp_gain":0.0,"max_hp_loss":0.0,"gold_gain":0.0,"event_name":"Golden Idol","player_choice":"Take Damage","floor":5.0,"gold_loss":0.0,"damage_taken":24.0,"relics_obtained":["Golden Idol"]},{"cards_removed":["Strike_B"],"damage_healed":0.0,"max_hp_gain":0.0,"max_hp_loss":0.0,"gold_gain":0.0,"event_name":"Living Wall","player_choice":"Forget","floor":14.0,"gold_loss":0.0,"damage_taken":0.0},{"damage_healed":14.0,"max_hp_gain":0.0,"max_hp_loss":0.0,"gold_gain":0.0,"event_name":"The Library","player_choice":"Heal","floor":21.0,"gold_loss":0.0,"damage_taken":0.0},{"damage_healed":0.0,"max_hp_gain":0.0,"max_hp_loss":0.0,"gold_gain":0.0,"event_name":"Match and Keep!","player_choice":"0 cards matched","floor":22.0,"gold_loss":0.0,"damage_taken":0.0,"cards_obtained":[]}],"is_beta":false,"boss_relics":[{"not_picked":["Empty Cage","Calling Bell"],"picked":"Pandora\u0027s Box"}],"items_purged_floors":[11,19],"is_endless":false,"potions_floor_spawned":[1,10,13,16],"killed_by":"Book of Stabbing","ascension_level":18}