{"gold_per_floor":[113,131,131,151,162,162,193,213,266,266,286,286,286,286,286,388,388,374,473,473,540,515,515,540,540,540,47,97,147,29,94,94,191,191,203,253,268,2,17,17,35,46,73,89,150,150,47,67,67,67],"floor_reached":51,"playtime":3578,"items_purged":["Defend_B","Strike_B","Strike_B"],"score":744,"play_id":"d6aa3800-e05c-43e5-a372-7f476227497d","local_time":"20190125201343","is_ascension_mode":false,"campfire_choices":[{"data":"Gash","floor":6.0,"key":"SMITH"},{"data":"Creative AI","floor":10.0,"key":"SMITH"},{"data":"Defragment","floor":12.0,"key":"SMITH"},{"floor":15.0,"key":"REST"},{"data":"Rainbow","floor":23.0,"key":"SMITH"},{"floor":25.0,"key":"REST"},{"floor":32.0,"key":"REST"},{"data":"Zap","floor":40.0,"key":"SMITH"},{"data":"Amplify","floor":46.0,"key":"SMITH"},{"floor":49.0,"key":"REST"}],"neow_cost":"NONE","seed_source_timestamp":0,"circlet_count":0,"master_deck":["Strike_B","Strike_B","Defend_B","Defend_B","Defend_B+1","Zap+1","Dualcast+1","Ball Lightning","Gash+1","Leap","Conserve Battery","Loop","Creative AI+1","Defragment+1","Rainbow+1","Ball Lightning+1","Self Repair","Compile Driver+1","All For One+1","Swift Strike+1","Storm+1","Flash of Steel+1","Static Discharge+1","Rainbow","FTL+1","Conserve Battery","Go for the Eyes+1","Amplify+1","Recycle+1","Beam Cell+1","Conserve Battery+1"],"special_seed":0,"relics":["Cracked Core","Centennial Puzzle","Orichalcum","Bag of Marbles","Vajra","Molten Egg 2","Inserter","SsserpentHead","Smiling Mask","Frozen Egg 2","Ginger","MutagenicStrength","Lizard Tail","Mummified Hand","Regal Pillow","DataDisk"],"potions_floor_usage":[50],"damage_taken":[{"damage":1.0,"enemies":"Cultist","floor":1.0,"turns":3.0},{"damage":0.0,"enemies":"2 Louse","floor":2.0,"turns":3.0},{"damage":3.0,"enemies":"Jaw Worm","floor":4.0,"turns":2.0},{"damage":2.0,"enemies":"Blue Slaver","floor":5.0,"turns":4.0},{"damage":8.0,"enemies":"Gremlin Nob","floor":7.0,"turns":3.0},{"damage":0.0,"enemies":"Large Slime","floor":8.0,"turns":4.0},{"damage":10.0,"enemies":"Lots of Slimes","floor":11.0,"turns":4.0},{"damage":0.0,"enemies":"Slime Boss","floor":16.0,"turns":5.0},{"damage":22.0,"enemies":"2 Thieves","floor":18.0,"turns":4.0},{"damage":3.0,"enemies":"Chosen","floor":21.0,"turns":4.0},{"damage":48.0,"enemies":"Slavers","floor":24.0,"turns":5.0},{"damage":8.0,"enemies":"Snecko","floor":31.0,"turns":3.0},{"damage":35.0,"enemies":"Champ","floor":33.0,"turns":7.0},{"damage":4.0,"enemies":"3 Shapes","floor":35.0,"turns":3.0},{"damage":5.0,"enemies":"Orb Walker","floor":37.0,"turns":2.0},{"damage":4.0,"enemies":"Sphere and 2 Shapes","floor":39.0,"turns":2.0},{"damage":4.0,"enemies":"3 Darklings","floor":41.0,"turns":4.0},{"damage":14.0,"enemies":"Writhing Mass","floor":42.0,"turns":3.0},{"damage":5.0,"enemies":"Sphere and 2 Shapes","floor":44.0,"turns":4.0},{"damage":6.0,"enemies":"Transient","floor":45.0,"turns":5.0},{"damage":7.0,"enemies":"Spire Growth","floor":48.0,"turns":3.0},{"damage":111,"enemies":"Awakened One","floor":50,"turns":10}],"seed_played":"6435687549124339701","potions_obtained":[{"floor":4.0,"key":"Energy Potion"},{"floor":5.0,"key":"Explosive Potion"},{"floor":8.0,"key":"PowerPotion"},{"floor":31.0,"key":"LiquidBronze"},{"floor":33.0,"key":"GamblersBrew"},{"floor":37.0,"key":"FearPotion"}],"is_trial":false,"path_per_floor":["M","M","?","M","M","R","E","M","T","R","M","R","T","?","R","B",null,"M","?","?","M","$","R","E","R","T","$","?","?","$","M","R","B",null,"M","T","M","$","M","R","M","M","T","M","M","R","$","M","R","B",null],"character_chosen":"DEFECT","items_purchased":["Ginger","All For One+1","Swift Strike+1","Storm+1","Flash of Steel+1","Go for the Eyes+1","Amplify","Fire Potion","DataDisk"],"campfire_rested":4,"item_purchase_floors":[27,27,27,30,30,38,38,38,47],"current_hp_per_floor":[74,74,59,56,54,54,46,46,46,46,36,36,36,11,33,33,75,53,53,53,50,50,50,2,24,24,24,24,24,24,23,45,17,75,71,71,66,66,62,62,65,51,51,53,54,54,54,47,75,20],"gold":67,"neow_bonus":"RANDOM_COMMON_RELIC","is_prod":false,"is_daily":false,"chose_seed":false,"campfire_upgraded":6,"win_rate":0,"timestamp":1548443623,"path_taken":["M","?","?","M","M","R","E","M","T","R","M","R","?","?","R","BOSS","M","?","?","?","?","R","E","R","T","$","?","?","?","?","R","BOSS","M","?","M","$","M","R","M","M","T","M","?","R","?","M","R","BOSS"],"build_version":"2019-01-23","purchased_purges":3,"victory":true,"max_hp_per_floor":[75,75,75,75,75,75,75,75,75,75,75,75,75,75,75,75,75,75,75,75,75,75,75,75,75,75,75,75,75,75,75,75,75,75,75,75,75,75,75,75,75,75,75,75,75,75,75,75,75,75],"card_choices":[{"not_picked":["Beam Cell","Aggregate"],"picked":"Ball Lightning","floor":1.0},{"not_picked":["Glacier","Rebound"],"picked":"Gash","floor":2.0},{"not_picked":["Hologram","Force Field"],"picked":"Leap","floor":4.0},{"not_picked":["Cold Snap","Barrage"],"picked":"Conserve Battery","floor":5.0},{"not_picked":["Reinforced Body","Redo"],"picked":"Loop","floor":7.0},{"not_picked":["Stack","Darkness"],"picked":"Creative AI","floor":8.0},{"not_picked":["Cold Snap","Sweeping Beam"],"picked":"Defragment","floor":11.0},{"not_picked":["Meteor Strike+1","Machine Learning"],"picked":"Rainbow","floor":16.0},{"not_picked":["Lockon+1","Leap"],"picked":"Ball Lightning+1","floor":18.0},{"not_picked":["Stack+1","Steam"],"picked":"Self Repair","floor":21.0},{"not_picked":["Rip and Tear+1","Steam"],"picked":"Compile Driver+1","floor":24.0},{"not_picked":["Creative AI+1","Ball Lightning+1"],"picked":"Static Discharge+1","floor":31.0},{"not_picked":["Biased Cognition+1","All For One+1"],"picked":"Rainbow","floor":33.0},{"not_picked":["Cold Snap+1","Conserve Battery"],"picked":"FTL+1","floor":35.0},{"not_picked":["Redo","Leap"],"picked":"Conserve Battery","floor":37.0},{"not_picked":["Double Energy","Melter+1"],"picked":"Recycle+1","floor":39.0},{"not_picked":["Leap+1","Rip and Tear+1","Recycle"],"picked":"SKIP","floor":41.0},{"not_picked":["Hologram","FTL+1"],"picked":"Beam Cell+1","floor":42.0},{"not_picked":["Scrape+1","Tempest","Rebound+1"],"picked":"SKIP","floor":44.0},{"not_picked":["Hologram+1","Barrage+1"],"picked":"Conserve Battery+1","floor":45.0},{"not_picked":["Rip and Tear+1","Compile Driver+1","Ball Lightning+1"],"picked":"SKIP","floor":48.0}],"player_experience":269603,"relics_obtained":[{"floor":7.0,"key":"Orichalcum"},{"floor":9.0,"key":"Bag of Marbles"},{"floor":13.0,"key":"Vajra"},{"floor":24.0,"key":"Smiling Mask"},{"floor":26.0,"key":"Frozen Egg 2"},{"floor":36.0,"key":"Mummified Hand"},{"floor":43.0,"key":"Regal Pillow"}],"event_choices":[{"damage_healed":0.0,"max_hp_gain":0.0,"max_hp_loss":0.0,"gold_gain":0.0,"event_name":"Shining Light","player_choice":"Entered Light","floor":3.0,"gold_loss":0.0,"damage_taken":15.0,"cards_upgraded":["Dualcast","Defend_B"]},{"damage_healed":0.0,"max_hp_gain":0.0,"max_hp_loss":0.0,"gold_gain":0.0,"event_name":"Scrap Ooze","player_choice":"Success","floor":14.0,"gold_loss":0.0,"damage_taken":25.0,"relics_obtained":["Molten Egg 2"]},{"damage_healed":0.0,"max_hp_gain":0.0,"max_hp_loss":0.0,"gold_gain":99.0,"event_name":"Nest","player_choice":"Stole From Cult","floor":19.0,"gold_loss":0.0,"damage_taken":0.0},{"damage_healed":0.0,"max_hp_gain":0.0,"max_hp_loss":0.0,"gold_gain":0.0,"event_name":"FaceTrader","player_choice":"Trade","floor":20.0,"gold_loss":0.0,"damage_taken":0.0,"relics_obtained":["SsserpentHead"]},{"damage_healed":0.0,"max_hp_gain":0.0,"max_hp_loss":0.0,"gold_gain":0.0,"event_name":"Drug Dealer","player_choice":"Inject Mutagens","floor":28.0,"gold_loss":0.0,"damage_taken":0.0,"relics_obtained":["MutagenicStrength"]},{"damage_healed":0.0,"max_hp_gain":0.0,"max_hp_loss":0.0,"gold_gain":0.0,"event_name":"Cursed Tome","player_choice":"Ignored","floor":29.0,"gold_loss":0.0,"damage_taken":0.0}],"is_beta":false,"boss_relics":[{"not_picked":["Cursed Key","Orrery"],"picked":"Inserter"},{"not_picked":["Tiny House","Sozu"],"picked":"Lizard Tail"}],"items_purged_floors":[22,27,38],"is_endless":false,"potions_floor_spawned":[4,5,8,31,33,37,39,41,48],"ascension_level":0}