{"gold_per_floor":[119,119,194,208,224,224,251,12,12,32,32,48,64,77,77,149,149,49,49,0,0,0,0],"floor_reached":23,"playtime":751,"items_purged":["Strike_B"],"score":382,"play_id":"7ef175cd-b3a5-483c-853f-2b7541d89d40","local_time":"20190104015752","is_ascension_mode":true,"campfire_choices":[{"floor":6.0,"key":"REST"},{"data":"Zap","floor":11.0,"key":"SMITH"},{"data":"Loop","floor":15.0,"key":"SMITH"}],"neow_cost":"NONE","seed_source_timestamp":172105302712661,"circlet_count":0,"master_deck":["AscendersBane","Strike_B","Strike_B","Defend_B","Defend_B","Defend_B","Defend_B","Zap+1","Dualcast","Compile Driver","Seek","Streamline","Ball Lightning","Leap","Doom and Gloom","Genetic Algorithm","Coolheaded","Loop+1","BootSequence","Creative AI","Ghostly","Ghostly","Ghostly"],"special_seed":0,"relics":["Philosopher\u0027s Stone","Mummified Hand","Regal Pillow","Ectoplasm"],"potions_floor_usage":[23],"damage_taken":[{"damage":7.0,"enemies":"Jaw Worm","floor":1.0,"turns":3.0},{"damage":0.0,"enemies":"2 Louse","floor":4.0,"turns":1.0},{"damage":2.0,"enemies":"Small Slimes","floor":5.0,"turns":3.0},{"damage":22.0,"enemies":"Lagavulin","floor":7.0,"turns":6.0},{"damage":0.0,"enemies":"3 Louse","floor":10.0,"turns":3.0},{"damage":0.0,"enemies":"2 Fungi Beasts","floor":12.0,"turns":3.0},{"damage":6.0,"enemies":"Lots of Slimes","floor":13.0,"turns":2.0},{"damage":8.0,"enemies":"3 Louse","floor":14.0,"turns":3.0},{"damage":3.0,"enemies":"The Guardian","floor":16.0,"turns":9.0},{"damage":27,"enemies":"2 Thieves","floor":18,"turns":4},{"damage":46,"enemies":"Slavers","floor":23,"turns":6}],"seed_played":"-4729971373432366421","potions_obtained":[{"floor":1.0,"key":"Strength Potion"},{"floor":10.0,"key":"Dexterity Potion"},{"floor":16.0,"key":"Explosive Potion"}],"is_trial":false,"path_per_floor":["M","?","?","M","M","R","E","$","T","M","R","M","M","M","R","B",null,"M","?","?","$","?","E"],"character_chosen":"DEFECT","items_purchased":["Doom and Gloom","Genetic Algorithm"],"campfire_rested":1,"item_purchase_floors":[8,8],"current_hp_per_floor":[57,57,46,46,44,65,43,43,43,43,43,43,37,29,29,26,60,33,33,33,33,33,0],"gold":0,"neow_bonus":"BOSS_RELIC","is_prod":false,"is_daily":false,"chose_seed":false,"campfire_upgraded":2,"win_rate":0,"timestamp":1546534672,"path_taken":["M","?","?","M","M","R","E","?","T","M","R","M","M","M","R","BOSS","M","?","?","?","?","E"],"build_version":"2018-12-20","purchased_purges":1,"victory":false,"max_hp_per_floor":[71,71,71,71,71,71,71,71,71,71,71,71,71,71,71,71,71,71,71,71,71,35,35],"card_choices":[{"not_picked":["Auto Shields","Force Field"],"picked":"Compile Driver","floor":1.0},{"not_picked":["Conserve Battery","BootSequence"],"picked":"Streamline","floor":4.0},{"not_picked":["Beam Cell","Hello World"],"picked":"Ball Lightning","floor":5.0},{"not_picked":["Streamline","Stack"],"picked":"Leap","floor":7.0},{"not_picked":["Gash","Redo","Turbo"],"picked":"SKIP","floor":10.0},{"not_picked":["Turbo","Scrape"],"picked":"Coolheaded","floor":12.0},{"not_picked":["Cold Snap","Meteor Strike"],"picked":"Loop","floor":13.0},{"not_picked":["Coolheaded","Redo"],"picked":"BootSequence","floor":14.0},{"not_picked":["Meteor Strike","Buffer"],"picked":"Creative AI","floor":16.0},{"not_picked":["Gash","Compile Driver","Steam"],"picked":"SKIP","floor":18}],"player_experience":3992145,"relics_obtained":[{"floor":7.0,"key":"Mummified Hand"},{"floor":9.0,"key":"Regal Pillow"}],"event_choices":[{"damage_healed":0.0,"max_hp_gain":0.0,"max_hp_loss":0.0,"gold_gain":0.0,"cards_transformed":["Strike_B"],"event_name":"Living Wall","player_choice":"Change","floor":2.0,"gold_loss":0.0,"damage_taken":0.0,"cards_obtained":["Seek"]},{"damage_healed":0.0,"max_hp_gain":0.0,"max_hp_loss":0.0,"gold_gain":75.0,"event_name":"World of Goop","player_choice":"Gather Gold","floor":3.0,"gold_loss":0.0,"damage_taken":11.0},{"damage_healed":0,"gold_gain":0,"player_choice":"Ignored","damage_taken":0,"max_hp_gain":0,"max_hp_loss":0,"event_name":"Beggar","floor":19,"gold_loss":0},{"damage_healed":0,"gold_gain":0,"player_choice":"Paid Fearfully","damage_taken":0,"max_hp_gain":0,"max_hp_loss":0,"event_name":"Masked Bandits","floor":20,"gold_loss":49},{"damage_healed":0,"gold_gain":0,"player_choice":"Became a Ghost","damage_taken":0,"max_hp_gain":0,"max_hp_loss":36,"event_name":"Ghosts","floor":22,"gold_loss":0,"cards_obtained":["Ghostly","Ghostly","Ghostly"]}],"is_beta":false,"boss_relics":[{"not_picked":["Runic Pyramid","Cursed Key"],"picked":"Ectoplasm"}],"items_purged_floors":[8],"is_endless":false,"potions_floor_spawned":[1,10,14,16],"killed_by":"Slavers","ascension_level":20}