{"gold_per_floor":[116,131,150,150,229,247,247,247,247,172,172,97,141,156,156,251,251,270,270,14,34,34,34,48,48],"floor_reached":25,"playtime":740,"items_purged":["Strike_G"],"score":427,"play_id":"c0475f33-a2ca-4194-9d96-4cebced5c037","local_time":"20190319022220","is_ascension_mode":true,"campfire_choices":[{"data":"Tactician","floor":7,"key":"SMITH"},{"data":"Bouncing Flask","floor":11,"key":"SMITH"},{"data":"Concentrate","floor":15,"key":"SMITH"},{"data":"Well Laid Plans","floor":23,"key":"SMITH"}],"neow_cost":"PERCENT_DAMAGE","seed_source_timestamp":440860059911400,"circlet_count":0,"master_deck":["AscendersBane","Defend_G","Defend_G","Strike_G","Strike_G","Strike_G","Survivor+1","Neutralize","Tactician+1","Bouncing Flask+1","Dagger Throw","Venomology","Venomology+1","Concentrate+1","Venomology","Venomology+1","Well Laid Plans+1","Backflip"],"relics":["Ring of the Snake","Golden Idol","Kunai","Gremlin Horn","War Paint","Coffee Dripper","Toy Ornithopter"],"potions_floor_usage":[13,13,14,16,16,16,18,21,21,21,21,21,21,21,21,24,24,24,24,25,25,25,25,25,25],"damage_taken":[{"damage":0,"enemies":"Cultist","floor":1,"turns":3},{"damage":2,"enemies":"2 Louse","floor":2,"turns":4},{"damage":7,"enemies":"Jaw Worm","floor":3,"turns":4},{"damage":3,"enemies":"2 Fungi Beasts","floor":6,"turns":4},{"damage":10,"enemies":"Lagavulin","floor":13,"turns":5},{"damage":0,"enemies":"Looter","floor":14,"turns":3},{"damage":34,"enemies":"Hexaghost","floor":16,"turns":6},{"damage":5,"enemies":"Spheric Guardian","floor":18,"turns":4},{"damage":10,"enemies":"2 Thieves","floor":21,"turns":3},{"damage":12,"enemies":"Cultist and Chosen","floor":24,"turns":7},{"damage":90,"enemies":"Slavers","floor":25,"turns":5}],"seed_played":"6391925031117882813","potions_obtained":[{"floor":1,"key":"Block Potion"},{"floor":3,"key":"Weak Potion"},{"floor":6,"key":"Regen Potion"}],"is_trial":false,"path_per_floor":["M","M","M","?","T","M","R","?","T","$","R","?","E","M","R","B",null,"M","?","$","M","$","R","M","E"],"character_chosen":"THE_SILENT","items_purchased":["Toy Ornithopter","Well Laid Plans"],"campfire_rested":0,"item_purchase_floors":[20,20],"current_hp_per_floor":[44,42,35,35,35,32,32,32,32,32,32,32,37,37,37,3,46,41,41,41,60,60,60,56,0],"gold":48,"neow_bonus":"TRANSFORM_TWO_CARDS","is_prod":false,"is_daily":false,"chose_seed":false,"campfire_upgraded":4,"win_rate":0,"timestamp":1552929740,"path_taken":["M","?","M","?","?","M","R","?","T","?","R","?","E","M","R","BOSS","M","?","$","M","?","R","M","E"],"build_version":"2019-01-23","purchased_purges":1,"victory":false,"max_hp_per_floor":[66,66,66,60,60,60,60,60,60,60,60,60,60,60,60,60,60,60,60,60,60,60,60,60,60],"card_choices":[{"not_picked":["Choke","Eviscerate"],"picked":"Dagger Throw","floor":1},{"not_picked":["Dodge and Roll","Bane","Expertise"],"picked":"SKIP","floor":2},{"not_picked":["Dagger Throw","Dodge and Roll","Distraction"],"picked":"SKIP","floor":3},{"not_picked":["Blade Dance","Outmaneuver","Poisoned Stab"],"picked":"SKIP","floor":6},{"not_picked":["Outmaneuver","Blur"],"picked":"Venomology","floor":13},{"not_picked":["Backstab","Dagger Throw"],"picked":"Concentrate","floor":14},{"not_picked":["After Image","Malaise"],"picked":"Venomology","floor":16},{"not_picked":["Heel Hook+1","Dash","Sucker Punch"],"picked":"SKIP","floor":18},{"not_picked":["Well Laid Plans","Dodge and Roll","Outmaneuver"],"picked":"SKIP","floor":21},{"not_picked":["Deflect","Quick Slash"],"picked":"Backflip","floor":24}],"player_experience":4568525,"relics_obtained":[{"floor":5,"key":"Kunai"},{"floor":9,"key":"Gremlin Horn"},{"floor":13,"key":"War Paint"}],"event_choices":[{"damage_healed":0,"gold_gain":0,"player_choice":"Lose Max HP","damage_taken":0,"relics_obtained":["Golden Idol"],"max_hp_gain":0,"max_hp_loss":6,"event_name":"Golden Idol","floor":4,"gold_loss":0},{"damage_healed":0,"gold_gain":0,"cards_transformed":["Defend_G"],"player_choice":"Change","damage_taken":0,"max_hp_gain":0,"max_hp_loss":0,"event_name":"Living Wall","floor":8,"gold_loss":0,"cards_obtained":["Venomology"]},{"cards_removed":["Defend_G"],"damage_healed":0,"gold_gain":0,"player_choice":"Card Removal","damage_taken":0,"max_hp_gain":0,"max_hp_loss":0,"event_name":"The Cleric","floor":12,"gold_loss":75},{"damage_healed":0,"gold_gain":0,"player_choice":"Copied","damage_taken":0,"max_hp_gain":0,"max_hp_loss":0,"event_name":"Duplicator","floor":19,"gold_loss":0,"cards_obtained":["Venomology"]}],"is_beta":false,"boss_relics":[{"not_picked":["Calling Bell","Sozu"],"picked":"Coffee Dripper"}],"items_purged_floors":[10],"is_endless":false,"potions_floor_spawned":[1,3,6,18,24],"killed_by":"Slavers","ascension_level":20}