{"gold_per_floor":[117,133,146,221,234,234,263,277,328,343,343],"floor_reached":11,"playtime":282,"items_purged":[],"score":154,"play_id":"1978d032-7fb1-49fa-96a6-897bf3317325","local_time":"20190302025332","is_ascension_mode":true,"campfire_choices":[{"floor":6,"key":"REST"}],"neow_cost":"NONE","seed_source_timestamp":1341810348061000,"circlet_count":0,"master_deck":["AscendersBane","Defend_G","Defend_G","Defend_G","Defend_G","Defend_G","Strike_G","Strike_G","Strike_G","Strike_G","Strike_G","Survivor","Neutralize+1","Dagger Throw","Endless Agony","Deadly Poison","Crippling Poison","Bouncing Flask","Heel Hook","Adrenaline"],"relics":["Ring of the Snake","Omamori","Ancient Tea Set"],"potions_floor_usage":[8],"damage_taken":[{"damage":6,"enemies":"Jaw Worm","floor":1,"turns":9},{"damage":4,"enemies":"Small Slimes","floor":2,"turns":4},{"damage":0,"enemies":"Cultist","floor":3,"turns":3},{"damage":7,"enemies":"3 Louse","floor":5,"turns":4},{"damage":45,"enemies":"Gremlin Nob","floor":7,"turns":5},{"damage":0,"enemies":"Lots of Slimes","floor":8,"turns":3},{"damage":1,"enemies":"2 Fungi Beasts","floor":10,"turns":3},{"damage":10,"enemies":"Lagavulin","floor":11,"turns":4}],"seed_played":"5675250715939001620","potions_obtained":[{"floor":2,"key":"Weak Potion"},{"floor":5,"key":"Weak Potion"},{"floor":7,"key":"GhostInAJar"}],"is_trial":false,"path_per_floor":["M","M","M","?","M","R","E","M","T","M","E"],"character_chosen":"THE_SILENT","items_purchased":[],"campfire_rested":1,"item_purchase_floors":[],"current_hp_per_floor":[53,49,49,38,31,50,5,5,5,4,0],"gold":343,"neow_bonus":"UPGRADE_CARD","is_prod":false,"is_daily":false,"chose_seed":false,"campfire_upgraded":0,"win_rate":0,"timestamp":1551462812,"path_taken":["M","M","M","?","M","R","E","M","T","M","E"],"build_version":"2019-01-23","purchased_purges":0,"victory":false,"max_hp_per_floor":[66,66,66,66,66,66,66,66,66,66,66],"card_choices":[{"not_picked":["Concentrate","Blade Dance"],"picked":"Dagger Throw","floor":1},{"not_picked":["Escape Plan","Expertise"],"picked":"Endless Agony","floor":2},{"not_picked":["Bane","Sucker Punch"],"picked":"Deadly Poison","floor":3},{"not_picked":["Distraction","PiercingWail"],"picked":"Crippling Poison","floor":5},{"not_picked":["Eviscerate","Catalyst"],"picked":"Bouncing Flask","floor":7},{"not_picked":["Prepared","Eviscerate"],"picked":"Heel Hook","floor":8},{"not_picked":["Eviscerate","Catalyst"],"picked":"Adrenaline","floor":10}],"player_experience":4448227,"relics_obtained":[{"floor":7,"key":"Omamori"},{"floor":9,"key":"Ancient Tea Set"}],"event_choices":[{"damage_healed":0,"gold_gain":75,"player_choice":"Gather Gold","damage_taken":11,"max_hp_gain":0,"max_hp_loss":0,"event_name":"World of Goop","floor":4,"gold_loss":0}],"is_beta":false,"boss_relics":[],"items_purged_floors":[],"is_endless":false,"potions_floor_spawned":[2,5,7],"killed_by":"Lagavulin","ascension_level":20}