{"gold_per_floor":[115,131,131,51,64,99,99,99,99,118,41,41,11,30,30,30],"floor_reached":16,"playtime":776,"items_purged":[],"score":135,"play_id":"5abde67a-3e57-4712-b47d-d002f3744754","local_time":"20190225133815","is_ascension_mode":true,"campfire_choices":[{"data":"Entrench","floor":7,"key":"SMITH"},{"data":"Body Slam","floor":12,"key":"SMITH"},{"data":"Second Wind","floor":15,"key":"SMITH"}],"neow_cost":"TEN_PERCENT_HP_LOSS","seed_source_timestamp":12500070205654,"circlet_count":0,"master_deck":["Strike_R","Strike_R","Strike_R","Strike_R","Strike_R","Defend_R","Defend_R","Defend_R","Defend_R","Bash","Battle Trance","Body Slam+1","Second Wind+1","Entrench+1","Evolve","True Grit"],"special_seed":0,"relics":["Burning Blood","Incense Burner","Pocketwatch","Happy Flower","Self Forming Clay"],"potions_floor_usage":[5,16,16],"damage_taken":[{"damage":6.0,"enemies":"Cultist","floor":1.0,"turns":3.0},{"damage":9,"enemies":"2 Louse","floor":2,"turns":3},{"damage":0,"enemies":"Small Slimes","floor":5,"turns":3},{"damage":35,"enemies":"3 Sentries","floor":6,"turns":11},{"damage":0,"enemies":"Exordium Wildlife","floor":10,"turns":3},{"damage":1,"enemies":"Looter","floor":13,"turns":4},{"damage":4,"enemies":"Exordium Thugs","floor":14,"turns":5},{"damage":28,"enemies":"The Guardian","floor":16,"turns":9}],"seed_played":"-3118561892460074351","potions_obtained":[{"floor":2,"key":"Energy Potion"},{"floor":6,"key":"LiquidBronze"},{"floor":14,"key":"Swift Potion"}],"is_trial":false,"path_per_floor":["M","M","?","$","M","E","R","?","T","M","$","R","M","M","R","B"],"character_chosen":"IRONCLAD","items_purchased":["Second Wind","Evolve"],"campfire_rested":0,"item_purchase_floors":[4,11],"current_hp_per_floor":[72,69,36,36,42,13,13,13,13,19,19,19,24,26,26,0],"gold":30,"neow_bonus":"ONE_RARE_RELIC","is_prod":false,"is_daily":false,"chose_seed":false,"campfire_upgraded":3,"win_rate":0,"timestamp":1551069495,"path_taken":["M","?","?","$","M","E","R","?","T","M","$","R","M","M","R","BOSS"],"build_version":"2019-01-23","purchased_purges":0,"victory":false,"max_hp_per_floor":[72,72,72,72,72,72,72,72,72,72,72,72,72,72,72,72],"card_choices":[{"not_picked":["Pommel Strike","Iron Wave"],"picked":"Battle Trance","floor":1.0},{"not_picked":["Dual Wield","Thunderclap"],"picked":"Body Slam","floor":2},{"not_picked":["Thunderclap","Inflame"],"picked":"Entrench","floor":5},{"not_picked":["Corruption","Infernal Blade","Cleave"],"picked":"SKIP","floor":6},{"not_picked":["Cleave","Shockwave","Clash"],"picked":"SKIP","floor":10},{"not_picked":["Wild Strike","Havoc"],"picked":"True Grit","floor":13},{"not_picked":["Warcry","Perfected Strike","Clothesline"],"picked":"SKIP","floor":14}],"player_experience":183738,"relics_obtained":[{"floor":6,"key":"Happy Flower"},{"floor":9,"key":"Self Forming Clay"}],"event_choices":[{"damage_healed":0,"gold_gain":0,"player_choice":"Success","damage_taken":33,"relics_obtained":["Pocketwatch"],"max_hp_gain":0,"max_hp_loss":0,"event_name":"Scrap Ooze","floor":3,"gold_loss":0},{"damage_healed":0,"gold_gain":0,"player_choice":"Ignored","damage_taken":0,"max_hp_gain":0,"max_hp_loss":0,"event_name":"Liars Game","floor":8,"gold_loss":0}],"is_beta":false,"boss_relics":[],"items_purged_floors":[],"is_endless":false,"potions_floor_spawned":[2,6,14],"killed_by":"The Guardian","ascension_level":7}