{"gold_per_floor":[116,126,140,14,31,31,61,79,109,142,142,160,160,178,178,178],"floor_reached":16,"playtime":442,"items_purged":["Strike_B"],"score":228,"play_id":"5f25bb5d-a157-4667-96db-f2c9397a82bd","local_time":"20190308020737","is_ascension_mode":true,"campfire_choices":[{"floor":6.0,"key":"REST"},{"floor":13.0,"key":"REST"},{"data":"Conserve Battery","floor":15.0,"key":"SMITH"}],"neow_cost":"NONE","seed_source_timestamp":0,"circlet_count":0,"master_deck":["AscendersBane","Strike_B","Strike_B","Defend_B","Defend_B","Defend_B","Defend_B","Zap","Dualcast","Gash","Gash","Conserve Battery+1","Glacier","Reboot","Glacier","Cold Snap","Cold Snap"],"special_seed":0,"relics":["Cracked Core","DataDisk","Kunai","Tiny Chest","Strawberry"],"potions_floor_usage":[],"damage_taken":[{"damage":1.0,"enemies":"Cultist","floor":1.0,"turns":3.0},{"damage":14.0,"enemies":"Jaw Worm","floor":2.0,"turns":4.0},{"damage":10.0,"enemies":"Small Slimes","floor":3.0,"turns":3.0},{"damage":6.0,"enemies":"Looter","floor":5.0,"turns":3.0},{"damage":7.0,"enemies":"Lagavulin","floor":7.0,"turns":6.0},{"damage":2.0,"enemies":"Blue Slaver","floor":8.0,"turns":4.0},{"damage":37.0,"enemies":"Gremlin Nob","floor":10.0,"turns":4.0},{"damage":9.0,"enemies":"Gremlin Gang","floor":12.0,"turns":4.0},{"damage":0.0,"enemies":"Looter","floor":14.0,"turns":3.0},{"damage":31,"enemies":"Slime Boss","floor":16,"turns":14}],"seed_played":"2898614844980381627","potions_obtained":[{"floor":2.0,"key":"Explosive Potion"},{"floor":7.0,"key":"SteroidPotion"},{"floor":10.0,"key":"Weak Potion"}],"is_trial":false,"path_per_floor":["M","M","M","$","M","R","E","M","T","E","?","M","R","M","R","B"],"character_chosen":"DEFECT","items_purchased":["Conserve Battery"],"campfire_rested":2,"item_purchase_floors":[4],"current_hp_per_floor":[63,49,39,39,33,54,47,45,45,15,15,6,29,29,29,0],"gold":178,"neow_bonus":"RANDOM_COMMON_RELIC","is_prod":false,"is_daily":false,"chose_seed":false,"campfire_upgraded":1,"win_rate":0,"timestamp":1551978457,"path_taken":["M","M","M","$","M","R","E","?","T","E","?","M","R","M","R","BOSS"],"build_version":"2019-01-23","purchased_purges":1,"victory":false,"max_hp_per_floor":[71,71,71,71,71,71,71,71,71,78,78,78,78,78,78,78],"card_choices":[{"not_picked":["Turbo","Go for the Eyes"],"picked":"Gash","floor":1.0},{"not_picked":["Aggregate","Go for the Eyes","Steam"],"picked":"SKIP","floor":2.0},{"not_picked":["Aggregate","Go for the Eyes","Steam"],"picked":"SKIP","floor":2.0},{"not_picked":["Redo","Tempest"],"picked":"Gash","floor":3.0},{"not_picked":["Cold Snap","Steam"],"picked":"Glacier","floor":5.0},{"not_picked":["Barrage","Conserve Battery"],"picked":"Reboot","floor":7.0},{"not_picked":["Scrape","Go for the Eyes"],"picked":"Glacier","floor":8.0},{"not_picked":["Hello World","Buffer","Reprogram"],"picked":"SKIP","floor":10.0},{"not_picked":["Streamline","Go for the Eyes"],"picked":"Cold Snap","floor":12.0},{"not_picked":["Compile Driver","Ball Lightning"],"picked":"Cold Snap","floor":14.0}],"player_experience":4491559,"relics_obtained":[{"floor":7.0,"key":"Kunai"},{"floor":9.0,"key":"Tiny Chest"},{"floor":10.0,"key":"Strawberry"}],"event_choices":[{"cards_removed":["Strike_B"],"damage_healed":0.0,"max_hp_gain":0.0,"max_hp_loss":0.0,"gold_gain":0.0,"event_name":"Living Wall","player_choice":"Forget","floor":11.0,"gold_loss":0.0,"damage_taken":0.0}],"is_beta":false,"boss_relics":[],"items_purged_floors":[4],"is_endless":false,"potions_floor_spawned":[2,7,10],"killed_by":"Slime Boss","ascension_level":20}