{"gold_per_floor":[119,194,210,210,93,93,113,131,131,131,146,224,243,258,258,354,354,354,354,369,72,72,72,72,72,72,93,93,114,114,137,137,228,228,242,265,265,265,82,82,126,145,195,219,219,234,234,84,84,84],"floor_reached":50,"playtime":2451,"items_purged":["Strike_B","Writhe","Strike_B","Doubt"],"score":954,"play_id":"429967bc-6e6f-4c93-a6ba-aca102645f7a","local_time":"20190321002532","is_ascension_mode":true,"campfire_choices":[{"floor":6.0,"key":"REST"},{"floor":10.0,"key":"REST"},{"floor":15.0,"key":"REST"},{"floor":24.0,"key":"REST"},{"floor":28.0,"key":"REST"},{"data":"Buffer","floor":30.0,"key":"SMITH"},{"floor":32.0,"key":"REST"},{"floor":40.0,"key":"REST"},{"floor":47.0,"key":"REST"},{"data":"Defragment","floor":49.0,"key":"SMITH"}],"neow_cost":"TEN_PERCENT_HP_LOSS","seed_source_timestamp":1363005432154,"circlet_count":0,"master_deck":["AscendersBane","Defend_B","Defend_B","Defend_B","Defend_B","Zap","Dualcast","Barrage","Cold Snap","Loop","FTL","Go for the Eyes","Capacitor","FTL","Leap","Barrage","Buffer+1","Panache","Glacier","Reinforced Body+1","Amplify+1","Conserve Battery+1","Rainbow+1","White Noise+1","Defragment+1","Flash of Steel","Coolheaded+1","Capacitor+1","Skim+1"],"special_seed":0,"relics":["Cracked Core","Golden Idol","Gambling Chip","Ginger","Velvet Choker","Kunai","Toxic Egg 2","Vajra","Lizard Tail","DataDisk","Juzu Bracelet"],"potions_floor_usage":[50],"damage_taken":[{"damage":3.0,"enemies":"Small Slimes","floor":1.0,"turns":4.0},{"damage":7.0,"enemies":"Jaw Worm","floor":3.0,"turns":3.0},{"damage":0.0,"enemies":"Cultist","floor":7.0,"turns":4.0},{"damage":4.0,"enemies":"Looter","floor":8.0,"turns":3.0},{"damage":5.0,"enemies":"Exordium Wildlife","floor":11.0,"turns":3.0},{"damage":28.0,"enemies":"3 Sentries","floor":12.0,"turns":6.0},{"damage":6.0,"enemies":"Large Slime","floor":13.0,"turns":4.0},{"damage":1.0,"enemies":"2 Fungi Beasts","floor":14.0,"turns":4.0},{"damage":12.0,"enemies":"The Guardian","floor":16.0,"turns":13.0},{"damage":0.0,"enemies":"2 Thieves","floor":18.0,"turns":1.0},{"damage":0.0,"enemies":"3 Byrds","floor":20.0,"turns":5.0},{"damage":20.0,"enemies":"Colosseum Slavers","floor":23.0,"turns":6.0},{"damage":18.0,"enemies":"Snake Plant","floor":27.0,"turns":5.0},{"damage":11.0,"enemies":"Snecko","floor":29.0,"turns":6.0},{"damage":18.0,"enemies":"Sentry and Sphere","floor":31.0,"turns":8.0},{"damage":11.0,"enemies":"Collector","floor":33.0,"turns":15.0},{"damage":42.0,"enemies":"3 Darklings","floor":35.0,"turns":6.0},{"damage":6.0,"enemies":"Orb Walker","floor":36.0,"turns":6.0},{"damage":0.0,"enemies":"Giant Head","floor":41.0,"turns":10.0},{"damage":45.0,"enemies":"Jaw Worm Horde","floor":42.0,"turns":6.0},{"damage":0.0,"enemies":"Sphere and 2 Shapes","floor":44.0,"turns":6.0},{"damage":26.0,"enemies":"Transient","floor":46.0,"turns":6.0},{"damage":66,"enemies":"Awakened One","floor":50,"turns":4}],"seed_played":"-5148312132224748894","potions_obtained":[{"floor":1.0,"key":"SmokeBomb"},{"floor":11.0,"key":"Energy Potion"},{"floor":13.0,"key":"Regen Potion"},{"floor":36.0,"key":"FocusPotion"},{"floor":42.0,"key":"Ancient Potion"}],"is_trial":false,"path_per_floor":["M","?","M","?","$","R","M","M","T","R","M","?","M","M","R","B",null,"M","?","M","$","?","?","R","T","T","M","R","M","R","M","R","B",null,"M","M","?","?","$","R","E","M","T","M","?","M","R","$","R","B"],"character_chosen":"DEFECT","items_purchased":["Loop","Panache","Coolheaded+1"],"campfire_rested":8,"item_purchase_floors":[5,21,39],"current_hp_per_floor":[61,50,43,21,21,40,40,36,36,55,50,22,16,15,34,37,57,57,57,57,57,57,37,56,56,56,38,57,46,46,28,47,36,57,15,9,9,9,9,28,28,17,17,17,64,38,57,57,57,0],"gold":84,"neow_bonus":"REMOVE_TWO","is_prod":false,"is_daily":false,"chose_seed":false,"campfire_upgraded":2,"win_rate":0,"timestamp":1553142332,"path_taken":["M","?","M","?","?","R","?","M","T","R","M","?","M","M","R","BOSS","M","?","M","$","?","?","R","?","T","M","R","M","R","M","R","BOSS","M","M","?","?","?","R","E","M","T","M","?","M","R","$","R","BOSS"],"build_version":"2019-01-23","purchased_purges":4,"victory":false,"max_hp_per_floor":[64,64,64,64,64,64,64,64,64,64,64,64,64,64,64,64,64,64,64,64,64,64,64,64,64,64,64,64,64,64,64,64,64,64,64,64,64,64,64,64,64,64,64,64,64,64,64,64,64,64],"card_choices":[{"not_picked":["Conserve Battery","Stack"],"picked":"Barrage","floor":1.0},{"not_picked":["Sweeping Beam","Barrage"],"picked":"Cold Snap","floor":3.0},{"not_picked":["Reprogram","Steam Power"],"picked":"FTL","floor":7.0},{"not_picked":["Leap","Barrage"],"picked":"Go for the Eyes","floor":8.0},{"not_picked":["Darkness","Compile Driver"],"picked":"Capacitor","floor":11.0},{"not_picked":["Go for the Eyes","Static Discharge"],"picked":"FTL","floor":12.0},{"not_picked":["Ball Lightning","Stack"],"picked":"Leap","floor":13.0},{"not_picked":["Recycle","Force Field"],"picked":"Barrage","floor":14.0},{"not_picked":["Multi-Cast","Core Surge"],"picked":"Buffer","floor":16.0},{"not_picked":["Compile Driver","Rebound","White Noise"],"picked":"SKIP","floor":20.0},{"not_picked":["Streamline","Melter"],"picked":"Reinforced Body+1","floor":27.0},{"not_picked":["Redo+1","Turbo+1"],"picked":"Amplify+1","floor":29.0},{"not_picked":["Go for the Eyes","Beam Cell"],"picked":"Conserve Battery+1","floor":31.0},{"not_picked":["Meteor Strike","Creative AI"],"picked":"Rainbow+1","floor":33.0},{"not_picked":["Rebound","Steam+1"],"picked":"White Noise+1","floor":35.0},{"not_picked":["Genetic Algorithm+1","Lockon+1"],"picked":"Defragment","floor":36.0},{"not_picked":["Madness+1","Transmutation+1"],"picked":"Flash of Steel","floor":37.0},{"not_picked":["Amplify+1","Reinforced Body+1"],"picked":"Capacitor+1","floor":41.0},{"not_picked":["Beam Cell","Sweeping Beam+1","Go for the Eyes"],"picked":"SKIP","floor":42.0},{"not_picked":["Go for the Eyes+1","Coolheaded+1"],"picked":"Skim+1","floor":44.0},{"not_picked":["Ball Lightning","Rebound","Gash"],"picked":"SKIP","floor":46.0}],"player_experience":558540,"relics_obtained":[{"floor":9.0,"key":"Gambling Chip"},{"floor":12.0,"key":"Ginger"},{"floor":25.0,"key":"Toxic Egg 2"},{"floor":26.0,"key":"Vajra"},{"floor":41.0,"key":"DataDisk"},{"floor":43.0,"key":"Juzu Bracelet"}],"event_choices":[{"damage_healed":0.0,"max_hp_gain":0.0,"max_hp_loss":0.0,"gold_gain":75.0,"event_name":"World of Goop","player_choice":"Gather Gold","floor":2.0,"gold_loss":0.0,"damage_taken":11.0},{"damage_healed":0.0,"max_hp_gain":0.0,"max_hp_loss":0.0,"gold_gain":0.0,"event_name":"Golden Idol","player_choice":"Take Damage","floor":4.0,"gold_loss":0.0,"damage_taken":22.0,"relics_obtained":["Golden Idol"]},{"damage_healed":0.0,"max_hp_gain":0.0,"max_hp_loss":0.0,"gold_gain":0.0,"event_name":"Dead Adventurer","player_choice":"Searched \u00271\u0027 times","floor":12.0,"gold_loss":0.0,"damage_taken":0.0},{"damage_healed":0.0,"max_hp_gain":0.0,"max_hp_loss":0.0,"gold_gain":0.0,"event_name":"The Mausoleum","player_choice":"Opened","floor":19.0,"gold_loss":0.0,"damage_taken":0.0,"relics_obtained":["Kunai"],"cards_obtained":["Writhe"]},{"damage_healed":0.0,"max_hp_gain":0.0,"max_hp_loss":0.0,"gold_gain":0.0,"event_name":"The Library","player_choice":"Read","floor":22.0,"gold_loss":0.0,"damage_taken":0.0,"cards_obtained":["Glacier"]},{"damage_healed":0.0,"max_hp_gain":0.0,"max_hp_loss":0.0,"gold_gain":0.0,"event_name":"Colosseum","player_choice":"Fight","floor":23.0,"gold_loss":0.0,"damage_taken":0.0},{"damage_healed":0.0,"max_hp_gain":0.0,"max_hp_loss":0.0,"gold_gain":0.0,"event_name":"Colosseum","player_choice":"Fled From Nobs","floor":23.0,"gold_loss":0.0,"damage_taken":0.0},{"damage_healed":0.0,"max_hp_gain":0.0,"max_hp_loss":0.0,"gold_gain":0.0,"event_name":"SensoryStone","player_choice":"Memory 1","floor":37.0,"gold_loss":0.0,"damage_taken":0.0},{"damage_healed":0.0,"max_hp_gain":0.0,"max_hp_loss":0.0,"gold_gain":0.0,"event_name":"Tomb of Lord Red Mask","player_choice":"Ignored","floor":38.0,"gold_loss":0.0,"damage_taken":0.0},{"damage_healed":47.0,"max_hp_gain":0.0,"max_hp_loss":0.0,"gold_gain":0.0,"event_name":"MindBloom","player_choice":"Heal","floor":45.0,"gold_loss":0.0,"damage_taken":0.0,"cards_obtained":["Doubt"]}],"is_beta":false,"boss_relics":[{"not_picked":["Pandora\u0027s Box","Fusion Hammer"],"picked":"Velvet Choker"},{"not_picked":["FrozenCore","Busted Crown"],"picked":"Lizard Tail"}],"items_purged_floors":[5,21,39,48],"is_endless":false,"potions_floor_spawned":[1,11,13,14,18,23,36,42],"killed_by":"Awakened One","ascension_level":19}