{"gold_per_floor":[112,126,126,142,154,154,166,166,166,166,175,184,207,33,33,33],"floor_reached":16,"playtime":392,"items_purged":[],"score":234,"play_id":"7c967b89-9dd8-458a-8a07-30d3252e6b25","local_time":"20190130004726","is_ascension_mode":true,"campfire_choices":[{"data":"Disarm","floor":6,"key":"SMITH"},{"floor":8,"key":"REST"},{"floor":10,"key":"REST"},{"data":"Battle Trance","floor":15,"key":"SMITH"}],"neow_cost":"","seed_source_timestamp":0,"circlet_count":0,"master_deck":["AscendersBane","Strike_R","Strike_R","Strike_R","Strike_R","Strike_R","Defend_R","Defend_R","Defend_R","Defend_R","Bash","Seeing Red","Infernal Blade","Disarm+1","Battle Trance+1","Whirlwind","True Grit","Shrug It Off","Metallicize","Spot Weakness","Limit Break"],"relics":["Burning Blood","AscMod:CursedFlame","AscMod:MegaStarOfAscension","AscMod:CursedBank","CultistMask","Unceasing Top","The Courier"],"potions_floor_usage":[7,13,13,16],"damage_taken":[{"damage":8,"enemies":"2 Louse","floor":1,"turns":4},{"damage":1,"enemies":"Cultist","floor":2,"turns":3},{"damage":7,"enemies":"Small Slimes","floor":4,"turns":4},{"damage":22,"enemies":"Gremlin Gang","floor":5,"turns":8},{"damage":23,"enemies":"Lots of Slimes","floor":7,"turns":6},{"damage":8,"enemies":"2 Fungi Beasts","floor":11,"turns":4},{"damage":0,"enemies":"Large Slime","floor":12,"turns":4},{"damage":35,"enemies":"3 Sentries","floor":13,"turns":8},{"damage":26,"enemies":"The Guardian","floor":16,"turns":15}],"seed_played":"-974688888997388096","potions_obtained":[{"floor":1,"key":"Weak Potion"},{"floor":7,"key":"AttackPotion"},{"floor":12,"key":"FearPotion"},{"floor":13,"key":"Fruit Juice"}],"is_trial":true,"path_per_floor":["M","M","?","M","M","R","M","R","T","R","M","M","E","$","R","B"],"character_chosen":"IRONCLAD","items_purchased":["Spot Weakness","Limit Break"],"campfire_rested":2,"item_purchase_floors":[14,14],"current_hp_per_floor":[65,69,69,67,50,50,32,50,50,68,65,70,44,44,44,18],"gold":33,"neow_bonus":"","is_prod":false,"is_daily":false,"chose_seed":false,"campfire_upgraded":2,"win_rate":0,"timestamp":1548776846,"path_taken":["M","M","?","M","M","R","M","R","T","R","M","M","E","$","R","BOSS"],"build_version":"2019-01-23","purchased_purges":0,"victory":false,"max_hp_per_floor":[75,75,75,75,75,75,75,75,75,75,75,75,80,80,80,80],"card_choices":[{"not_picked":["Uppercut","Ghostly Armor"],"picked":"Seeing Red","floor":1},{"not_picked":["Power Through","Body Slam"],"picked":"Infernal Blade","floor":2},{"not_picked":["Reckless Charge","Searing Blow"],"picked":"Disarm","floor":4},{"not_picked":["Dropkick","Clash"],"picked":"Battle Trance","floor":5},{"not_picked":["Warcry","Corruption"],"picked":"Whirlwind","floor":7},{"not_picked":["Heavy Blade","Wild Strike"],"picked":"True Grit","floor":11},{"not_picked":["Iron Wave","Anger"],"picked":"Shrug It Off","floor":12},{"not_picked":["Clothesline","Sword Boomerang"],"picked":"Metallicize","floor":13}],"player_experience":4164778,"relics_obtained":[{"floor":9,"key":"Unceasing Top"},{"floor":13,"key":"The Courier"}],"event_choices":[{"damage_healed":0,"gold_gain":0,"player_choice":"Trade","damage_taken":0,"relics_obtained":["CultistMask"],"max_hp_gain":0,"max_hp_loss":0,"event_name":"FaceTrader","floor":3,"gold_loss":0}],"is_beta":false,"boss_relics":[],"items_purged_floors":[],"is_endless":false,"potions_floor_spawned":[1,7,12,13],"killed_by":"The Guardian","ascension_level":25}