{"gold_per_floor":[13,13,33,43,57,57,120,120,143,68,78,78,93,123,123,196,196,209,209,209,223,11,11,11,11,92,92,118,129,129,149,149,223,223,233,98,110,127,146,146],"floor_reached":40,"playtime":1860,"items_purged":["Defend_B","Defend_B"],"score":866,"play_id":"2e8012ae-3fd8-4925-87bb-7ba8e762a1e5","local_time":"20190308015855","is_ascension_mode":true,"campfire_choices":[{"data":"Coolheaded","floor":6.0,"key":"SMITH"},{"floor":8.0,"key":"REST"},{"data":"Hologram","floor":15.0,"key":"SMITH"},{"data":"Loop","floor":23,"key":"SMITH"},{"floor":25,"key":"REST"},{"data":"Dualcast","floor":27,"key":"SMITH"},{"floor":30,"key":"REST"},{"floor":32,"key":"REST"}],"neow_cost":"NO_GOLD","seed_source_timestamp":28750687123400,"circlet_count":0,"master_deck":["AscendersBane","Strike_B+1","Zap+1","Dualcast+1","FTL","Streamline","Hologram+1","Coolheaded+1","Cold Snap","Genetic Algorithm","Meteor Strike","Coolheaded+1","BootSequence","Force Field","Loop+1","Skim","Double Energy","Double Energy","Machine Learning","Capacitor","Compile Driver","Turbo"],"special_seed":0,"relics":["Cracked Core","Bag of Preparation","Smiling Mask","FaceOfCleric","Regal Pillow","Sozu","Pantograph","Vajra","Empty Cage"],"potions_floor_usage":[28],"damage_taken":[{"damage":7.0,"enemies":"Jaw Worm","floor":1.0,"turns":3.0},{"damage":2.0,"enemies":"Small Slimes","floor":3.0,"turns":2.0},{"damage":0.0,"enemies":"2 Louse","floor":4.0,"turns":2.0},{"damage":1.0,"enemies":"Exordium Thugs","floor":5.0,"turns":4.0},{"damage":12.0,"enemies":"Gremlin Nob","floor":7.0,"turns":3.0},{"damage":1.0,"enemies":"Looter","floor":11.0,"turns":3.0},{"damage":13.0,"enemies":"Lots of Slimes","floor":13.0,"turns":4.0},{"damage":6.0,"enemies":"Gremlin Nob","floor":14.0,"turns":3.0},{"damage":15.0,"enemies":"The Guardian","floor":16.0,"turns":14.0},{"damage":18,"enemies":"2 Thieves","floor":18,"turns":4},{"damage":33,"enemies":"3 Byrds","floor":21,"turns":6},{"damage":59,"enemies":"Gremlin Leader","floor":28,"turns":8},{"damage":2,"enemies":"Snake Plant","floor":29,"turns":5},{"damage":20,"enemies":"Cultist and Chosen","floor":31,"turns":10},{"damage":51,"enemies":"Automaton","floor":33,"turns":11},{"damage":4,"enemies":"3 Shapes","floor":35,"turns":4},{"damage":5,"enemies":"3 Darklings","floor":37,"turns":4},{"damage":0,"enemies":"Sphere and 2 Shapes","floor":38,"turns":3},{"damage":7,"enemies":"Transient","floor":39,"turns":4},{"damage":68,"enemies":"Nemesis","floor":40,"turns":5}],"seed_played":"-3831331228493488094","potions_obtained":[{"floor":1.0,"key":"Poison Potion"},{"floor":3.0,"key":"Explosive Potion"},{"floor":4.0,"key":"FocusPotion"},{"floor":14.0,"key":"FairyPotion"},{"floor":16.0,"key":"Strength Potion"}],"is_trial":false,"path_per_floor":["M","?","M","M","M","R","?","R","T","?","M","?","M","E","R","B",null,"M","?","?","M","$","R","$","R","T","R","E","M","R","M","R","B",null,"M","$","M","M","M","E"],"character_chosen":"DEFECT","items_purchased":["Force Field","Loop","Capacitor"],"campfire_rested":4,"item_purchase_floors":[22,22,36],"current_hp_per_floor":[57,36,34,34,33,33,21,42,42,42,41,41,29,24,24,10,58,41,41,41,9,9,9,9,46,46,46,8,7,45,26,64,29,67,64,64,60,61,55,0],"gold":146,"neow_bonus":"REMOVE_TWO","is_prod":false,"is_daily":false,"chose_seed":false,"campfire_upgraded":4,"win_rate":0,"timestamp":1551977935,"path_taken":["M","?","M","M","M","R","?","R","T","?","M","?","M","E","R","BOSS","M","?","?","?","$","R","$","R","T","R","E","M","R","?","R","BOSS","M","$","M","?","M","E"],"build_version":"2019-01-23","purchased_purges":2,"victory":false,"max_hp_per_floor":[71,71,71,71,71,71,71,71,71,71,71,71,72,73,73,74,74,75,75,75,76,76,76,76,76,76,76,77,78,78,79,79,80,80,81,81,82,83,84,84],"card_choices":[{"not_picked":["Consume","Aggregate"],"picked":"FTL","floor":1.0},{"not_picked":["Static Discharge","Undo"],"picked":"Streamline","floor":3.0},{"not_picked":["Rip and Tear","Leap"],"picked":"Hologram","floor":4.0},{"not_picked":["Go for the Eyes","Compile Driver"],"picked":"Coolheaded","floor":5.0},{"not_picked":["Hello World","Aggregate"],"picked":"Cold Snap","floor":7.0},{"not_picked":["Lockon","Cold Snap","Stack"],"picked":"SKIP","floor":11.0},{"not_picked":["Self Repair","Sweeping Beam","Beam Cell"],"picked":"SKIP","floor":13.0},{"not_picked":["Skim","Self Repair"],"picked":"Genetic Algorithm","floor":14.0},{"not_picked":["Multi-Cast","Buffer"],"picked":"Meteor Strike","floor":16.0},{"not_picked":["Streamline","Stack"],"picked":"Coolheaded","floor":18},{"not_picked":["Coolheaded+1","Heatsinks"],"picked":"BootSequence","floor":21},{"not_picked":["Amplify","Scrape"],"picked":"Skim","floor":28},{"not_picked":["Stack","Redo"],"picked":"Double Energy","floor":29},{"not_picked":["Genetic Algorithm","Stack"],"picked":"Double Energy","floor":31},{"not_picked":["Hyperbeam","Buffer"],"picked":"Machine Learning","floor":33},{"not_picked":["Scrape","Gash","Cold Snap"],"picked":"SKIP","floor":35},{"not_picked":["Stack+1","Ball Lightning"],"picked":"Compile Driver","floor":37},{"not_picked":["White Noise","Stack"],"picked":"Turbo","floor":38},{"not_picked":["Barrage","Hello World","Capacitor"],"picked":"SKIP","floor":39}],"player_experience":4489699,"relics_obtained":[{"floor":7.0,"key":"Bag of Preparation"},{"floor":9.0,"key":"Smiling Mask"},{"floor":14.0,"key":"Regal Pillow"},{"floor":26,"key":"Pantograph"},{"floor":28,"key":"Vajra"}],"event_choices":[{"damage_healed":0.0,"max_hp_gain":0.0,"max_hp_loss":0.0,"gold_gain":0.0,"event_name":"Shining Light","player_choice":"Entered Light","floor":2.0,"gold_loss":0.0,"damage_taken":21.0,"cards_upgraded":["Zap","Strike_B"]},{"damage_healed":0.0,"max_hp_gain":0.0,"max_hp_loss":0.0,"gold_gain":0.0,"event_name":"Dead Adventurer","player_choice":"Searched \u00271\u0027 times","floor":7.0,"gold_loss":0.0,"damage_taken":0.0},{"cards_removed":["Strike_B"],"damage_healed":0.0,"max_hp_gain":0.0,"max_hp_loss":0.0,"gold_gain":0.0,"event_name":"The Cleric","player_choice":"Card Removal","floor":10.0,"gold_loss":75.0,"damage_taken":0.0},{"damage_healed":0.0,"max_hp_gain":0.0,"max_hp_loss":0.0,"gold_gain":0.0,"event_name":"FaceTrader","player_choice":"Trade","floor":12.0,"gold_loss":0.0,"damage_taken":0.0,"relics_obtained":["FaceOfCleric"]},{"damage_healed":0,"gold_gain":0,"player_choice":"Ignored","damage_taken":0,"max_hp_gain":0,"max_hp_loss":0,"event_name":"Ghosts","floor":19,"gold_loss":0},{"damage_healed":0,"gold_gain":0,"player_choice":"Forge","damage_taken":0,"max_hp_gain":0,"max_hp_loss":0,"event_name":"Accursed Blacksmith","floor":20,"gold_loss":0,"cards_upgraded":["Coolheaded"]}],"is_beta":false,"boss_relics":[{"not_picked":["Fusion Hammer","Velvet Choker"],"picked":"Sozu"},{"not_picked":["Snecko Eye","Calling Bell"],"picked":"Empty Cage"}],"items_purged_floors":[22,36],"is_endless":false,"potions_floor_spawned":[1,3,4,14,16,21,31,35],"killed_by":"Nemesis","ascension_level":20}