{"gold_per_floor":[116,133,133,151,30,30,48,48,48,60,75,88,88,102,102,207,207,227,73,73,73,96,124,124,137,137,137,137,137,154,154,154,255,255,268,268,268,285,301,301,96,96,96,130,148,148,173,186,186,186],"floor_reached":51,"playtime":1070,"items_purged":["Strike_R","Strike_R"],"score":717,"play_id":"8d53f57c-cd37-458e-9c76-e2fe7c9fe270","local_time":"20190321034524","is_ascension_mode":false,"campfire_choices":[{"data":"Shockwave","floor":6.0,"key":"SMITH"},{"data":"Armaments","floor":8.0,"key":"SMITH"},{"data":"Immolate","floor":13.0,"key":"SMITH"},{"data":"Inflame","floor":15.0,"key":"SMITH"},{"data":"Limit Break","floor":24,"key":"SMITH"},{"data":"Heavy Blade","floor":27,"key":"SMITH"},{"data":"Bludgeon","floor":29,"key":"SMITH"},{"data":"Uppercut","floor":32,"key":"SMITH"},{"data":"Double Tap","floor":40,"key":"SMITH"},{"data":"Twin Strike","floor":46,"key":"SMITH"},{"data":"Metallicize","floor":49,"key":"SMITH"}],"neow_cost":"NONE","seed_source_timestamp":66256491911873,"circlet_count":0,"master_deck":["Strike_R","Defend_R","Defend_R","Defend_R","Bash+1","Wild Strike","Battle Trance","Shockwave+1","Twin Strike+1","Armaments+1","Cleave","Immolate+1","Inflame+1","Metallicize+1","Limit Break+1","Shrug It Off+1","Heavy Blade+1","Shame","Bludgeon+1","Sword Boomerang+1","Uppercut+1","Double Tap+1","Dual Wield+1","Infernal Blade+1","Carnage+1","Flex+1","Impatience","Pummel+1","Havoc+1","Sword Boomerang+1","Burning Pact+1"],"special_seed":0,"relics":["Burning Blood","Bag of Marbles","Bird Faced Urn","Velvet Choker","Mango","MutagenicStrength","Blood Vial","Incense Burner","WingedGreaves","Astrolabe","Brimstone","Art of War","Question Card","Smiling Mask"],"potions_floor_usage":[50,50],"damage_taken":[{"damage":1.0,"enemies":"Jaw Worm","floor":1.0,"turns":3.0},{"damage":0.0,"enemies":"Cultist","floor":2.0,"turns":3.0},{"damage":0.0,"enemies":"2 Louse","floor":4.0,"turns":3.0},{"damage":11.0,"enemies":"Blue Slaver","floor":7.0,"turns":3.0},{"damage":2.0,"enemies":"3 Louse","floor":10.0,"turns":3.0},{"damage":0.0,"enemies":"2 Fungi Beasts","floor":11.0,"turns":2.0},{"damage":0.0,"enemies":"Lots of Slimes","floor":12.0,"turns":1.0},{"damage":3.0,"enemies":"3 Louse","floor":14.0,"turns":2.0},{"damage":3.0,"enemies":"Slime Boss","floor":16.0,"turns":7.0},{"damage":16.0,"enemies":"Spheric Guardian","floor":18.0,"turns":4.0},{"damage":24.0,"enemies":"Slavers","floor":23.0,"turns":3.0},{"damage":12,"enemies":"Shell Parasite","floor":25,"turns":2},{"damage":11,"enemies":"Shelled Parasite and Fungi","floor":30,"turns":3},{"damage":49,"enemies":"Champ","floor":33,"turns":7},{"damage":9,"enemies":"Orb Walker","floor":35,"turns":3},{"damage":5,"enemies":"3 Shapes","floor":38,"turns":2},{"damage":0,"enemies":"Sphere and 2 Shapes","floor":39,"turns":3},{"damage":20,"enemies":"Giant Head","floor":44,"turns":5},{"damage":0,"enemies":"Spire Growth","floor":45,"turns":2},{"damage":23,"enemies":"Reptomancer","floor":47,"turns":3},{"damage":0,"enemies":"Transient","floor":48,"turns":5},{"damage":59,"enemies":"Time Eater","floor":50,"turns":5}],"seed_played":"-8400105774114200882","potions_obtained":[{"floor":3.0,"key":"SneckoOil"},{"floor":3.0,"key":"Energy Potion"},{"floor":3.0,"key":"PowerPotion"},{"floor":10.0,"key":"Strength Potion"},{"floor":25,"key":"EssenceOfSteel"},{"floor":39,"key":"SneckoOil"},{"floor":44,"key":"FearPotion"},{"floor":48,"key":"BloodPotion"}],"is_trial":false,"path_per_floor":["M","M","?","M","$","R","M","R","T","M","M","M","R","M","R","B",null,"M","$","?","?","T","E","R","M","T","R","?","R","M","?","R","B",null,"M","?","?","M","M","R","$","?","T","E","M","R","E","M","R","B",null],"character_chosen":"IRONCLAD","items_purchased":["Twin Strike","Heavy Blade","Brimstone"],"campfire_rested":0,"item_purchase_floors":[5,19,41],"current_hp_per_floor":[80,80,80,80,80,80,75,75,75,79,80,80,80,80,80,80,80,74,74,88,88,88,76,76,72,72,72,72,72,73,73,73,36,94,91,91,91,94,94,94,94,94,94,84,92,92,77,87,87,47],"gold":186,"neow_bonus":"RANDOM_COMMON_RELIC","is_prod":false,"is_daily":false,"chose_seed":false,"campfire_upgraded":11,"win_rate":0,"timestamp":1553161524,"path_taken":["M","M","?","M","$","R","M","R","T","M","?","M","R","M","R","BOSS","M","$","?","?","?","E","R","M","T","R","?","R","M","?","R","BOSS","M","?","?","M","M","R","$","?","T","E","M","R","E","M","R","BOSS"],"build_version":"2019-01-23","purchased_purges":2,"victory":true,"max_hp_per_floor":[80,80,80,80,80,80,80,80,80,80,80,80,80,80,80,80,80,80,80,94,94,94,94,94,94,94,94,94,94,94,94,94,94,94,94,94,94,94,94,94,94,94,94,94,94,94,94,94,94,94],"card_choices":[{"not_picked":["Body Slam","Clash"],"picked":"Wild Strike","floor":1.0},{"not_picked":["Rupture","Corruption"],"picked":"Battle Trance","floor":2.0},{"not_picked":["Havoc","Disarm"],"picked":"Shockwave","floor":4.0},{"not_picked":["True Grit","Havoc"],"picked":"Armaments","floor":7.0},{"not_picked":["Clothesline","Shrug It Off"],"picked":"Cleave","floor":10.0},{"not_picked":["Sword Boomerang","Rupture"],"picked":"Immolate","floor":11.0},{"not_picked":["Anger","Clash"],"picked":"Inflame","floor":12.0},{"not_picked":["Cleave","Warcry"],"picked":"Metallicize","floor":14.0},{"not_picked":["Brutality","Double Tap"],"picked":"Limit Break","floor":16.0},{"not_picked":["Shrug It Off+1","Havoc","Warcry"],"picked":"SKIP","floor":18.0},{"not_picked":["Havoc","Warcry"],"picked":"Shrug It Off+1","floor":18.0},{"not_picked":["Wild Strike","Twin Strike"],"picked":"Bludgeon","floor":23},{"not_picked":["Body Slam","Headbutt","Pommel Strike"],"picked":"SKIP","floor":25},{"not_picked":["Havoc","Brutality"],"picked":"Sword Boomerang+1","floor":30},{"not_picked":["Dark Embrace","Juggernaut"],"picked":"Double Tap","floor":33},{"not_picked":["Anger","Ghostly Armor+1"],"picked":"Flex+1","floor":35},{"not_picked":["Swift Strike","PanicButton"],"picked":"Impatience","floor":36},{"not_picked":["Carnage+1","Thunderclap+1","True Grit"],"picked":"SKIP","floor":38},{"not_picked":["Body Slam","Sword Boomerang"],"picked":"Pummel+1","floor":39},{"not_picked":["Twin Strike+1","Havoc+1","Flex"],"picked":"SKIP","floor":44},{"not_picked":["Twin Strike+1","Flex"],"picked":"Havoc+1","floor":44},{"not_picked":["Ghostly Armor","Uppercut","Flex"],"picked":"Sword Boomerang+1","floor":45},{"not_picked":["Dark Embrace","Disarm","Evolve+1","Pommel Strike"],"picked":"SKIP","floor":47},{"not_picked":["Havoc+1","Clash","Bloodletting"],"picked":"Burning Pact+1","floor":48}],"player_experience":1103807,"relics_obtained":[{"floor":9.0,"key":"Bird Faced Urn"},{"floor":22.0,"key":"Blood Vial"},{"floor":23,"key":"Incense Burner"},{"floor":26,"key":"WingedGreaves"},{"floor":43,"key":"Art of War"},{"floor":44,"key":"Question Card"},{"floor":47,"key":"Smiling Mask"}],"event_choices":[{"damage_healed":0.0,"max_hp_gain":0.0,"max_hp_loss":0.0,"gold_gain":0.0,"event_name":"Lab","player_choice":"Got Potions","floor":3.0,"gold_loss":0.0,"damage_taken":0.0},{"damage_healed":0.0,"max_hp_gain":0.0,"max_hp_loss":0.0,"gold_gain":0.0,"event_name":"Addict","player_choice":"Stole Relic","floor":20.0,"gold_loss":0.0,"damage_taken":0.0,"relics_obtained":["Mango"],"cards_obtained":["Shame"]},{"damage_healed":0.0,"max_hp_gain":0.0,"max_hp_loss":0.0,"gold_gain":0.0,"event_name":"Drug Dealer","player_choice":"Inject Mutagens","floor":21.0,"gold_loss":0.0,"damage_taken":0.0,"relics_obtained":["MutagenicStrength"]},{"damage_healed":0,"gold_gain":0,"player_choice":"Ignored","damage_taken":0,"max_hp_gain":0,"max_hp_loss":0,"event_name":"Ghosts","floor":28,"gold_loss":0},{"damage_healed":0,"gold_gain":0,"player_choice":"Read","damage_taken":0,"max_hp_gain":0,"max_hp_loss":0,"event_name":"The Library","floor":31,"gold_loss":0,"cards_obtained":["Uppercut"]},{"damage_healed":0,"gold_gain":0,"player_choice":"Memory 1","damage_taken":0,"max_hp_gain":0,"max_hp_loss":0,"event_name":"SensoryStone","floor":36,"gold_loss":0},{"damage_healed":0,"gold_gain":0,"player_choice":"Ignored","damage_taken":0,"max_hp_gain":0,"max_hp_loss":0,"event_name":"Mysterious Sphere","floor":37,"gold_loss":0},{"damage_healed":0,"gold_gain":0,"player_choice":"Forge","damage_taken":0,"max_hp_gain":0,"max_hp_loss":0,"event_name":"Accursed Blacksmith","floor":42,"gold_loss":0,"cards_upgraded":["Bash"]}],"is_beta":false,"boss_relics":[{"not_picked":["Ectoplasm","Black Star"],"picked":"Velvet Choker"},{"not_picked":["Lizard Tail","Eternal Feather"],"picked":"Astrolabe"}],"items_purged_floors":[5,19],"is_endless":false,"potions_floor_spawned":[7,10,12,25,39,44,45,48],"ascension_level":0}