{"gold_per_floor":[111,121,136,151,162,162,192,192,215,225,241,316,330,363,363,363],"floor_reached":16,"playtime":443,"items_purged":[],"score":232,"play_id":"cac56249-3163-4c51-8d7e-bffea909bcd6","local_time":"20190208235327","is_ascension_mode":true,"campfire_choices":[{"data":"Metallicize","floor":6,"key":"SMITH"},{"data":"Spot Weakness","floor":8,"key":"SMITH"},{"data":"Metallicize","floor":15,"key":"SMITH"}],"neow_cost":"NONE","seed_source_timestamp":795781271387300,"circlet_count":0,"master_deck":["AscendersBane","Strike_R","Strike_R","Strike_R","Strike_R","Strike_R","Defend_R","Defend_R","Defend_R","Defend_R","Bash","Spot Weakness+1","Anger","Sword Boomerang","Pommel Strike","Metallicize+1","Twin Strike","Twin Strike","Impervious","Metallicize+1"],"relics":["Burning Blood","Centennial Puzzle","Turnip","Blood Vial","Potion Belt"],"potions_floor_usage":[7,7,14,16],"damage_taken":[{"damage":11,"enemies":"Jaw Worm","floor":1,"turns":6},{"damage":16,"enemies":"Small Slimes","floor":2,"turns":4},{"damage":1,"enemies":"Cultist","floor":3,"turns":3},{"damage":7,"enemies":"Looter","floor":4,"turns":3},{"damage":6,"enemies":"2 Fungi Beasts","floor":5,"turns":2},{"damage":15,"enemies":"3 Sentries","floor":7,"turns":6},{"damage":5,"enemies":"Gremlin Gang","floor":10,"turns":4},{"damage":8,"enemies":"Blue Slaver","floor":11,"turns":2},{"damage":6,"enemies":"Large Slime","floor":13,"turns":8},{"damage":4,"enemies":"Gremlin Nob","floor":14,"turns":3},{"damage":65,"enemies":"Hexaghost","floor":16,"turns":9}],"seed_played":"-3915116680766522495","potions_obtained":[{"floor":1,"key":"AttackPotion"},{"floor":3,"key":"Regen Potion"},{"floor":7,"key":"FearPotion"},{"floor":14,"key":"GamblersBrew"}],"is_trial":false,"path_per_floor":["M","M","M","M","M","R","E","R","T","M","M","?","M","E","R","B"],"character_chosen":"IRONCLAD","items_purchased":[],"campfire_rested":0,"item_purchase_floors":[],"current_hp_per_floor":[63,53,58,57,57,57,63,63,63,66,66,55,57,61,61,0],"gold":363,"neow_bonus":"RANDOM_COMMON_RELIC","is_prod":false,"is_daily":false,"chose_seed":false,"campfire_upgraded":3,"win_rate":0,"timestamp":1549637607,"path_taken":["M","M","M","M","M","R","E","R","T","M","M","?","M","E","R","BOSS"],"build_version":"2019-01-23","purchased_purges":0,"victory":false,"max_hp_per_floor":[75,75,75,75,75,75,75,75,75,75,75,75,75,75,75,75],"card_choices":[{"not_picked":["Bloodletting","Rage"],"picked":"Spot Weakness","floor":1},{"not_picked":["Reckless Charge","Havoc"],"picked":"Anger","floor":2},{"not_picked":["Clash","Havoc"],"picked":"Sword Boomerang","floor":3},{"not_picked":["Flex","Anger"],"picked":"Pommel Strike","floor":4},{"not_picked":["Clothesline","Sever Soul"],"picked":"Metallicize","floor":5},{"not_picked":["Body Slam","Entrench"],"picked":"Twin Strike","floor":7},{"not_picked":["Havoc","Body Slam"],"picked":"Twin Strike","floor":10},{"not_picked":["Warcry","Second Wind"],"picked":"Impervious","floor":11},{"not_picked":["Thunderclap","Searing Blow","Cleave"],"picked":"SKIP","floor":13},{"not_picked":["Heavy Blade","Body Slam"],"picked":"Metallicize","floor":14}],"player_experience":4226227,"relics_obtained":[{"floor":7,"key":"Turnip"},{"floor":9,"key":"Blood Vial"},{"floor":14,"key":"Potion Belt"}],"event_choices":[{"damage_healed":0,"gold_gain":75,"player_choice":"Gather Gold","damage_taken":11,"max_hp_gain":0,"max_hp_loss":0,"event_name":"World of Goop","floor":12,"gold_loss":0}],"is_beta":false,"boss_relics":[],"items_purged_floors":[],"is_endless":false,"potions_floor_spawned":[1,3,4,7,14],"killed_by":"Hexaghost","ascension_level":20}