{"gold_per_floor":[112,132,132,144,154,154,187,187,214,236,261,273,284,311,311,311],"floor_reached":16,"playtime":800,"items_purged":[],"score":224,"play_id":"b162f66f-088c-4d04-854b-83e67b170a7f","local_time":"20190314015644","is_ascension_mode":true,"campfire_choices":[{"data":"Hemokinesis","floor":6.0,"key":"SMITH"},{"data":"Combust","floor":8.0,"key":"SMITH"},{"data":"Rupture","floor":15.0,"key":"SMITH"}],"neow_cost":"NONE","seed_source_timestamp":7105615499700,"circlet_count":0,"master_deck":["AscendersBane","Strike_R","Strike_R","Strike_R","Strike_R","Defend_R","Defend_R","Defend_R","Defend_R","Bash","Headbutt","Flame Barrier","Hemokinesis+1","Rage","Bloodletting","Battle Trance","Combust+1","Shrug It Off","Rupture+1","Berserk"],"special_seed":0,"relics":["Burning Blood","Happy Flower","Potion Belt","Odd Mushroom","Oddly Smooth Stone","PreservedInsect"],"potions_floor_usage":[16,16,16],"damage_taken":[{"damage":2.0,"enemies":"Jaw Worm","floor":1.0,"turns":4.0},{"damage":11.0,"enemies":"Cultist","floor":2.0,"turns":4.0},{"damage":5.0,"enemies":"2 Louse","floor":4.0,"turns":2.0},{"damage":3.0,"enemies":"Exordium Wildlife","floor":5.0,"turns":3.0},{"damage":24.0,"enemies":"3 Sentries","floor":7.0,"turns":6.0},{"damage":4.0,"enemies":"The Mushroom Lair","floor":10.0,"turns":3.0},{"damage":3.0,"enemies":"Exordium Thugs","floor":12.0,"turns":4.0},{"damage":10.0,"enemies":"Blue Slaver","floor":13.0,"turns":3.0},{"damage":32.0,"enemies":"Gremlin Nob","floor":14.0,"turns":4.0},{"damage":37,"enemies":"The Guardian","floor":16,"turns":11}],"seed_played":"-8791055422419155398","potions_obtained":[{"floor":2.0,"key":"Weak Potion"},{"floor":4.0,"key":"AttackPotion"},{"floor":7.0,"key":"Strength Potion"},{"floor":12.0,"key":"BloodPotion"}],"is_trial":false,"path_per_floor":["M","M","?","M","M","R","E","R","T","?","T","M","M","E","R","B"],"character_chosen":"IRONCLAD","items_purchased":[],"campfire_rested":0,"item_purchase_floors":[],"current_hp_per_floor":[72,67,67,68,71,71,53,53,53,55,55,58,54,28,28,0],"gold":311,"neow_bonus":"THREE_CARDS","is_prod":false,"is_daily":false,"chose_seed":false,"campfire_upgraded":3,"win_rate":0,"timestamp":1552496204,"path_taken":["M","M","?","?","M","R","E","R","T","?","?","M","?","E","R","BOSS"],"build_version":"2019-01-23","purchased_purges":0,"victory":false,"max_hp_per_floor":[75,75,75,75,75,75,75,75,75,75,75,75,75,75,75,75],"card_choices":[{"not_picked":["Warcry","Shrug It Off"],"picked":"Headbutt","floor":0.0},{"not_picked":["Body Slam","Iron Wave"],"picked":"Flame Barrier","floor":1.0},{"not_picked":["Sever Soul","Clothesline"],"picked":"Hemokinesis","floor":2.0},{"not_picked":["True Grit","Flex"],"picked":"Bloodletting","floor":4.0},{"not_picked":["Iron Wave","Warcry"],"picked":"Battle Trance","floor":5.0},{"not_picked":["Uppercut","Havoc"],"picked":"Combust","floor":7.0},{"not_picked":["Twin Strike","Wild Strike"],"picked":"Shrug It Off","floor":10.0},{"not_picked":["Thunderclap","Perfected Strike"],"picked":"Rupture","floor":12.0},{"not_picked":["Wild Strike","Flex"],"picked":"Berserk","floor":13.0},{"not_picked":["Thunderclap","Searing Blow","Headbutt"],"picked":"SKIP","floor":14.0}],"player_experience":4538464,"relics_obtained":[{"floor":7.0,"key":"Happy Flower"},{"floor":9.0,"key":"Potion Belt"},{"floor":10.0,"key":"Odd Mushroom"},{"floor":11.0,"key":"Oddly Smooth Stone"},{"floor":14.0,"key":"PreservedInsect"}],"event_choices":[{"damage_healed":0.0,"max_hp_gain":0.0,"max_hp_loss":0.0,"gold_gain":0.0,"cards_transformed":["Strike_R"],"event_name":"Transmorgrifier","player_choice":"Transformed","floor":3.0,"gold_loss":0.0,"damage_taken":0.0,"cards_obtained":["Rage"]},{"damage_healed":0.0,"max_hp_gain":0.0,"max_hp_loss":0.0,"gold_gain":0.0,"event_name":"Mushrooms","player_choice":"Fought Mushrooms","floor":10.0,"gold_loss":0.0,"damage_taken":0.0}],"is_beta":false,"boss_relics":[],"items_purged_floors":[],"is_endless":false,"potions_floor_spawned":[2,4,7,12],"killed_by":"The Guardian","ascension_level":20}