{"gold_per_floor":[114,130,148,166,166,166,166,14,66,66,91,112,112,112,112,112],"floor_reached":16,"playtime":344,"items_purged":[],"score":184,"play_id":"41e0f0b4-2a47-4b54-8f1c-4a5b07ee3863","local_time":"20190304231626","is_ascension_mode":true,"campfire_choices":[{"floor":6,"key":"REST"},{"floor":13,"key":"REST"},{"data":"Masterful Stab","floor":15,"key":"SMITH"}],"neow_cost":"NONE","seed_source_timestamp":1587920665853800,"circlet_count":0,"master_deck":["AscendersBane","Defend_G","Defend_G","Defend_G","Defend_G","Defend_G","Strike_G","Strike_G","Strike_G","Strike_G","Strike_G","Survivor","Neutralize","Deep Breath","Tactician","PiercingWail","Die Die Die","Quick Slash","Slice","Masterful Stab+1","PiercingWail","Bullet Time","Dagger Throw"],"relics":["Ring of the Snake","Golden Idol","Lantern","Bronze Scales"],"potions_floor_usage":[4,16],"damage_taken":[{"damage":7,"enemies":"Small Slimes","floor":1,"turns":4},{"damage":0,"enemies":"2 Louse","floor":2,"turns":4},{"damage":16,"enemies":"Jaw Worm","floor":3,"turns":8},{"damage":35,"enemies":"Large Slime","floor":4,"turns":9},{"damage":0,"enemies":"Looter","floor":11,"turns":3},{"damage":7,"enemies":"Blue Slaver","floor":12,"turns":3},{"damage":23,"enemies":"Slime Boss","floor":16,"turns":6}],"seed_played":"-2785259105930697552","potions_obtained":[{"floor":1,"key":"FearPotion"},{"floor":2,"key":"SpeedPotion"},{"floor":4,"key":"Energy Potion"}],"is_trial":false,"path_per_floor":["M","M","M","M","?","R","?","$","T","T","M","M","R","?","R","B"],"character_chosen":"THE_SILENT","items_purchased":["Slice","Masterful Stab","PiercingWail"],"campfire_rested":2,"item_purchase_floors":[8,8,8],"current_hp_per_floor":[52,52,36,1,1,20,20,20,20,20,20,13,32,32,32,9],"gold":112,"neow_bonus":"RANDOM_COLORLESS","is_prod":false,"is_daily":false,"chose_seed":false,"campfire_upgraded":1,"win_rate":0,"timestamp":1551708986,"path_taken":["M","M","M","M","?","R","?","$","T","?","M","M","R","?","R","BOSS"],"build_version":"2019-01-23","purchased_purges":0,"victory":false,"max_hp_per_floor":[66,66,66,66,66,66,66,66,66,66,66,66,66,66,66,66],"card_choices":[{"not_picked":["Acrobatics","Distraction"],"picked":"Tactician","floor":1},{"not_picked":["Bane","Deflect"],"picked":"PiercingWail","floor":2},{"not_picked":["Deflect","Acrobatics"],"picked":"Die Die Die","floor":3},{"not_picked":["Underhanded Strike","Deadly Poison"],"picked":"Quick Slash","floor":4},{"not_picked":["Blur","Quick Slash"],"picked":"Bullet Time","floor":11},{"not_picked":["PiercingWail","Poisoned Stab"],"picked":"Dagger Throw","floor":12}],"player_experience":4461389,"relics_obtained":[{"floor":9,"key":"Lantern"},{"floor":10,"key":"Bronze Scales"}],"event_choices":[{"damage_healed":0,"gold_gain":0,"player_choice":"Take Wound","damage_taken":0,"relics_obtained":["Golden Idol"],"max_hp_gain":0,"max_hp_loss":0,"event_name":"Golden Idol","floor":5,"gold_loss":0,"cards_obtained":["Injury"]},{"cards_removed":["Injury"],"damage_healed":0,"gold_gain":0,"player_choice":"Forget","damage_taken":0,"max_hp_gain":0,"max_hp_loss":0,"event_name":"Living Wall","floor":7,"gold_loss":0},{"damage_healed":0,"gold_gain":0,"player_choice":"Ignored","damage_taken":0,"max_hp_gain":0,"max_hp_loss":0,"event_name":"Liars Game","floor":14,"gold_loss":0}],"is_beta":false,"boss_relics":[],"items_purged_floors":[],"is_endless":false,"potions_floor_spawned":[1,2,4],"killed_by":"Slime Boss","ascension_level":20}