{"gold_per_floor":[113,126,139,63,23,23,23,37,37,37,55,55,133,19,19,96,96,115,115,15,15,114,114],"floor_reached":23,"playtime":943,"items_purged":["Strike_B","Strike_B"],"score":301,"play_id":"c0cf44d4-0147-4d9b-b18c-8786ccd3793b","local_time":"20190130210455","is_ascension_mode":true,"campfire_choices":[{"data":"Rainbow","floor":6,"key":"SMITH"},{"data":"Capacitor","floor":10,"key":"SMITH"},{"floor":12,"key":"REST"},{"data":"Dualcast","floor":15,"key":"SMITH"}],"neow_cost":"NONE","seed_source_timestamp":8239693541293,"circlet_count":0,"master_deck":["AscendersBane","Strike_B","Strike_B","Defend_B","Defend_B","Defend_B","Defend_B","Zap","Dualcast+1","Loop","Genetic Algorithm","Coolheaded","Rainbow+1","Capacitor+1","Hologram","Loop","Chaos","Writhe"],"relics":["Cracked Core","Singing Bowl","Sundial","Sozu","Du-Vu Doll"],"potions_floor_usage":[16,19],"damage_taken":[{"damage":1,"enemies":"Cultist","floor":1,"turns":3},{"damage":7,"enemies":"Jaw Worm","floor":2,"turns":3},{"damage":10,"enemies":"2 Louse","floor":3,"turns":3},{"damage":16,"enemies":"Large Slime","floor":8,"turns":7},{"damage":9,"enemies":"2 Fungi Beasts","floor":11,"turns":4},{"damage":60,"enemies":"Slime Boss","floor":16,"turns":9},{"damage":21,"enemies":"Spheric Guardian","floor":18,"turns":5},{"damage":39,"enemies":"Colosseum Slavers","floor":19,"turns":6},{"damage":4,"enemies":"Gremlin Leader","floor":23,"turns":1}],"seed_played":"3040231768466928139","potions_obtained":[{"floor":1,"key":"Energy Potion"},{"floor":3,"key":"Ancient Potion"},{"floor":11,"key":"FairyPotion"},{"floor":16,"key":"PowerPotion"}],"is_trial":false,"path_per_floor":["M","M","M","$","$","R","$","M","T","R","M","R","T","$","R","B",null,"M","?","$","?","?","E"],"character_chosen":"DEFECT","items_purchased":["Rainbow","Capacitor","Chaos"],"campfire_rested":1,"item_purchase_floors":[4,5,14],"current_hp_per_floor":[70,63,53,53,53,53,53,37,37,37,28,51,51,51,51,9,62,43,4,4,4,4,0],"gold":114,"neow_bonus":"TEN_PERCENT_HP_BONUS","is_prod":false,"is_daily":false,"chose_seed":false,"campfire_upgraded":3,"win_rate":0,"timestamp":1548900295,"path_taken":["M","M","M","?","$","R","$","M","T","R","M","R","?","$","R","BOSS","M","?","$","?","?","E"],"build_version":"2019-01-23","purchased_purges":2,"victory":false,"max_hp_per_floor":[78,78,78,78,78,78,78,78,78,78,78,78,78,78,78,80,80,82,82,82,82,82,82],"card_choices":[{"not_picked":["Ball Lightning","Chaos"],"picked":"Loop","floor":1},{"not_picked":["Blizzard","Steam"],"picked":"Genetic Algorithm","floor":2},{"not_picked":["Leap","Beam Cell"],"picked":"Coolheaded","floor":3},{"not_picked":["Barrage","Gash"],"picked":"Hologram","floor":8},{"not_picked":["Hologram","Chaos"],"picked":"Loop","floor":11},{"not_picked":["Meteor Strike","Multi-Cast","Hyperbeam"],"picked":"Singing Bowl","floor":16},{"not_picked":["White Noise","Sunder+1","Steam"],"picked":"Singing Bowl","floor":18}],"player_experience":500971,"relics_obtained":[{"floor":9,"key":"Singing Bowl"},{"floor":13,"key":"Sundial"}],"event_choices":[{"damage_healed":0,"gold_gain":0,"player_choice":"Fight","damage_taken":0,"max_hp_gain":0,"max_hp_loss":0,"event_name":"Colosseum","floor":19,"gold_loss":0},{"damage_healed":0,"gold_gain":0,"player_choice":"Fled From Nobs","damage_taken":0,"max_hp_gain":0,"max_hp_loss":0,"event_name":"Colosseum","floor":19,"gold_loss":0},{"damage_healed":0,"gold_gain":0,"player_choice":"Opened","damage_taken":0,"relics_obtained":["Du-Vu Doll"],"max_hp_gain":0,"max_hp_loss":0,"event_name":"The Mausoleum","floor":21,"gold_loss":0,"cards_obtained":["Writhe"]},{"damage_healed":0,"gold_gain":99,"player_choice":"Stole From Cult","damage_taken":0,"max_hp_gain":0,"max_hp_loss":0,"event_name":"Nest","floor":22,"gold_loss":0}],"is_beta":false,"boss_relics":[{"not_picked":["Velvet Choker","Runic Pyramid"],"picked":"Sozu"}],"items_purged_floors":[14,20],"is_endless":false,"potions_floor_spawned":[1,3,11,16,18],"killed_by":"Gremlin Leader","ascension_level":14}