{"gold_per_floor":[118,218,230,1,15,47,47,61,131,131,131,157,157,170,183,183,281,281,299,299,299,317,416,443,443,443,443,443,461,478,64,98,98,98,198,198,211,211,111,123,123,123,134,134,134,134,147,22,22,32,52,52,52,52,52,2,36,36],"floor_reached":58,"playtime":2559,"items_purged":["Clash","Endless Agony","Endless Agony+1"],"score":707,"play_id":"5fb5a222-8d75-470d-8238-b036e7cac5b3","local_time":"20190213033849","is_ascension_mode":false,"campfire_choices":[{"data":"Crippling Poison","floor":7.0,"key":"SMITH"},{"data":"Calculated Gamble","floor":11.0,"key":"SMITH"},{"data":"Acrobatics","floor":13.0,"key":"SMITH"},{"data":"Reflex","floor":16.0,"key":"SMITH"},{"data":"Crippling Poison","floor":25.0,"key":"SMITH"},{"floor":34,"key":"REST"},{"data":"1","floor":42,"key":"LIFT"},{"floor":44,"key":"RECALL"},{"floor":52,"key":"REST"},{"data":"2","floor":55,"key":"LIFT"}],"neow_cost":"NONE","seed_source_timestamp":1152645925891500,"circlet_count":0,"master_deck":["Backflip","Reflex+1","PiercingWail","Crippling Poison+1","Calculated Gamble+1","Bane+1","Dagger Throw+1","Acrobatics+1","Terror","Well Laid Plans","Hello World","Glacier","FTL","Warcry","Storm","Flex","Offering","Crippling Poison+1","Crippling Poison+1","Sadistic Nature","Barrage","Perfected Strike","Bandage Up","Magnetism","Doom and Gloom+1","Apotheosis","Bandage Up+1","Enlightenment","Dropkick+1","Redo+1","Dramatic Entrance+1","Spot Weakness","Rainbow","Body Slam+1"],"special_seed":0,"relics":["Astrolabe","PrismaticShard","Tingsha","Sundial","Bag of Marbles","Snecko Eye","Letter Opener","CultistMask","Snake Skull","Juzu Bracelet","Girya","HoveringKite","Gremlin Horn","Bottled Tornado"],"potions_floor_usage":[32,32,33,35,50,53,53,58,58],"damage_taken":[{"damage":0.0,"enemies":"2 Louse","floor":1.0,"turns":1.0},{"damage":0.0,"enemies":"Cultist","floor":3.0,"turns":2.0},{"damage":0.0,"enemies":"Jaw Worm","floor":5.0,"turns":2.0},{"damage":23.0,"enemies":"3 Sentries","floor":6.0,"turns":5.0},{"damage":0.0,"enemies":"2 Fungi Beasts","floor":8.0,"turns":2.0},{"damage":0.0,"enemies":"Gremlin Nob","floor":12.0,"turns":2.0},{"damage":0.0,"enemies":"Exordium Thugs","floor":14.0,"turns":1.0},{"damage":0.0,"enemies":"Looter","floor":15.0,"turns":3.0},{"damage":6.0,"enemies":"Slime Boss","floor":17.0,"turns":6.0},{"damage":0.0,"enemies":"Chosen","floor":19.0,"turns":3.0},{"damage":7.0,"enemies":"Spheric Guardian","floor":22.0,"turns":3.0},{"damage":12.0,"enemies":"Slavers","floor":24.0,"turns":3.0},{"damage":15.0,"enemies":"Centurion and Healer","floor":29.0,"turns":8.0},{"damage":24.0,"enemies":"Shelled Parasite and Fungi","floor":30.0,"turns":3.0},{"damage":6,"enemies":"Gremlin Leader","floor":32,"turns":4},{"damage":5,"enemies":"Colosseum Slavers","floor":33,"turns":2},{"damage":19,"enemies":"Collector","floor":35,"turns":7},{"damage":0,"enemies":"3 Shapes","floor":37,"turns":3},{"damage":7,"enemies":"Orb Walker","floor":40,"turns":2},{"damage":5,"enemies":"Sphere and 2 Shapes","floor":43,"turns":4},{"damage":3,"enemies":"Spire Growth","floor":47,"turns":3},{"damage":2,"enemies":"3 Darklings","floor":50,"turns":3},{"damage":22,"enemies":"Sphere and 2 Shapes","floor":51,"turns":4},{"damage":76,"enemies":"Time Eater","floor":53,"turns":10},{"damage":47,"enemies":"Shield and Spear","floor":57,"turns":6},{"damage":68,"enemies":"The Heart","floor":58,"turns":3}],"seed_played":"-5162624696831256416","potions_obtained":[{"floor":3.0,"key":"Strength Potion"},{"floor":5.0,"key":"Strength Potion"},{"floor":12.0,"key":"Ancient Potion"},{"floor":17.0,"key":"Energy Potion"},{"floor":24.0,"key":"AttackPotion"},{"floor":30.0,"key":"Swift Potion"},{"floor":32,"key":"EssenceOfSteel"},{"floor":35,"key":"Explosive Potion"},{"floor":40,"key":"PowerPotion"},{"floor":43,"key":"GamblersBrew"},{"floor":47,"key":"Block Potion"},{"floor":51,"key":"LiquidBronze"}],"is_trial":false,"path_per_floor":["M","?","M","$","M","E","R","M","T","T","R","E","R","M","M","R","B",null,"M","?","?","M","?","E","R","?","T","T","M","M","$","E","?","R","B",null,"M","?","$","M","?","R","M","R","T","T","M","$","T","M","M","R","B",null,"R","$","E","B"],"character_chosen":"THE_SILENT","items_purchased":["PrismaticShard","Well Laid Plans","Magnetism","Juzu Bracelet","Dexterity Potion"],"campfire_rested":2,"item_purchase_floors":[4,4,31,31,56],"current_hp_per_floor":[70,70,70,70,70,47,47,47,47,47,47,47,47,47,47,47,41,70,70,70,70,63,63,51,51,51,51,51,36,12,12,10,9,30,17,70,70,70,70,63,63,63,64,64,64,64,61,61,61,65,55,70,4,70,70,70,29,0],"gold":36,"neow_bonus":"BOSS_RELIC","is_prod":false,"is_daily":false,"chose_seed":false,"campfire_upgraded":5,"win_rate":0,"timestamp":1549996729,"path_taken":["M","?","M","$","M","E","R","M","T","R","E","R","?","M","R","BOSS","M","?","?","?","?","E","R","?","T","?","M","$","E","?","R","BOSS","M","?","$","M","?","R","M","R","T","M","$","?","M","M","R","BOSS","R","$","E","BOSS"],"build_version":"2019-01-23","purchased_purges":3,"victory":false,"max_hp_per_floor":[70,70,70,70,70,70,70,70,70,70,70,70,70,70,70,70,70,70,70,70,70,70,70,70,70,70,70,70,70,70,70,70,70,70,70,70,70,70,70,70,70,70,70,70,70,70,70,70,70,70,70,70,70,70,70,70,70,70],"card_choices":[{"not_picked":["Sucker Punch","Deflect"],"picked":"Acrobatics","floor":1.0},{"not_picked":["Flying Knee","Deflect"],"picked":"Terror","floor":3.0},{"not_picked":["Bloodletting","Ball Lightning"],"picked":"Hello World","floor":5.0},{"not_picked":["Armaments","Prepared"],"picked":"Glacier","floor":6.0},{"not_picked":["Clothesline","Stack"],"picked":"FTL","floor":8.0},{"not_picked":["Flechettes","Rebound"],"picked":"Warcry","floor":12.0},{"not_picked":["Lockon","Distraction"],"picked":"Storm","floor":14.0},{"not_picked":["Blur","Iron Wave"],"picked":"Flex","floor":15.0},{"not_picked":["Juggernaut","Immolate"],"picked":"Offering","floor":17.0},{"not_picked":["Backflip","Poisoned Stab+1"],"picked":"Clash","floor":19.0},{"not_picked":["Ball Lightning","Blizzard+1"],"picked":"Sadistic Nature","floor":22.0},{"not_picked":["Flame Barrier","Cleave"],"picked":"Barrage","floor":24.0},{"not_picked":["Wild Strike","Stack"],"picked":"Perfected Strike","floor":29.0},{"not_picked":["Self Repair","True Grit"],"picked":"Bandage Up","floor":30.0},{"not_picked":["Coolheaded","Wild Strike"],"picked":"Doom and Gloom+1","floor":32},{"not_picked":["Doppelganger","Berserk"],"picked":"Apotheosis","floor":35},{"not_picked":["Warcry+1","Rampage"],"picked":"Bandage Up+1","floor":37},{"not_picked":["Purity","Impatience"],"picked":"Enlightenment","floor":38},{"not_picked":["Deadly Poison","Rebound+1"],"picked":"Dropkick+1","floor":40},{"not_picked":["Pommel Strike+1","Sweeping Beam+1"],"picked":"Redo+1","floor":43},{"not_picked":["Dark Shackles+1","Backstab"],"picked":"Dramatic Entrance+1","floor":47},{"not_picked":["Blade Dance","Clothesline+1"],"picked":"Spot Weakness","floor":50},{"not_picked":["Quick Slash+1","Flying Knee+1"],"picked":"Rainbow","floor":51},{"not_picked":["Double Tap","Armaments+1"],"picked":"Body Slam+1","floor":57}],"player_experience":4283458,"relics_obtained":[{"floor":6.0,"key":"Tingsha"},{"floor":9.0,"key":"Sundial"},{"floor":12.0,"key":"Bag of Marbles"},{"floor":24.0,"key":"Letter Opener"},{"floor":27.0,"key":"Snake Skull"},{"floor":32,"key":"Girya"},{"floor":49,"key":"Gremlin Horn"},{"floor":57,"key":"Bottled Tornado"}],"event_choices":[{"damage_healed":0.0,"max_hp_gain":0.0,"max_hp_loss":0.0,"gold_gain":100.0,"event_name":"Golden Shrine","player_choice":"Pray","floor":2.0,"gold_loss":0.0,"damage_taken":0.0},{"damage_healed":0.0,"max_hp_gain":0.0,"max_hp_loss":0.0,"gold_gain":0.0,"event_name":"The Library","player_choice":"Read","floor":20.0,"gold_loss":0.0,"damage_taken":0.0,"cards_obtained":["Crippling Poison"]},{"damage_healed":0.0,"max_hp_gain":0.0,"max_hp_loss":0.0,"gold_gain":0.0,"event_name":"Duplicator","player_choice":"Copied","floor":21.0,"gold_loss":0.0,"damage_taken":0.0,"cards_obtained":["Crippling Poison"]},{"damage_healed":0.0,"max_hp_gain":0.0,"max_hp_loss":0.0,"gold_gain":99.0,"event_name":"Nest","player_choice":"Stole From Cult","floor":23.0,"gold_loss":0.0,"damage_taken":0.0},{"damage_healed":0.0,"max_hp_gain":0.0,"max_hp_loss":0.0,"gold_gain":0.0,"event_name":"FaceTrader","player_choice":"Trade","floor":26.0,"gold_loss":0.0,"damage_taken":0.0,"relics_obtained":["CultistMask"]},{"damage_healed":0,"gold_gain":0,"player_choice":"Fight","damage_taken":0,"max_hp_gain":0,"max_hp_loss":0,"event_name":"Colosseum","floor":33,"gold_loss":0},{"damage_healed":0,"gold_gain":0,"player_choice":"Fled From Nobs","damage_taken":0,"max_hp_gain":0,"max_hp_loss":0,"event_name":"Colosseum","floor":33,"gold_loss":0},{"damage_healed":0,"gold_gain":0,"player_choice":"Memory 1","damage_taken":0,"max_hp_gain":0,"max_hp_loss":0,"event_name":"SensoryStone","floor":38,"gold_loss":0},{"cards_removed":["Backstab"],"damage_healed":0,"gold_gain":0,"player_choice":"Removed Attack","damage_taken":0,"max_hp_gain":0,"max_hp_loss":0,"event_name":"Falling","floor":41,"gold_loss":0}],"is_beta":false,"boss_relics":[{"not_picked":["Ectoplasm","Black Star"],"picked":"Snecko Eye"},{"not_picked":["Runic Pyramid","Eternal Feather"],"picked":"HoveringKite"}],"items_purged_floors":[31,39,48],"is_endless":false,"potions_floor_spawned":[3,5,12,15,17,22,24,30,32,35,40,43,47,51],"killed_by":"The Heart","ascension_level":0}