{"gold_per_floor":[121,58,145,173,185,197,104,104,174,74,74,105,117,132,132,211,211,226,101,115,115],"floor_reached":21,"playtime":682,"items_purged":["Injury","Strike_R","Strike_R"],"score":354,"play_id":"563defc8-6377-483e-9f74-83de112fea9e","local_time":"20190210235307","daily_mods":["Diverse"],"is_ascension_mode":true,"campfire_choices":[{"data":"Body Slam","floor":6.0,"key":"SMITH"},{"data":"Armaments","floor":8.0,"key":"SMITH"},{"data":"Enlightenment","floor":15.0,"key":"SMITH"}],"neow_cost":"","seed_source_timestamp":0,"circlet_count":0,"master_deck":["AscendersBane","Strike_R","Strike_R+1","Defend_R","Defend_R","Defend_R","Defend_R","Bash+1","Dash","Carnage","Body Slam+1","Shrug It Off","Armaments+1","Mayhem+1","Enlightenment+1","Violence","Night Terror","Body Slam"],"special_seed":0,"relics":["Burning Blood","PrismaticShard","Calling Bell","MawBank","Matryoshka","Prayer Wheel","Bronze Scales","Frozen Egg 2","Whetstone","Busted Crown"],"potions_floor_usage":[],"damage_taken":[{"damage":15.0,"enemies":"Small Slimes","floor":1.0,"turns":4.0},{"damage":6.0,"enemies":"Cultist","floor":4.0,"turns":4.0},{"damage":24.0,"enemies":"Lagavulin","floor":12.0,"turns":9.0},{"damage":0.0,"enemies":"2 Louse","floor":13.0,"turns":3.0},{"damage":5.0,"enemies":"Exordium Thugs","floor":14.0,"turns":4.0},{"damage":5.0,"enemies":"Hexaghost","floor":16.0,"turns":9.0},{"damage":21,"enemies":"Spheric Guardian","floor":18,"turns":5},{"damage":11,"enemies":"Shell Parasite","floor":20,"turns":5},{"damage":14,"enemies":"Colosseum Slavers","floor":21,"turns":4},{"damage":44,"enemies":"Colosseum Nobs","floor":21,"turns":3}],"seed_played":"-3229874916581236306","potions_obtained":[{"floor":12.0,"key":"Poison Potion"},{"floor":14.0,"key":"SteroidPotion"}],"is_trial":true,"path_per_floor":["M","?","?","M","?","R","$","R","T","$","?","E","M","M","R","B",null,"M","$","M","?"],"character_chosen":"IRONCLAD","items_purchased":["Armaments"],"campfire_rested":0,"item_purchase_floors":[7],"current_hp_per_floor":[59,59,48,48,48,48,48,48,48,48,48,30,36,37,37,38,66,51,51,46,0],"gold":115,"neow_bonus":"","is_prod":false,"is_daily":false,"chose_seed":false,"campfire_upgraded":3,"win_rate":0,"timestamp":1549810387,"path_taken":["M","?","?","M","?","R","$","R","T","$","?","E","?","M","R","BOSS","M","$","M","?"],"build_version":"2019-01-23","purchased_purges":3,"victory":false,"max_hp_per_floor":[75,75,75,75,75,75,75,75,75,75,75,75,75,75,75,75,75,75,75,75,75],"card_choices":[{"not_picked":["Heavy Blade","Gash"],"picked":"Dash","floor":1.0},{"not_picked":["Conserve Battery","Setup"],"picked":"Carnage","floor":1.0},{"not_picked":["Shrug It Off","Bouncing Flask"],"picked":"Body Slam","floor":4.0},{"not_picked":["Conserve Battery","Coolheaded"],"picked":"Shrug It Off","floor":4.0},{"not_picked":["Rebound","Inflame+1"],"picked":"Mayhem+1","floor":12.0},{"not_picked":["Dodge and Roll","PanicButton"],"picked":"Enlightenment","floor":13.0},{"not_picked":["Wild Strike","Dodge and Roll","Flying Knee"],"picked":"SKIP","floor":13.0},{"not_picked":["Leap","Cloak And Dagger"],"picked":"Violence","floor":14.0},{"not_picked":["Rampage","Streamline","Wild Strike"],"picked":"SKIP","floor":14.0},{"not_picked":["Exhume","Thunder Strike"],"picked":"Night Terror","floor":16.0},{"not_picked":["Defragment+1"],"picked":"SKIP","floor":18},{"not_picked":["Tempest+1"],"picked":"SKIP","floor":18},{"not_picked":[],"picked":"Body Slam","floor":20},{"not_picked":["Compile Driver"],"picked":"SKIP","floor":20}],"player_experience":4249730,"relics_obtained":[{"floor":0.0,"key":"MawBank"},{"floor":0.0,"key":"Matryoshka"},{"floor":0.0,"key":"Prayer Wheel"},{"floor":9.0,"key":"Bronze Scales"},{"floor":9.0,"key":"Frozen Egg 2"},{"floor":12.0,"key":"Whetstone"}],"event_choices":[{"cards_removed":["Normality"],"damage_healed":0.0,"max_hp_gain":0.0,"max_hp_loss":0.0,"gold_gain":0.0,"event_name":"The Cleric","player_choice":"Card Removal","floor":2.0,"gold_loss":75.0,"damage_taken":0.0},{"damage_healed":0.0,"max_hp_gain":0.0,"max_hp_loss":0.0,"gold_gain":75.0,"event_name":"World of Goop","player_choice":"Gather Gold","floor":3.0,"gold_loss":0.0,"damage_taken":11.0},{"cards_removed":["Normality"],"damage_healed":0.0,"max_hp_gain":0.0,"max_hp_loss":0.0,"gold_gain":0.0,"event_name":"Living Wall","player_choice":"Forget","floor":5.0,"gold_loss":0.0,"damage_taken":0.0},{"cards_removed":["Strike_R"],"damage_healed":0.0,"max_hp_gain":0.0,"max_hp_loss":0.0,"gold_gain":0.0,"event_name":"Wheel of Change","player_choice":"Card Removal","floor":11.0,"gold_loss":0.0,"damage_taken":0.0},{"damage_healed":0,"gold_gain":0,"player_choice":"Fight","damage_taken":0,"max_hp_gain":0,"max_hp_loss":0,"event_name":"Colosseum","floor":21,"gold_loss":0},{"damage_healed":0,"gold_gain":0,"player_choice":"Fought Nobs","damage_taken":0,"max_hp_gain":0,"max_hp_loss":0,"event_name":"Colosseum","floor":21,"gold_loss":0}],"is_beta":false,"boss_relics":[{"not_picked":["Ectoplasm","Lizard Tail"],"picked":"Busted Crown"}],"items_purged_floors":[7,10,19],"is_endless":false,"potions_floor_spawned":[12,14],"killed_by":"Colosseum Nobs","ascension_level":20}