{"gold_per_floor":[119,129,129,147,166,191,191,226,251,265,291,291,318,328,328,403,403,421,421,364,381,381,381,381],"floor_reached":24,"playtime":608,"items_purged":[],"score":452,"play_id":"5bc67d54-4694-4748-af74-2cb3369f9c17","local_time":"20190210000702","is_ascension_mode":true,"campfire_choices":[{"floor":7.0,"key":"REST"},{"floor":12.0,"key":"REST"},{"data":"Bash","floor":15.0,"key":"SMITH"},{"data":"Perfected Strike","floor":23,"key":"SMITH"}],"neow_cost":"NONE","seed_source_timestamp":882741796717200,"circlet_count":0,"master_deck":["AscendersBane","Strike_R","Strike_R","Strike_R+1","Strike_R","Strike_R","Defend_R+1","Defend_R","Defend_R","Defend_R","Bash+1","Perfected Strike+1","Perfected Strike","Twin Strike","Thunderclap","Wild Strike+1","Thunderclap+1","Pommel Strike","Perfected Strike","Double Tap","Shrug It Off+1","Power Through+1","Intimidate","Shrug It Off"],"special_seed":0,"relics":["Burning Blood","Frozen Egg 2","Juzu Bracelet","Dream Catcher","Whetstone","Anchor","Astrolabe","Boot"],"potions_floor_usage":[16,16,24],"damage_taken":[{"damage":1.0,"enemies":"Small Slimes","floor":1.0,"turns":4.0},{"damage":7.0,"enemies":"Jaw Worm","floor":2.0,"turns":2.0},{"damage":0.0,"enemies":"2 Louse","floor":4.0,"turns":3.0},{"damage":0.0,"enemies":"Gremlin Gang","floor":5.0,"turns":3.0},{"damage":32.0,"enemies":"3 Sentries","floor":6.0,"turns":8.0},{"damage":3.0,"enemies":"Gremlin Nob","floor":8.0,"turns":3.0},{"damage":13.0,"enemies":"Large Slime","floor":10.0,"turns":3.0},{"damage":26.0,"enemies":"Lagavulin","floor":11.0,"turns":6.0},{"damage":15.0,"enemies":"3 Sentries","floor":13.0,"turns":7.0},{"damage":0.0,"enemies":"Looter","floor":14.0,"turns":2.0},{"damage":39,"enemies":"Hexaghost","floor":16,"turns":9},{"damage":11,"enemies":"Shell Parasite","floor":18,"turns":4},{"damage":11,"enemies":"Spheric Guardian","floor":21,"turns":3},{"damage":57,"enemies":"Slavers","floor":24,"turns":8}],"seed_played":"-6821071782263280172","potions_obtained":[{"floor":2.0,"key":"AttackPotion"},{"floor":4.0,"key":"PowerPotion"},{"floor":10.0,"key":"GamblersBrew"},{"floor":11.0,"key":"Fire Potion"},{"floor":21,"key":"Swift Potion"}],"is_trial":false,"path_per_floor":["M","M","?","M","M","E","R","E","T","M","E","R","E","M","R","B",null,"M","?","?","M","?","R","E"],"character_chosen":"IRONCLAD","items_purchased":[],"campfire_rested":2,"item_purchase_floors":[],"current_hp_per_floor":[73,72,49,55,61,35,57,60,60,53,33,55,46,52,52,19,61,56,56,56,51,51,51,0],"gold":381,"neow_bonus":"THREE_CARDS","is_prod":false,"is_daily":false,"chose_seed":false,"campfire_upgraded":2,"win_rate":0,"timestamp":1549724822,"path_taken":["M","M","?","M","M","E","R","E","T","M","E","R","E","M","R","BOSS","M","?","?","M","?","R","E"],"build_version":"2019-01-23","purchased_purges":0,"victory":false,"max_hp_per_floor":[75,75,75,75,75,75,75,75,75,75,75,75,75,75,75,75,75,75,75,75,75,75,75,75],"card_choices":[{"not_picked":["Shrug It Off","Body Slam"],"picked":"Perfected Strike","floor":0.0},{"not_picked":["Flex","Cleave"],"picked":"Perfected Strike","floor":1.0},{"not_picked":["Headbutt","Flex"],"picked":"Twin Strike","floor":2.0},{"not_picked":["Sword Boomerang","Inflame"],"picked":"Iron Wave","floor":4.0},{"not_picked":["Sword Boomerang","Demon Form"],"picked":"Thunderclap","floor":5.0},{"not_picked":["Thunderclap","Infernal Blade"],"picked":"Wild Strike","floor":6.0},{"not_picked":["Combust+1","Warcry"],"picked":"Thunderclap","floor":8.0},{"not_picked":["Ghostly Armor","Battle Trance"],"picked":"Pommel Strike","floor":10.0},{"not_picked":["Clothesline","Fire Breathing+1"],"picked":"Iron Wave","floor":11.0},{"not_picked":["Armaments","Dark Embrace+1"],"picked":"Perfected Strike","floor":12.0},{"not_picked":["Iron Wave","Cleave"],"picked":"Barricade+1","floor":13.0},{"not_picked":["Heavy Blade","Warcry","Iron Wave"],"picked":"SKIP","floor":14.0},{"not_picked":["Exhume","Reaper"],"picked":"Double Tap","floor":16},{"not_picked":["Iron Wave","Heavy Blade"],"picked":"Intimidate","floor":18},{"not_picked":["Armaments","Cleave"],"picked":"Shrug It Off","floor":21}],"player_experience":4237859,"relics_obtained":[{"floor":6.0,"key":"Frozen Egg 2"},{"floor":8.0,"key":"Juzu Bracelet"},{"floor":9.0,"key":"Dream Catcher"},{"floor":11.0,"key":"Whetstone"},{"floor":13.0,"key":"Anchor"}],"event_choices":[{"damage_healed":0.0,"max_hp_gain":0.0,"max_hp_loss":0.0,"gold_gain":0.0,"event_name":"Shining Light","player_choice":"Entered Light","floor":3.0,"gold_loss":0.0,"damage_taken":23.0,"cards_upgraded":["Defend_R","Strike_R"]},{"damage_healed":0,"gold_gain":0,"player_choice":"Ignored","damage_taken":0,"max_hp_gain":0,"max_hp_loss":0,"event_name":"Vampires","floor":19,"gold_loss":0},{"damage_healed":0,"gold_gain":0,"player_choice":"Paid Gold","damage_taken":0,"relics_obtained":["Boot"],"max_hp_gain":0,"max_hp_loss":0,"event_name":"WeMeetAgain","floor":20,"gold_loss":57},{"cards_removed":["Combust"],"damage_healed":0,"gold_gain":0,"player_choice":"Elegance","damage_taken":0,"max_hp_gain":0,"max_hp_loss":0,"event_name":"Back to Basics","floor":22,"gold_loss":0}],"is_beta":false,"boss_relics":[{"not_picked":["Runic Pyramid","Runic Cube"],"picked":"Astrolabe"}],"items_purged_floors":[],"is_endless":false,"potions_floor_spawned":[2,4,10,11,21],"killed_by":"Slavers","ascension_level":20}