{"gold_per_floor":[10,10,10,10,30,30,61,82,82,82],"floor_reached":10,"playtime":207,"items_purged":[],"score":132,"play_id":"4b733e9e-0a59-438f-8e2a-69a0a0a640ca","local_time":"20190125230108","is_ascension_mode":true,"campfire_choices":[{"floor":6,"key":"REST"}],"neow_cost":"NO_GOLD","seed_source_timestamp":540226419545739,"circlet_count":0,"master_deck":["AscendersBane","Strike_R","Strike_R","Strike_R","Defend_R","Defend_R","Defend_R","Defend_R","Bash","Entrench","Headbutt","Inflame","Dropkick","Demon Form","Pummel"],"relics":["Burning Blood","Toxic Egg 2","Golden Idol","Pen Nib","Meat on the Bone"],"potions_floor_usage":[10,10],"damage_taken":[{"damage":18,"enemies":"Small Slimes","floor":1,"turns":6},{"damage":6,"enemies":"Jaw Worm","floor":5,"turns":5},{"damage":30,"enemies":"Lagavulin","floor":7,"turns":6},{"damage":12,"enemies":"Cultist","floor":8,"turns":4},{"damage":11,"enemies":"Exordium Wildlife","floor":10,"turns":3}],"seed_played":"1357431195398243141","potions_obtained":[{"floor":1,"key":"Weak Potion"},{"floor":7,"key":"GamblersBrew"}],"is_trial":false,"path_per_floor":["M","?","?","?","M","R","E","M","T","M"],"character_chosen":"IRONCLAD","items_purchased":[],"campfire_rested":1,"item_purchase_floors":[],"current_hp_per_floor":[56,56,21,21,21,41,17,11,11,0],"gold":82,"neow_bonus":"TRANSFORM_TWO_CARDS","is_prod":false,"is_daily":false,"chose_seed":false,"campfire_upgraded":0,"win_rate":0,"timestamp":1548424868,"path_taken":["M","?","?","?","M","R","E","M","T","M"],"build_version":"2019-01-23","purchased_purges":0,"victory":false,"max_hp_per_floor":[75,75,75,68,68,68,68,68,68,68],"card_choices":[{"not_picked":["Uppercut","Fire Breathing"],"picked":"Inflame","floor":1},{"not_picked":["Clothesline","Heavy Blade"],"picked":"Dropkick","floor":5},{"not_picked":["Blood for Blood","Heavy Blade"],"picked":"Demon Form","floor":7},{"not_picked":["Clothesline","Entrench+1"],"picked":"Pummel","floor":8}],"player_experience":4143244,"relics_obtained":[{"floor":7,"key":"Pen Nib"},{"floor":9,"key":"Meat on the Bone"}],"event_choices":[{"damage_healed":0,"gold_gain":0,"player_choice":"Leave","damage_taken":0,"max_hp_gain":0,"max_hp_loss":0,"event_name":"The Cleric","floor":2,"gold_loss":0},{"damage_healed":0,"gold_gain":0,"player_choice":"Success","damage_taken":35,"relics_obtained":["Toxic Egg 2"],"max_hp_gain":0,"max_hp_loss":0,"event_name":"Scrap Ooze","floor":3,"gold_loss":0},{"damage_healed":0,"gold_gain":0,"player_choice":"Lose Max HP","damage_taken":0,"relics_obtained":["Golden Idol"],"max_hp_gain":0,"max_hp_loss":7,"event_name":"Golden Idol","floor":4,"gold_loss":0}],"is_beta":false,"boss_relics":[],"items_purged_floors":[],"is_endless":false,"potions_floor_spawned":[1,7],"killed_by":"Exordium Wildlife","ascension_level":20}