{"gold_per_floor":[116,128,143,143,161,194,206,206,258,270,270,270],"floor_reached":12,"playtime":538,"items_purged":[],"score":164,"play_id":"4d51f003-306a-4c06-9e1d-59d945e2aa7f","local_time":"20190112003600","is_ascension_mode":true,"campfire_choices":[{"data":"Recycle","floor":8.0,"key":"SMITH"}],"neow_cost":"NONE","seed_source_timestamp":110805757329580,"circlet_count":0,"master_deck":["AscendersBane","Strike_B","Strike_B","Strike_B","Strike_B","Defend_B","Defend_B","Defend_B","Defend_B","Zap","Dualcast","Streamline","Beam Cell+1","Leap","Sweeping Beam","Recycle+1","Undo","Fusion"],"special_seed":0,"relics":["Cracked Core","PreservedInsect","Omamori"],"potions_floor_usage":[],"damage_taken":[{"damage":1.0,"enemies":"Cultist","floor":1.0,"turns":3.0},{"damage":2.0,"enemies":"2 Louse","floor":2.0,"turns":2.0},{"damage":0.0,"enemies":"Small Slimes","floor":3.0,"turns":2.0},{"damage":4.0,"enemies":"2 Fungi Beasts","floor":5.0,"turns":4.0},{"damage":25.0,"enemies":"Lagavulin","floor":6.0,"turns":6.0},{"damage":8.0,"enemies":"Blue Slaver","floor":7.0,"turns":3.0},{"damage":2.0,"enemies":"Looter","floor":10.0,"turns":3.0},{"damage":0,"enemies":"Large Slime","floor":12,"turns":1}],"seed_played":"-5279948363056112785","potions_obtained":[{"floor":1.0,"key":"PowerPotion"},{"floor":3.0,"key":"Explosive Potion"}],"is_trial":false,"path_per_floor":["M","M","M","?","M","E","M","R","T","M","?","M"],"character_chosen":"DEFECT","items_purchased":[],"campfire_rested":0,"item_purchase_floors":[],"current_hp_per_floor":[70,68,68,68,64,39,31,31,31,29,29,29],"gold":270,"neow_bonus":"TEN_PERCENT_HP_BONUS","is_prod":false,"is_daily":false,"chose_seed":false,"campfire_upgraded":1,"win_rate":0,"timestamp":1547220960,"path_taken":["M","M","?","?","M","E","?","R","T","M","?","M"],"build_version":"2019-01-10","purchased_purges":0,"victory":false,"max_hp_per_floor":[78,78,78,78,78,78,78,78,78,78,78,78],"card_choices":[{"not_picked":["Recycle","Force Field"],"picked":"Streamline","floor":1.0},{"not_picked":["Gash","Leap"],"picked":"Beam Cell","floor":2.0},{"not_picked":["Turbo","Streamline"],"picked":"Leap","floor":3.0},{"not_picked":["Loop","Aggregate"],"picked":"Sweeping Beam","floor":5.0},{"not_picked":["Leap","Sweeping Beam"],"picked":"Recycle","floor":6.0},{"not_picked":["Recycle","Conserve Battery"],"picked":"Undo","floor":7.0},{"not_picked":["Leap","Compile Driver"],"picked":"Fusion","floor":10.0}],"player_experience":4053257,"relics_obtained":[{"floor":6.0,"key":"PreservedInsect"},{"floor":9.0,"key":"Omamori"}],"event_choices":[{"damage_healed":0.0,"max_hp_gain":0.0,"max_hp_loss":0.0,"gold_gain":0.0,"event_name":"Accursed Blacksmith","player_choice":"Forge","floor":4.0,"gold_loss":0.0,"damage_taken":0.0,"cards_upgraded":["Beam Cell"]},{"damage_healed":0,"gold_gain":0,"player_choice":"Searched \u00270\u0027 times","damage_taken":0,"max_hp_gain":0,"max_hp_loss":0,"event_name":"Dead Adventurer","floor":11,"gold_loss":0}],"is_beta":false,"boss_relics":[],"items_purged_floors":[],"is_endless":false,"potions_floor_spawned":[1,3],"killed_by":"Large Slime","ascension_level":20}