{"gold_per_floor":[112,112,130,130,22,22,47,47,47,59,72,106,121,121],"floor_reached":14,"playtime":687,"items_purged":[],"score":130,"play_id":"ec8f0c20-3a70-486a-a4e5-da0a3816790e","local_time":"20190222210916","is_ascension_mode":true,"campfire_choices":[{"data":"Evolve","floor":6.0,"key":"SMITH"},{"data":"Corruption","floor":8,"key":"SMITH"}],"neow_cost":"NONE","seed_source_timestamp":0,"circlet_count":0,"master_deck":["Strike_R","Strike_R","Strike_R","Strike_R","Defend_R","Defend_R","Defend_R","Defend_R","Bash+1","Carnage","Clothesline","Evolve+1","Reckless Charge","Corruption+1","Battle Trance","Reckless Charge","Wild Strike","Havoc"],"special_seed":0,"relics":["Burning Blood","The Courier","Kunai","Lantern"],"potions_floor_usage":[14,14],"damage_taken":[{"damage":8.0,"enemies":"Small Slimes","floor":1.0,"turns":4.0},{"damage":6.0,"enemies":"Cultist","floor":3.0,"turns":3.0},{"damage":24,"enemies":"Gremlin Nob","floor":7,"turns":4},{"damage":12,"enemies":"Jaw Worm","floor":10,"turns":2},{"damage":15,"enemies":"Lots of Slimes","floor":11,"turns":5},{"damage":39,"enemies":"3 Sentries","floor":12,"turns":7},{"damage":7,"enemies":"3 Louse","floor":13,"turns":4},{"damage":27,"enemies":"Gremlin Nob","floor":14,"turns":3}],"seed_played":"1284997334845757003","potions_obtained":[{"floor":12,"key":"PowerPotion"},{"floor":13,"key":"Strength Potion"}],"is_trial":false,"path_per_floor":["M","?","M","?","$","R","E","R","T","M","M","E","M","E"],"character_chosen":"IRONCLAD","items_purchased":["Evolve","Reckless Charge"],"campfire_rested":0,"item_purchase_floors":[5,5],"current_hp_per_floor":[78,78,78,78,78,78,60,60,60,54,45,12,11,0],"gold":121,"neow_bonus":"TEN_PERCENT_HP_BONUS","is_prod":false,"is_daily":false,"chose_seed":false,"campfire_upgraded":2,"win_rate":0,"timestamp":1550866156,"path_taken":["M","?","?","?","?","R","E","R","T","M","M","E","?","E"],"build_version":"2019-01-23","purchased_purges":0,"victory":false,"max_hp_per_floor":[88,88,88,88,88,88,88,88,88,88,88,88,88,88],"card_choices":[{"not_picked":["Warcry","Armaments"],"picked":"Carnage","floor":1.0},{"not_picked":["Clash","Havoc"],"picked":"Clothesline","floor":3.0},{"not_picked":["Thunderclap","Twin Strike"],"picked":"Corruption","floor":7},{"not_picked":["Body Slam","Whirlwind"],"picked":"Battle Trance","floor":10},{"not_picked":["Cleave","Havoc"],"picked":"Reckless Charge","floor":11},{"not_picked":["Clothesline","Headbutt"],"picked":"Wild Strike","floor":12},{"not_picked":["Thunderclap","Twin Strike"],"picked":"Havoc","floor":13}],"player_experience":360255,"relics_obtained":[{"floor":7,"key":"The Courier"},{"floor":9,"key":"Kunai"},{"floor":12,"key":"Lantern"}],"event_choices":[{"cards_removed":["Strike_R"],"damage_healed":0.0,"max_hp_gain":0.0,"max_hp_loss":0.0,"gold_gain":0.0,"event_name":"Purifier","player_choice":"Purged","floor":2.0,"gold_loss":0.0,"damage_taken":0.0},{"damage_healed":0.0,"max_hp_gain":0.0,"max_hp_loss":0.0,"gold_gain":0.0,"event_name":"Living Wall","player_choice":"Grow","floor":4.0,"gold_loss":0.0,"damage_taken":0.0,"cards_upgraded":["Bash"]}],"is_beta":false,"boss_relics":[],"items_purged_floors":[],"is_endless":false,"potions_floor_spawned":[12,13],"killed_by":"Gremlin Nob","ascension_level":6}