{"gold_per_floor":[111,186,205,205,223,251,251,286,312,312,346,361,331,350,350,454,454,473,492,504,517,517],"floor_reached":22,"playtime":2162,"items_purged":[],"score":229,"play_id":"d0e86d8f-9c88-4ba9-8370-475d6bd43a7b","local_time":"20190217123230","is_ascension_mode":true,"campfire_choices":[{"data":"Demon Form","floor":7,"key":"SMITH"},{"data":"Evolve","floor":10,"key":"SMITH"},{"data":"Armaments","floor":15,"key":"SMITH"}],"neow_cost":"NONE","seed_source_timestamp":118685697600,"circlet_count":0,"master_deck":["Strike_R","Strike_R","Strike_R","Defend_R","Defend_R","Defend_R","Bash+1","Spot Weakness","Armaments+1","Iron Wave","Demon Form+1","Evolve+1","Clothesline","Anger","Dual Wield","Double Tap","Pommel Strike","Cleave","Fire Breathing"],"relics":["Burning Blood","Anchor","Omamori","Ancient Tea Set","Kunai","Empty Cage"],"potions_floor_usage":[11,14,16,16,20,20,22,22],"damage_taken":[{"damage":0,"enemies":"Small Slimes","floor":1,"turns":3},{"damage":12,"enemies":"Jaw Worm","floor":3,"turns":3},{"damage":1,"enemies":"Cultist","floor":5,"turns":3},{"damage":23,"enemies":"Gremlin Nob","floor":6,"turns":4},{"damage":16,"enemies":"Lagavulin","floor":8,"turns":6},{"damage":14,"enemies":"Gremlin Nob","floor":11,"turns":3},{"damage":2,"enemies":"2 Fungi Beasts","floor":12,"turns":4},{"damage":0,"enemies":"Gremlin Gang","floor":14,"turns":3},{"damage":41,"enemies":"The Guardian","floor":16,"turns":11},{"damage":20,"enemies":"Chosen","floor":18,"turns":6},{"damage":23,"enemies":"3 Byrds","floor":19,"turns":6},{"damage":14,"enemies":"Snecko","floor":20,"turns":4},{"damage":36,"enemies":"Cultist and Chosen","floor":21,"turns":8},{"damage":0,"enemies":"Sentry and Sphere","floor":22,"turns":3}],"seed_played":"1445582907106437955","potions_obtained":[{"floor":1,"key":"Fire Potion"},{"floor":3,"key":"Energy Potion"},{"floor":13,"key":"GamblersBrew"},{"floor":13,"key":"Fire Potion"},{"floor":16,"key":"BloodPotion"},{"floor":18,"key":"SkillPotion"},{"floor":20,"key":"Dexterity Potion"},{"floor":21,"key":"SkillPotion"}],"is_trial":false,"path_per_floor":["M","?","M","?","M","E","R","E","T","R","E","M","?","M","R","B",null,"M","M","M","M","M"],"character_chosen":"IRONCLAD","items_purchased":[],"campfire_rested":0,"item_purchase_floors":[],"current_hp_per_floor":[80,69,63,63,68,51,51,41,41,41,33,37,37,43,43,8,80,66,49,49,19,19],"gold":517,"neow_bonus":"UPGRADE_CARD","is_prod":false,"is_daily":false,"chose_seed":false,"campfire_upgraded":3,"win_rate":0,"timestamp":1550403150,"path_taken":["M","?","M","?","?","E","R","E","T","R","E","M","?","?","R","BOSS","M","M","M","M","?"],"build_version":"2019-01-23","purchased_purges":0,"victory":false,"max_hp_per_floor":[80,80,80,80,80,80,80,80,80,80,80,80,80,80,80,80,80,80,80,80,80,80],"card_choices":[{"not_picked":["Seeing Red","Flex"],"picked":"Spot Weakness","floor":1},{"not_picked":["Pommel Strike","True Grit"],"picked":"Armaments","floor":3},{"not_picked":["Hemokinesis","Second Wind"],"picked":"Iron Wave","floor":5},{"not_picked":["Entrench","Body Slam"],"picked":"Demon Form","floor":6},{"not_picked":["Disarm","Shrug It Off"],"picked":"Evolve","floor":8},{"not_picked":["Thunderclap","Dark Embrace"],"picked":"Clothesline","floor":11},{"not_picked":["Thunderclap","Carnage"],"picked":"Anger","floor":12},{"not_picked":["True Grit","Twin Strike"],"picked":"Dual Wield","floor":14},{"not_picked":["Barricade","Exhume"],"picked":"Double Tap","floor":16},{"not_picked":["Evolve","Corruption"],"picked":"Pommel Strike","floor":18},{"not_picked":["Infernal Blade+1","Armaments"],"picked":"Cleave","floor":19},{"not_picked":["Cleave","Body Slam"],"picked":"Fire Breathing","floor":20},{"not_picked":["Iron Wave","Body Slam","Searing Blow"],"picked":"SKIP","floor":21}],"player_experience":327592,"relics_obtained":[{"floor":6,"key":"Anchor"},{"floor":8,"key":"Omamori"},{"floor":9,"key":"Ancient Tea Set"},{"floor":11,"key":"Kunai"}],"event_choices":[{"damage_healed":0,"gold_gain":75,"player_choice":"Gather Gold","damage_taken":11,"max_hp_gain":0,"max_hp_loss":0,"event_name":"World of Goop","floor":2,"gold_loss":0},{"cards_removed":["Defend_R"],"damage_healed":0,"gold_gain":0,"player_choice":"Purged","damage_taken":0,"max_hp_gain":0,"max_hp_loss":0,"event_name":"Purifier","floor":4,"gold_loss":0},{"damage_healed":0,"gold_gain":0,"player_choice":"Bought 2 Potions","damage_taken":0,"max_hp_gain":0,"max_hp_loss":0,"event_name":"The Woman in Blue","floor":13,"gold_loss":0}],"is_beta":false,"boss_relics":[{"not_picked":["Ectoplasm","Pandora\u0027s Box"],"picked":"Empty Cage"}],"items_purged_floors":[],"is_endless":false,"potions_floor_spawned":[1,3,16,18,20,21],"killed_by":"Sentry and Sphere","ascension_level":2}