{"gold_per_floor":[118,136,136,147,161,161,494,494,494,494,419,419,434,453,453,453],"floor_reached":16,"playtime":480,"items_purged":[],"score":204,"play_id":"615f1ef1-07dc-471f-94a3-7ed8eef2e87e","local_time":"20190118013406","is_ascension_mode":true,"campfire_choices":[{"data":"Wild Strike","floor":6,"key":"SMITH"},{"data":"Metallicize","floor":8,"key":"SMITH"},{"floor":12,"key":"REST"},{"data":"Bash","floor":15,"key":"SMITH"}],"neow_cost":"NONE","seed_source_timestamp":632796112672505,"circlet_count":0,"master_deck":["AscendersBane","Strike_R","Strike_R","Strike_R","Defend_R","Defend_R","Defend_R","Defend_R","Bash+1","Wild Strike+1","Metallicize+1","Battle Trance","Battle Trance","Reaper","Anger"],"relics":["Burning Blood","Art of War","Ice Cream","Old Coin","Ginger"],"potions_floor_usage":[5,7,16],"damage_taken":[{"damage":16,"enemies":"Jaw Worm","floor":1,"turns":5},{"damage":9,"enemies":"Small Slimes","floor":2,"turns":4},{"damage":9,"enemies":"2 Louse","floor":4,"turns":4},{"damage":8,"enemies":"Gremlin Gang","floor":5,"turns":8},{"damage":33,"enemies":"Gremlin Nob","floor":7,"turns":4},{"damage":0,"enemies":"2 Fungi Beasts","floor":13,"turns":3},{"damage":15,"enemies":"Exordium Wildlife","floor":14,"turns":6},{"damage":49,"enemies":"Slime Boss","floor":16,"turns":11}],"seed_played":"-5064961257488766399","potions_obtained":[{"floor":2,"key":"EssenceOfSteel"},{"floor":5,"key":"Energy Potion"},{"floor":7,"key":"Weak Potion"}],"is_trial":false,"path_per_floor":["M","M","?","M","M","R","E","R","T","?","?","R","M","M","R","B"],"character_chosen":"IRONCLAD","items_purchased":[],"campfire_rested":1,"item_purchase_floors":[],"current_hp_per_floor":[58,55,44,41,39,39,12,12,12,12,12,34,40,41,41,0],"gold":453,"neow_bonus":"RANDOM_COMMON_RELIC","is_prod":false,"is_daily":false,"chose_seed":false,"campfire_upgraded":3,"win_rate":0,"timestamp":1547742846,"path_taken":["M","M","?","M","M","R","E","R","T","?","?","R","M","M","R","BOSS"],"build_version":"2019-01-10","purchased_purges":0,"victory":false,"max_hp_per_floor":[75,75,75,75,75,75,75,75,75,75,75,75,75,75,75,75],"card_choices":[{"not_picked":["Shrug It Off","Blood for Blood"],"picked":"Wild Strike","floor":1},{"not_picked":["Headbutt","Warcry"],"picked":"Metallicize","floor":2},{"not_picked":["Sword Boomerang","Anger"],"picked":"Battle Trance","floor":4},{"not_picked":["Clash","Corruption","Havoc"],"picked":"SKIP","floor":5},{"not_picked":["Pommel Strike","Body Slam"],"picked":"Battle Trance","floor":7},{"not_picked":["Iron Wave","Havoc"],"picked":"Reaper","floor":13},{"not_picked":["True Grit","Thunderclap"],"picked":"Anger","floor":14}],"player_experience":4119872,"relics_obtained":[{"floor":7,"key":"Old Coin"},{"floor":9,"key":"Ginger"}],"event_choices":[{"damage_healed":0,"gold_gain":0,"player_choice":"Success","damage_taken":11,"relics_obtained":["Ice Cream"],"max_hp_gain":0,"max_hp_loss":0,"event_name":"Scrap Ooze","floor":3,"gold_loss":0},{"cards_removed":["Strike_R"],"damage_healed":0,"gold_gain":0,"player_choice":"Forget","damage_taken":0,"max_hp_gain":0,"max_hp_loss":0,"event_name":"Living Wall","floor":10,"gold_loss":0},{"cards_removed":["Strike_R"],"damage_healed":0,"gold_gain":0,"player_choice":"Card Removal","damage_taken":0,"max_hp_gain":0,"max_hp_loss":0,"event_name":"The Cleric","floor":11,"gold_loss":75}],"is_beta":false,"boss_relics":[],"items_purged_floors":[],"is_endless":false,"potions_floor_spawned":[2,5,7],"killed_by":"Slime Boss","ascension_level":20}