{"gold_per_floor":[117,117,128,128,144,176,176,201,271,271,321,355,430,430],"floor_reached":14,"playtime":345,"items_purged":[],"score":212,"play_id":"dbc1e09d-da1f-4231-bea4-78c3bf190868","local_time":"20190111004411","is_ascension_mode":true,"campfire_choices":[{"floor":7,"key":"REST"},{"data":"Havoc","floor":10,"key":"SMITH"}],"neow_cost":"PERCENT_DAMAGE","seed_source_timestamp":25133723291611,"circlet_count":0,"master_deck":["AscendersBane","Strike_R","Strike_R","Strike_R","Defend_R","Defend_R","Defend_R","Defend_R","Bash","Anger","Disarm","Headbutt","True Grit","Havoc+1","Shrug It Off"],"relics":["Burning Blood","FossilizedHelix","Incense Burner","Juzu Bracelet","Mercury Hourglass","Paper Frog"],"potions_floor_usage":[],"damage_taken":[{"damage":0,"enemies":"Small Slimes","floor":1,"turns":4},{"damage":0,"enemies":"2 Louse","floor":3,"turns":2},{"damage":0,"enemies":"Cultist","floor":5,"turns":4},{"damage":31,"enemies":"Lagavulin","floor":6,"turns":8},{"damage":40,"enemies":"3 Sentries","floor":8,"turns":12},{"damage":13,"enemies":"Lagavulin","floor":12,"turns":7}],"seed_played":"7698635081976986077","potions_obtained":[{"floor":8,"key":"EssenceOfSteel"},{"floor":12,"key":"Dexterity Potion"}],"is_trial":false,"path_per_floor":["M","?","M","?","M","E","R","E","T","R","?","E","?","?"],"character_chosen":"IRONCLAD","items_purchased":[],"campfire_rested":1,"item_purchase_floors":[],"current_hp_per_floor":[56,56,62,55,61,36,58,24,24,24,24,17,6,0],"gold":430,"neow_bonus":"ONE_RARE_RELIC","is_prod":false,"is_daily":false,"chose_seed":false,"campfire_upgraded":1,"win_rate":0,"timestamp":1547135051,"path_taken":["M","?","M","?","M","E","R","E","T","R","?","E","?","?"],"build_version":"2019-01-03v4","purchased_purges":0,"victory":false,"max_hp_per_floor":[75,75,75,75,75,75,75,75,75,75,75,75,75,75],"card_choices":[{"not_picked":["Sword Boomerang","Twin Strike"],"picked":"Anger","floor":1},{"not_picked":["Rupture","Sentinel"],"picked":"Disarm","floor":3},{"not_picked":["Reckless Charge","Thunderclap"],"picked":"Headbutt","floor":5},{"not_picked":["Clash","Warcry"],"picked":"True Grit","floor":6},{"not_picked":["Perfected Strike","Heavy Blade"],"picked":"Havoc","floor":8},{"not_picked":["Heavy Blade","Headbutt"],"picked":"Shrug It Off","floor":12}],"player_experience":4041305,"relics_obtained":[{"floor":6,"key":"Incense Burner"},{"floor":8,"key":"Juzu Bracelet"},{"floor":9,"key":"Mercury Hourglass"},{"floor":12,"key":"Paper Frog"}],"event_choices":[{"cards_removed":["Strike_R"],"damage_healed":0,"gold_gain":0,"player_choice":"Forget","damage_taken":0,"max_hp_gain":0,"max_hp_loss":0,"event_name":"Living Wall","floor":2,"gold_loss":0},{"cards_removed":["Strike_R"],"damage_healed":0,"gold_gain":0,"player_choice":"Card Removal","damage_taken":7,"max_hp_gain":0,"max_hp_loss":0,"event_name":"Golden Wing","floor":4,"gold_loss":0},{"damage_healed":0,"gold_gain":50,"player_choice":"Pray","damage_taken":0,"max_hp_gain":0,"max_hp_loss":0,"event_name":"Golden Shrine","floor":11,"gold_loss":0},{"damage_healed":0,"gold_gain":75,"player_choice":"Gather Gold","damage_taken":11,"max_hp_gain":0,"max_hp_loss":0,"event_name":"World of Goop","floor":13,"gold_loss":0}],"is_beta":false,"boss_relics":[],"items_purged_floors":[],"is_endless":false,"potions_floor_spawned":[8,12],"ascension_level":20}