{"gold_per_floor":[366,384,108,120,120,120,120,140,140,174,174,197,215,231,231,327,327,352,252,252,277,277,277],"floor_reached":23,"playtime":1272,"items_purged":["Clumsy","Lockon"],"score":338,"play_id":"eb6e8a1c-bce2-48e1-ab54-87299dcd12ef","local_time":"20190223210234","is_ascension_mode":true,"campfire_choices":[{"data":"Coolheaded","floor":6.0,"key":"SMITH"},{"floor":11.0,"key":"REST"},{"floor":15,"key":"REST"}],"neow_cost":"CURSE","seed_source_timestamp":0,"circlet_count":0,"master_deck":["AscendersBane","Zap","Dualcast","Tempest","Leap","Gash","Coolheaded+1","Chaos","Darkness","Go for the Eyes","Cold Snap","Capacitor","Buffer","Rainbow","Rainbow","Capacitor","Thunder Strike","Aggregate","Machine Learning","Compile Driver","Defragment","Coolheaded"],"special_seed":0,"relics":["Cracked Core","Potion Belt","Golden Idol","Dodecahedron","DataDisk","Pandora\u0027s Box"],"potions_floor_usage":[16,18],"damage_taken":[{"damage":1.0,"enemies":"Cultist","floor":1.0,"turns":3.0},{"damage":8.0,"enemies":"2 Louse","floor":2.0,"turns":2.0},{"damage":0.0,"enemies":"Jaw Worm","floor":4.0,"turns":3.0},{"damage":12.0,"enemies":"2 Fungi Beasts","floor":8.0,"turns":3.0},{"damage":14.0,"enemies":"Lagavulin","floor":10.0,"turns":9.0},{"damage":2.0,"enemies":"Blue Slaver","floor":12.0,"turns":4.0},{"damage":4,"enemies":"3 Louse","floor":13,"turns":4},{"damage":6,"enemies":"Exordium Thugs","floor":14,"turns":4},{"damage":15,"enemies":"Slime Boss","floor":16,"turns":6},{"damage":6,"enemies":"Chosen","floor":18,"turns":4},{"damage":23,"enemies":"3 Byrds","floor":21,"turns":5},{"damage":34,"enemies":"Slavers","floor":23,"turns":1}],"seed_played":"-5549122326265835399","potions_obtained":[{"floor":2.0,"key":"PowerPotion"},{"floor":10.0,"key":"SpeedPotion"},{"floor":12.0,"key":"Fire Potion"},{"floor":16,"key":"AttackPotion"}],"is_trial":false,"path_per_floor":["M","M","$","M","?","R","?","M","T","E","R","M","M","M","R","B",null,"M","$","?","M","?","E"],"character_chosen":"DEFECT","items_purchased":["Potion Belt","Gash"],"campfire_rested":2,"item_purchase_floors":[3,3],"current_hp_per_floor":[63,55,55,55,55,55,31,19,19,5,26,24,20,14,35,20,58,52,52,52,29,29,0],"gold":277,"neow_bonus":"TWO_FIFTY_GOLD","is_prod":false,"is_daily":false,"chose_seed":false,"campfire_upgraded":1,"win_rate":0,"timestamp":1550973754,"path_taken":["M","M","$","?","?","R","?","M","T","E","R","M","M","M","R","BOSS","M","$","?","M","?","E"],"build_version":"2019-01-23","purchased_purges":2,"victory":false,"max_hp_per_floor":[71,71,71,71,71,71,71,71,71,71,71,71,71,71,71,71,71,71,71,71,71,71,71],"card_choices":[{"not_picked":["Redo","Darkness"],"picked":"Tempest","floor":1.0},{"not_picked":["Double Energy","Steam"],"picked":"Leap","floor":2.0},{"not_picked":["Rebound","Blizzard"],"picked":"Coolheaded","floor":4.0},{"not_picked":["Ball Lightning","Compile Driver"],"picked":"Chaos","floor":8.0},{"not_picked":["Static Discharge","Steam"],"picked":"Darkness","floor":10.0},{"not_picked":["Stack","Sweeping Beam"],"picked":"Go for the Eyes","floor":12.0},{"not_picked":["Loop","Static Discharge"],"picked":"Cold Snap","floor":13},{"not_picked":["Streamline","Turbo"],"picked":"Capacitor","floor":14},{"not_picked":["Multi-Cast","Rainbow"],"picked":"Buffer","floor":16},{"not_picked":["Turbo","Leap"],"picked":"Compile Driver","floor":18},{"not_picked":["Darkness+1","Rip and Tear"],"picked":"Coolheaded","floor":21}],"player_experience":505658,"relics_obtained":[{"floor":9.0,"key":"Dodecahedron"},{"floor":10.0,"key":"DataDisk"}],"event_choices":[{"cards_removed":["Strike_B"],"damage_healed":0.0,"max_hp_gain":0.0,"max_hp_loss":0.0,"gold_gain":0.0,"event_name":"Living Wall","player_choice":"Forget","floor":5.0,"gold_loss":0.0,"damage_taken":0.0},{"damage_healed":0.0,"max_hp_gain":0.0,"max_hp_loss":0.0,"gold_gain":0.0,"event_name":"Golden Idol","player_choice":"Take Damage","floor":7.0,"gold_loss":0.0,"damage_taken":24.0,"relics_obtained":["Golden Idol"]},{"damage_healed":0,"gold_gain":0,"player_choice":"Read","damage_taken":0,"max_hp_gain":0,"max_hp_loss":0,"event_name":"The Library","floor":20,"gold_loss":0,"cards_obtained":["Defragment"]},{"damage_healed":0,"gold_gain":0,"player_choice":"Ignored","damage_taken":0,"max_hp_gain":0,"max_hp_loss":0,"event_name":"Vampires","floor":22,"gold_loss":0}],"is_beta":false,"boss_relics":[{"not_picked":["Cursed Key","Runic Dome"],"picked":"Pandora\u0027s Box"}],"items_purged_floors":[3,19],"is_endless":false,"potions_floor_spawned":[2,10,12,16],"killed_by":"Slavers","ascension_level":15}