{"gold_per_floor":[112,127,139,214,204,236,236,268,268,268,291,291,308,338,338,435,435,446,460,119,44,54,54,64,96,96,107,107,207,227,262,262,262],"floor_reached":33,"playtime":3327,"items_purged":["Defend_R"],"score":363,"play_id":"4a35ba40-6419-4e92-b19d-2c8cd1be7d3f","local_time":"20190217014648","is_ascension_mode":true,"campfire_choices":[{"floor":7.0,"key":"REST"},{"floor":12.0,"key":"REST"},{"data":"Disarm","floor":15.0,"key":"SMITH"},{"data":"Inflame","floor":23.0,"key":"SMITH"},{"floor":32.0,"key":"REST"}],"neow_cost":"NONE","seed_source_timestamp":0,"circlet_count":0,"master_deck":["Strike_R","Strike_R","Strike_R","Strike_R","Defend_R","Defend_R","Defend_R","Bash","Inflame+1","Shockwave","Pommel Strike","True Grit","Whirlwind","Disarm+1","Exhume","Dark Embrace","Shrug It Off","Heavy Blade","Twin Strike+1","Armaments+1","Burning Pact"],"special_seed":0,"relics":["Burning Blood","Anchor","Bag of Preparation","Ornamental Fan","Calipers","Odd Mushroom","Mango","Busted Crown","Self Forming Clay","Turnip","Paper Frog","Champion Belt","Bottled Flame","Blue Candle"],"potions_floor_usage":[33],"damage_taken":[{"damage":0.0,"enemies":"2 Louse","floor":1.0,"turns":3.0},{"damage":2.0,"enemies":"Jaw Worm","floor":2.0,"turns":2.0},{"damage":0.0,"enemies":"Small Slimes","floor":3.0,"turns":3.0},{"damage":17.0,"enemies":"Exordium Thugs","floor":5.0,"turns":5.0},{"damage":26.0,"enemies":"Gremlin Nob","floor":6.0,"turns":4.0},{"damage":31.0,"enemies":"Lagavulin","floor":8.0,"turns":5.0},{"damage":17.0,"enemies":"The Mushroom Lair","floor":11.0,"turns":4.0},{"damage":3.0,"enemies":"Blue Slaver","floor":13.0,"turns":2.0},{"damage":13.0,"enemies":"Gremlin Nob","floor":14.0,"turns":4.0},{"damage":42.0,"enemies":"Hexaghost","floor":16.0,"turns":14.0},{"damage":7.0,"enemies":"3 Byrds","floor":18.0,"turns":4.0},{"damage":9.0,"enemies":"Chosen","floor":19.0,"turns":4.0},{"damage":22.0,"enemies":"Shelled Parasite and Fungi","floor":22.0,"turns":7.0},{"damage":2.0,"enemies":"Chosen and Byrds","floor":24.0,"turns":7.0},{"damage":34.0,"enemies":"Slavers","floor":25.0,"turns":5.0},{"damage":15.0,"enemies":"Sentry and Sphere","floor":27.0,"turns":7.0},{"damage":25.0,"enemies":"Colosseum Slavers","floor":29.0,"turns":5.0},{"damage":15.0,"enemies":"Colosseum Nobs","floor":29.0,"turns":3.0},{"damage":9.0,"enemies":"Snecko","floor":30.0,"turns":5.0},{"damage":29.0,"enemies":"Gremlin Leader","floor":31.0,"turns":6.0},{"damage":76,"enemies":"Automaton","floor":33,"turns":10}],"seed_played":"-1187644100679104111","potions_obtained":[{"floor":2.0,"key":"SpeedPotion"},{"floor":8.0,"key":"Strength Potion"},{"floor":11.0,"key":"AttackPotion"},{"floor":13.0,"key":"Regen Potion"},{"floor":18.0,"key":"Poison Potion"},{"floor":25.0,"key":"Poison Potion"},{"floor":29.0,"key":"Fire Potion"},{"floor":30.0,"key":"Energy Potion"}],"is_trial":false,"path_per_floor":["M","M","M","?","M","E","R","E","T","?","?","R","M","E","R","B",null,"M","M","$","?","M","R","M","E","T","M","?","?","M","E","R","B"],"character_chosen":"IRONCLAD","items_purchased":["Shrug It Off","Self Forming Clay"],"campfire_rested":3,"item_purchase_floors":[20,20],"current_hp_per_floor":[80,80,80,69,58,38,62,37,37,42,31,56,59,66,66,30,99,98,95,95,95,79,79,83,67,67,58,91,63,60,37,66,0],"gold":262,"neow_bonus":"RANDOM_COMMON_RELIC","is_prod":false,"is_daily":false,"chose_seed":false,"campfire_upgraded":2,"win_rate":0,"timestamp":1550364408,"path_taken":["M","M","M","?","M","E","R","E","T","?","?","R","M","E","R","BOSS","M","M","$","?","M","R","M","E","T","M","?","?","M","E","R","BOSS"],"build_version":"2019-01-23","purchased_purges":1,"victory":false,"max_hp_per_floor":[80,80,80,80,80,80,80,80,80,85,85,85,85,99,99,99,99,99,99,99,99,99,99,99,99,99,99,99,99,99,99,99,99],"card_choices":[{"not_picked":["Wild Strike","Anger"],"picked":"Inflame","floor":1.0},{"not_picked":["Havoc","Reckless Charge","Seeing Red"],"picked":"SKIP","floor":2.0},{"not_picked":["Iron Wave","Pummel"],"picked":"Shockwave","floor":3.0},{"not_picked":["Havoc","Bloodletting"],"picked":"Pommel Strike","floor":5.0},{"not_picked":["Blood for Blood","Perfected Strike"],"picked":"True Grit","floor":6.0},{"not_picked":["Warcry","Ghostly Armor","Perfected Strike"],"picked":"SKIP","floor":8.0},{"not_picked":["Headbutt","Warcry"],"picked":"Whirlwind","floor":11.0},{"not_picked":["Anger","Hemokinesis"],"picked":"Disarm","floor":13.0},{"not_picked":["Shrug It Off","Ghostly Armor"],"picked":"Exhume","floor":14.0},{"not_picked":["Immolate","Offering"],"picked":"Dark Embrace","floor":16.0},{"not_picked":["Pommel Strike"],"picked":"SKIP","floor":18.0},{"not_picked":["Headbutt"],"picked":"SKIP","floor":19.0},{"not_picked":[],"picked":"Heavy Blade","floor":22.0},{"not_picked":["Havoc"],"picked":"SKIP","floor":24.0},{"not_picked":["Heavy Blade"],"picked":"SKIP","floor":25.0},{"not_picked":["Clash+1"],"picked":"SKIP","floor":27.0},{"not_picked":[],"picked":"Twin Strike+1","floor":29.0},{"not_picked":[],"picked":"Armaments+1","floor":30.0},{"not_picked":[],"picked":"Burning Pact","floor":31.0}],"player_experience":324265,"relics_obtained":[{"floor":6.0,"key":"Bag of Preparation"},{"floor":8.0,"key":"Ornamental Fan"},{"floor":9.0,"key":"Calipers"},{"floor":11.0,"key":"Odd Mushroom"},{"floor":14.0,"key":"Mango"},{"floor":25.0,"key":"Turnip"},{"floor":26.0,"key":"Paper Frog"},{"floor":29.0,"key":"Champion Belt"},{"floor":29.0,"key":"Bottled Flame"},{"floor":31.0,"key":"Blue Candle"}],"event_choices":[{"damage_healed":0.0,"max_hp_gain":0.0,"max_hp_loss":0.0,"gold_gain":75.0,"event_name":"World of Goop","player_choice":"Gather Gold","floor":4.0,"gold_loss":0.0,"damage_taken":11.0},{"damage_healed":0.0,"max_hp_gain":5.0,"max_hp_loss":0.0,"gold_gain":0.0,"event_name":"Big Fish","player_choice":"Donut","floor":10.0,"gold_loss":0.0,"damage_taken":0.0},{"damage_healed":0.0,"max_hp_gain":0.0,"max_hp_loss":0.0,"gold_gain":0.0,"event_name":"Mushrooms","player_choice":"Fought Mushrooms","floor":11.0,"gold_loss":0.0,"damage_taken":0.0},{"cards_removed":["Strike_R"],"damage_healed":0.0,"max_hp_gain":0.0,"max_hp_loss":0.0,"gold_gain":0.0,"event_name":"Beggar","player_choice":"Gave Gold","floor":21.0,"gold_loss":75.0,"damage_taken":0.0},{"damage_healed":33.0,"max_hp_gain":0.0,"max_hp_loss":0.0,"gold_gain":0.0,"event_name":"The Library","player_choice":"Heal","floor":28.0,"gold_loss":0.0,"damage_taken":0.0},{"damage_healed":0.0,"max_hp_gain":0.0,"max_hp_loss":0.0,"gold_gain":0.0,"event_name":"Colosseum","player_choice":"Fight","floor":29.0,"gold_loss":0.0,"damage_taken":0.0},{"damage_healed":0.0,"max_hp_gain":0.0,"max_hp_loss":0.0,"gold_gain":0.0,"event_name":"Colosseum","player_choice":"Fought Nobs","floor":29.0,"gold_loss":0.0,"damage_taken":0.0}],"is_beta":false,"boss_relics":[{"not_picked":["Fusion Hammer","Astrolabe"],"picked":"Busted Crown"}],"items_purged_floors":[20],"is_endless":false,"potions_floor_spawned":[2,8,11,13,18,25,29,30],"killed_by":"Automaton","ascension_level":2}