{"gold_per_floor":[117,132,146,158,178,178,202,235,235,300,300,300,400,288,288,365,365,378,378,92,110,127,42,92,92],"floor_reached":25,"playtime":796,"items_purged":["Strike_R","Strike_R"],"score":402,"play_id":"fbbe8967-1f60-4c97-95eb-e898a0c04eec","local_time":"20190118022941","is_ascension_mode":true,"campfire_choices":[{"data":"Combust","floor":6,"key":"SMITH"},{"floor":11,"key":"REST"},{"data":"Barricade","floor":15,"key":"SMITH"}],"neow_cost":"NONE","seed_source_timestamp":635814860562794,"circlet_count":0,"master_deck":["AscendersBane","Strike_R","Strike_R","Defend_R","Defend_R","Defend_R","Defend_R","Bash","Feel No Pain","Combust+1","Headbutt","Second Wind","True Grit","Barricade+1","Feel No Pain","Offering","Armaments","Wild Strike","Rampage"],"relics":["Burning Blood","Omamori","Dream Catcher","Juzu Bracelet","Regal Pillow","Runic Dome","Orichalcum"],"potions_floor_usage":[8,10,16,16,22],"damage_taken":[{"damage":12,"enemies":"Cultist","floor":1,"turns":4},{"damage":12,"enemies":"Jaw Worm","floor":2,"turns":4},{"damage":14,"enemies":"Small Slimes","floor":3,"turns":4},{"damage":19,"enemies":"Blue Slaver","floor":4,"turns":5},{"damage":22,"enemies":"Lots of Slimes","floor":5,"turns":4},{"damage":19,"enemies":"Gremlin Nob","floor":8,"turns":4},{"damage":7,"enemies":"3 Sentries","floor":10,"turns":29},{"damage":26,"enemies":"The Guardian","floor":16,"turns":27},{"damage":30,"enemies":"3 Byrds","floor":18,"turns":4},{"damage":35,"enemies":"Spheric Guardian","floor":21,"turns":7},{"damage":30,"enemies":"Centurion and Healer","floor":22,"turns":11},{"damage":10,"enemies":"Snake Plant","floor":25,"turns":1}],"seed_played":"6674878853090559938","potions_obtained":[{"floor":2,"key":"SpeedPotion"},{"floor":3,"key":"FearPotion"},{"floor":8,"key":"SkillPotion"},{"floor":10,"key":"Ancient Potion"},{"floor":21,"key":"Dexterity Potion"}],"is_trial":false,"path_per_floor":["M","M","M","M","M","R","T","E","T","?","R","?","?","$","R","B",null,"M","?","$","M","M","?","?","M"],"character_chosen":"IRONCLAD","items_purchased":["Feel No Pain","Regen Potion","Wild Strike","Rampage"],"campfire_rested":1,"item_purchase_floors":[14,20,20,20],"current_hp_per_floor":[69,63,55,42,26,26,26,13,13,12,51,51,51,51,51,31,69,45,45,45,16,7,7,7,0],"gold":92,"neow_bonus":"TEN_PERCENT_HP_BONUS","is_prod":false,"is_daily":false,"chose_seed":false,"campfire_upgraded":2,"win_rate":0,"timestamp":1547746181,"path_taken":["M","M","M","M","M","R","?","E","T","?","R","?","?","$","R","BOSS","M","?","$","M","M","?","?","M"],"build_version":"2019-01-10","purchased_purges":2,"victory":false,"max_hp_per_floor":[82,82,82,82,82,82,82,82,82,82,82,82,82,82,82,82,82,82,82,82,82,82,82,82,82],"card_choices":[{"not_picked":["Clash","Bloodletting"],"picked":"Feel No Pain","floor":1},{"not_picked":["Pommel Strike","Body Slam"],"picked":"Combust","floor":2},{"not_picked":["Flex","Body Slam"],"picked":"Headbutt","floor":3},{"not_picked":["Entrench","Body Slam"],"picked":"Second Wind","floor":4},{"not_picked":["Dropkick","Sentinel"],"picked":"True Grit","floor":5},{"not_picked":["Berserk","Intimidate"],"picked":"Barricade","floor":8},{"not_picked":["Demon Form","Limit Break"],"picked":"Offering","floor":16},{"not_picked":["Fire Breathing","Anger","Wild Strike"],"picked":"SKIP","floor":18},{"not_picked":["True Grit","Inflame","Clash"],"picked":"SKIP","floor":21},{"not_picked":["Wild Strike","Shrug It Off","Hemokinesis"],"picked":"SKIP","floor":22}],"player_experience":4122620,"relics_obtained":[{"floor":7,"key":"Omamori"},{"floor":8,"key":"Dream Catcher"},{"floor":9,"key":"Juzu Bracelet"},{"floor":10,"key":"Regal Pillow"}],"event_choices":[{"damage_healed":0,"gold_gain":0,"player_choice":"Searched \u00272\u0027 times","damage_taken":0,"max_hp_gain":0,"max_hp_loss":0,"event_name":"Dead Adventurer","floor":10,"gold_loss":0},{"cards_removed":["Strike_R"],"damage_healed":0,"gold_gain":0,"player_choice":"Offered Basic","damage_taken":0,"max_hp_gain":0,"max_hp_loss":0,"event_name":"Bonfire Elementals","floor":12,"gold_loss":0},{"damage_healed":0,"gold_gain":100,"player_choice":"Gold","damage_taken":0,"max_hp_gain":0,"max_hp_loss":0,"event_name":"Wheel of Change","floor":13,"gold_loss":0},{"damage_healed":0,"gold_gain":0,"player_choice":"Read","damage_taken":0,"max_hp_gain":0,"max_hp_loss":0,"event_name":"The Library","floor":19,"gold_loss":0,"cards_obtained":["Armaments"]},{"damage_healed":0,"gold_gain":0,"player_choice":"Obtained Relic","damage_taken":0,"relics_obtained":["Orichalcum"],"max_hp_gain":0,"max_hp_loss":0,"event_name":"Addict","floor":23,"gold_loss":85},{"damage_healed":0,"gold_gain":50,"player_choice":"Stole From Cult","damage_taken":0,"max_hp_gain":0,"max_hp_loss":0,"event_name":"Nest","floor":24,"gold_loss":0}],"is_beta":false,"boss_relics":[{"not_picked":["Lizard Tail","Velvet Choker"],"picked":"Runic Dome"}],"items_purged_floors":[14,20],"is_endless":false,"potions_floor_spawned":[2,3,8,10,21],"killed_by":"Snake Plant","ascension_level":20}