{"gold_per_floor":[112,112,129,129,129,129,158,170,170,320,320,340,5,16,16,93,93,13,13,33,33,33,33,44,44,44,44,60,60,73,84,84,161,161,177,177,195,195,85,85,98,98,98,112,112,112,129,141,141,141],"floor_reached":51,"playtime":2986,"items_purged":["Doubt"],"score":1214,"play_id":"948ea8e1-8964-4e02-8aa1-7b3b55017f6f","local_time":"20190321212710","is_ascension_mode":true,"campfire_choices":[{"floor":6.0,"key":"REST"},{"floor":15.0,"key":"REST"},{"floor":23.0,"key":"REST"},{"data":"Rainbow","floor":25.0,"key":"SMITH"},{"data":"1","floor":27.0,"key":"LIFT"},{"floor":32.0,"key":"REST"},{"floor":40.0,"key":"REST"},{"data":"2","floor":42.0,"key":"LIFT"},{"data":"3","floor":46.0,"key":"LIFT"},{"data":"Echo Form","floor":49,"key":"SMITH"}],"neow_cost":"NONE","seed_source_timestamp":0,"circlet_count":0,"master_deck":["AscendersBane","Strike_B+1","Defend_B","Defend_B","Defend_B","Defend_B","Zap","Dualcast","Sweeping Beam","Cold Snap","Redo+1","Seek","Defragment+1","Leap","BootSequence","Glacier","Biased Cognition","Cold Snap","Rainbow+1","Beam Cell+1","Chill+1","Reinforced Body","Echo Form+1","Stack+1","Hologram","Chill","Barrage","Chaos+1","Rebound"],"special_seed":0,"relics":["Cracked Core","Boot","Shuriken","Ancient Tea Set","Runic Capacitor","White Beast Statue","Girya","Inserter","Mummified Hand"],"potions_floor_usage":[47,47,48],"damage_taken":[{"damage":7.0,"enemies":"Jaw Worm","floor":1.0,"turns":3.0},{"damage":8.0,"enemies":"2 Louse","floor":3.0,"turns":2.0},{"damage":13.0,"enemies":"Lagavulin","floor":7.0,"turns":8.0},{"damage":3.0,"enemies":"Small Slimes","floor":8.0,"turns":2.0},{"damage":5.0,"enemies":"3 Louse","floor":12.0,"turns":2.0},{"damage":2.0,"enemies":"Large Slime","floor":14.0,"turns":6.0},{"damage":58.0,"enemies":"Slime Boss","floor":16.0,"turns":16.0},{"damage":2.0,"enemies":"2 Thieves","floor":18.0,"turns":4.0},{"damage":0.0,"enemies":"Shell Parasite","floor":20.0,"turns":6.0},{"damage":14.0,"enemies":"Colosseum Slavers","floor":21.0,"turns":7.0},{"damage":3.0,"enemies":"Cultist and Chosen","floor":24.0,"turns":6.0},{"damage":20.0,"enemies":"Centurion and Healer","floor":28.0,"turns":8.0},{"damage":12.0,"enemies":"Sentry and Sphere","floor":30.0,"turns":6.0},{"damage":6.0,"enemies":"3 Cultists","floor":31.0,"turns":7.0},{"damage":24.0,"enemies":"Automaton","floor":33.0,"turns":12.0},{"damage":1.0,"enemies":"3 Shapes","floor":35.0,"turns":8.0},{"damage":28.0,"enemies":"3 Darklings","floor":37.0,"turns":8.0},{"damage":3.0,"enemies":"Sphere and 2 Shapes","floor":41.0,"turns":7.0},{"damage":14.0,"enemies":"Spire Growth","floor":44.0,"turns":6.0},{"damage":3,"enemies":"Writhing Mass","floor":47,"turns":8},{"damage":0,"enemies":"Maw","floor":48,"turns":8},{"damage":47,"enemies":"Awakened One","floor":50,"turns":15}],"seed_played":"7104364700181682689","potions_obtained":[{"floor":1.0,"key":"Weak Potion"},{"floor":3.0,"key":"Block Potion"},{"floor":12.0,"key":"FairyPotion"},{"floor":18.0,"key":"PowerPotion"},{"floor":20.0,"key":"LiquidBronze"},{"floor":31.0,"key":"PowerPotion"},{"floor":33.0,"key":"LiquidBronze"},{"floor":35.0,"key":"EssenceOfSteel"},{"floor":37.0,"key":"Regen Potion"},{"floor":44.0,"key":"Regen Potion"},{"floor":47,"key":"Block Potion"},{"floor":48,"key":"FearPotion"}],"is_trial":false,"path_per_floor":["M","?","M","?","?","R","E","M","T","?","?","M","$","M","R","B",null,"M","?","M","?","?","R","M","R","T","R","M","$","M","M","R","B",null,"M","?","M","?","?","R","M","R","T","M","?","R","M","M","R","B",null],"character_chosen":"DEFECT","items_purchased":["Runic Capacitor","BootSequence"],"campfire_rested":5,"item_purchase_floors":[13,13],"current_hp_per_floor":[57,62,54,54,31,53,40,37,37,37,37,32,32,30,52,7,59,57,57,57,43,43,65,62,62,62,62,42,42,30,24,46,22,63,62,62,34,34,34,56,53,53,53,39,35,35,76,76,76,29],"gold":141,"neow_bonus":"RANDOM_COMMON_RELIC","is_prod":false,"is_daily":false,"chose_seed":false,"campfire_upgraded":2,"win_rate":0,"timestamp":1553218030,"path_taken":["M","?","M","?","?","R","E","M","T","?","?","M","$","M","R","BOSS","M","?","?","?","?","R","M","R","T","R","M","?","M","M","R","BOSS","M","?","M","?","?","R","?","R","T","M","?","R","M","M","R","BOSS"],"build_version":"2019-01-23","purchased_purges":1,"victory":true,"max_hp_per_floor":[71,76,76,76,76,76,76,76,76,76,76,76,76,76,76,76,76,76,76,76,76,76,76,76,76,76,76,76,76,76,76,76,76,76,76,76,76,76,76,76,76,76,76,76,76,76,76,76,76,76],"card_choices":[{"not_picked":["Steam Power","Compile Driver"],"picked":"Sweeping Beam","floor":1.0},{"not_picked":["Go for the Eyes","Rebound"],"picked":"Cold Snap","floor":3.0},{"not_picked":["Auto Shields","Lockon"],"picked":"Seek","floor":7.0},{"not_picked":["Doom and Gloom","Redo"],"picked":"Defragment","floor":8.0},{"not_picked":["Barrage","Sweeping Beam"],"picked":"Leap","floor":12.0},{"not_picked":["Leap","Melter"],"picked":"Glacier","floor":14.0},{"not_picked":["Machine Learning","Multi-Cast"],"picked":"Biased Cognition","floor":16.0},{"not_picked":["Storm","Fusion+1"],"picked":"Cold Snap","floor":18.0},{"not_picked":["Reprogram","Aggregate"],"picked":"Beam Cell+1","floor":20.0},{"not_picked":["Redo","Skim"],"picked":"Chill+1","floor":24.0},{"not_picked":["Sweeping Beam+1","Leap"],"picked":"Reinforced Body","floor":28.0},{"not_picked":["Sunder","Force Field+1","Compile Driver"],"picked":"SKIP","floor":30.0},{"not_picked":["Lockon+1","Turbo","Melter"],"picked":"SKIP","floor":31.0},{"not_picked":["All For One","Thunder Strike"],"picked":"Echo Form","floor":33.0},{"not_picked":["Steam Power+1","Rip and Tear"],"picked":"Stack+1","floor":35.0},{"not_picked":["Turbo","Scrape"],"picked":"Hologram","floor":37.0},{"not_picked":["Reinforced Body","Rip and Tear+1"],"picked":"Chill","floor":41.0},{"not_picked":["Gash","Sweeping Beam"],"picked":"Barrage","floor":44.0},{"not_picked":["Redo","Stack"],"picked":"Chaos+1","floor":47},{"not_picked":["Conserve Battery","Electrodynamics"],"picked":"Rebound","floor":48}],"player_experience":560991,"relics_obtained":[{"floor":7.0,"key":"Shuriken"},{"floor":9.0,"key":"Ancient Tea Set"},{"floor":26.0,"key":"Girya"},{"floor":43.0,"key":"Mummified Hand"}],"event_choices":[{"damage_healed":0.0,"max_hp_gain":5.0,"max_hp_loss":0.0,"gold_gain":0.0,"event_name":"Big Fish","player_choice":"Donut","floor":2.0,"gold_loss":0.0,"damage_taken":0.0},{"damage_healed":0.0,"max_hp_gain":0.0,"max_hp_loss":0.0,"gold_gain":0.0,"cards_transformed":["Strike_B"],"event_name":"Living Wall","player_choice":"Change","floor":4.0,"gold_loss":0.0,"damage_taken":0.0,"cards_obtained":["Redo"]},{"damage_healed":0.0,"max_hp_gain":0.0,"max_hp_loss":0.0,"gold_gain":0.0,"event_name":"Shining Light","player_choice":"Entered Light","floor":5.0,"gold_loss":0.0,"damage_taken":23.0,"cards_upgraded":["Strike_B","Redo"]},{"damage_healed":0.0,"max_hp_gain":0.0,"max_hp_loss":0.0,"gold_gain":150.0,"event_name":"Liars Game","player_choice":"AGREE","floor":10.0,"gold_loss":0.0,"damage_taken":0.0,"cards_obtained":["Doubt"]},{"damage_healed":0.0,"max_hp_gain":0.0,"max_hp_loss":0.0,"gold_gain":0.0,"event_name":"Dead Adventurer","player_choice":"Searched \u00270\u0027 times","floor":11.0,"gold_loss":0.0,"damage_taken":0.0},{"damage_healed":0.0,"max_hp_gain":0.0,"max_hp_loss":0.0,"gold_gain":0.0,"event_name":"Match and Keep!","player_choice":"1 cards matched","floor":19.0,"gold_loss":0.0,"damage_taken":0.0,"cards_obtained":["Rainbow"]},{"damage_healed":0.0,"max_hp_gain":0.0,"max_hp_loss":0.0,"gold_gain":0.0,"event_name":"Colosseum","player_choice":"Fight","floor":21.0,"gold_loss":0.0,"damage_taken":0.0},{"damage_healed":0.0,"max_hp_gain":0.0,"max_hp_loss":0.0,"gold_gain":0.0,"event_name":"Colosseum","player_choice":"Fled From Nobs","floor":21.0,"gold_loss":0.0,"damage_taken":0.0},{"damage_healed":0.0,"max_hp_gain":0.0,"max_hp_loss":0.0,"gold_gain":0.0,"event_name":"Tomb of Lord Red Mask","player_choice":"Ignored","floor":36.0,"gold_loss":0.0,"damage_taken":0.0},{"cards_removed":["Strike_B"],"damage_healed":0.0,"max_hp_gain":0.0,"max_hp_loss":0.0,"gold_gain":0.0,"event_name":"Falling","player_choice":"Removed Attack","floor":38.0,"gold_loss":0.0,"damage_taken":0.0},{"cards_removed":["Strike_B"],"damage_healed":0.0,"max_hp_gain":0.0,"max_hp_loss":0.0,"gold_gain":0.0,"event_name":"Designer","player_choice":"Upgrade and Remove","floor":39.0,"gold_loss":110.0,"damage_taken":0.0,"cards_upgraded":["Defragment"]},{"damage_healed":0.0,"max_hp_gain":0.0,"max_hp_loss":0.0,"gold_gain":0.0,"event_name":"The Woman in Blue","player_choice":"Bought 0 Potions","floor":45.0,"gold_loss":0.0,"damage_taken":0.0}],"is_beta":false,"boss_relics":[{"not_picked":["Busted Crown","Philosopher\u0027s Stone"],"picked":"White Beast Statue"},{"not_picked":["Runic Dome","Black Star"],"picked":"Inserter"}],"items_purged_floors":[13],"is_endless":false,"potions_floor_spawned":[1,3,12,18,20,21,24,28,30,31,33,35,37,41,44,47,48],"ascension_level":19}