{"gold_per_floor":[112,130,141,17,192,218,231,296,296,21,53,69,101,112,112,112],"floor_reached":16,"playtime":1370,"items_purged":["Doubt"],"score":153,"play_id":"2a3daec8-0b49-4296-b8a6-0e56c8a0966b","local_time":"20181227230915","is_ascension_mode":true,"campfire_choices":[{"data":"Defragment","floor":15,"key":"SMITH"}],"neow_cost":"NONE","seed_source_timestamp":523567020924881,"circlet_count":0,"master_deck":["Strike_B","Strike_B","Strike_B","Strike_B","Defend_B","Defend_B","Defend_B","Defend_B","Zap","Dualcast","Conserve Battery","Rebound","Barrage","Coolheaded","Tempest","Coolheaded","Defragment+1","Capacitor","Defragment","Compile Driver","Outmaneuver"],"relics":["Cracked Core","Mango","Incense Burner","Shovel","PrismaticShard","StoneCalendar","Prayer Wheel"],"potions_floor_usage":[6,8,11,13,16],"damage_taken":[{"damage":5,"enemies":"Small Slimes","floor":1,"turns":3},{"damage":0,"enemies":"Jaw Worm","floor":2,"turns":3},{"damage":0,"enemies":"2 Louse","floor":3,"turns":2},{"damage":17,"enemies":"Lagavulin","floor":6,"turns":7},{"damage":12,"enemies":"Blue Slaver","floor":7,"turns":3},{"damage":12,"enemies":"Gremlin Nob","floor":8,"turns":4},{"damage":9,"enemies":"3 Sentries","floor":11,"turns":6},{"damage":8,"enemies":"Looter","floor":12,"turns":3},{"damage":5,"enemies":"Lagavulin","floor":13,"turns":7},{"damage":11,"enemies":"Lots of Slimes","floor":14,"turns":4},{"damage":21,"enemies":"Slime Boss","floor":16,"turns":3}],"seed_played":"-1553304959846268875","potions_obtained":[{"floor":2,"key":"AttackPotion"},{"floor":7,"key":"Block Potion"},{"floor":8,"key":"FocusPotion"},{"floor":12,"key":"Poison Potion"},{"floor":13,"key":"Dexterity Potion"}],"is_trial":false,"path_per_floor":["M","M","M","$","?","E","M","?","T","$","E","M","E","M","R","B"],"character_chosen":"DEFECT","items_purchased":["Coolheaded","Tempest","PrismaticShard"],"campfire_rested":0,"item_purchase_floors":[4,4,10],"current_hp_per_floor":[77,77,77,77,77,74,62,50,50,50,41,33,28,17,17,0],"gold":112,"neow_bonus":"TEN_PERCENT_HP_BONUS","is_prod":false,"is_daily":false,"chose_seed":false,"campfire_upgraded":1,"win_rate":0,"timestamp":1545970155,"path_taken":["M","M","M","$","?","E","M","?","T","?","E","M","E","M","R","BOSS"],"build_version":"2018-12-20","purchased_purges":1,"victory":false,"max_hp_per_floor":[82,82,82,82,82,96,96,96,96,96,96,96,96,96,96,96],"card_choices":[{"not_picked":["Double Energy","Turbo"],"picked":"Conserve Battery","floor":1},{"not_picked":["Turbo","Sweeping Beam"],"picked":"Rebound","floor":2},{"not_picked":["Streamline","Turbo"],"picked":"Barrage","floor":3},{"not_picked":["Hologram","Reinforced Body"],"picked":"Coolheaded","floor":6},{"not_picked":["Hello World","Go for the Eyes"],"picked":"Defragment","floor":7},{"not_picked":["Barrage","Doom and Gloom"],"picked":"Capacitor","floor":8},{"not_picked":["Clothesline","Thunder Strike","Beam Cell"],"picked":"SKIP","floor":11},{"not_picked":["Underhanded Strike","Anger"],"picked":"Defragment","floor":12},{"not_picked":["Inflame","Beam Cell","Turbo"],"picked":"SKIP","floor":13},{"not_picked":["Warcry","Combust"],"picked":"Compile Driver","floor":14},{"not_picked":["Quick Slash","Bane"],"picked":"Outmaneuver","floor":14}],"player_experience":115371,"relics_obtained":[{"floor":6,"key":"Mango"},{"floor":8,"key":"Incense Burner"},{"floor":9,"key":"Shovel"},{"floor":11,"key":"StoneCalendar"},{"floor":13,"key":"Prayer Wheel"}],"event_choices":[{"damage_healed":0,"gold_gain":175,"player_choice":"AGREE","damage_taken":0,"max_hp_gain":0,"max_hp_loss":0,"event_name":"Liars Game","floor":5,"gold_loss":0,"cards_obtained":["Doubt"]},{"damage_healed":0,"gold_gain":0,"player_choice":"Searched \u00271\u0027 times","damage_taken":0,"max_hp_gain":0,"max_hp_loss":0,"event_name":"Dead Adventurer","floor":8,"gold_loss":0}],"is_beta":false,"boss_relics":[],"items_purged_floors":[10],"is_endless":false,"potions_floor_spawned":[2,7,8,12,13],"killed_by":"Slime Boss","ascension_level":1}