{"gold_per_floor":[111,111,124,10,10,41,41,70,70,86,86,117,130,130,130,232,232,242,254,265,265,283,283],"floor_reached":23,"playtime":1362,"items_purged":["Strike_B"],"score":278,"play_id":"57fe48c6-48ca-4c60-ba2f-a4de59a98111","local_time":"20190105134925","is_ascension_mode":true,"campfire_choices":[{"floor":15,"key":"REST"}],"neow_cost":"NONE","seed_source_timestamp":1267585542522582,"circlet_count":0,"master_deck":["Strike_B","Strike_B","Defend_B","Defend_B","Zap","Dualcast","Conserve Battery","Cold Snap","FTL","Go for the Eyes","Heatsinks+1","Coolheaded","Tempest","Machine Learning+1","Ball Lightning","Ghostly","Ghostly","Ghostly","Ghostly","Ghostly"],"relics":["Empty Cage","WingedGreaves","Frozen Egg 2","Bag of Preparation","Emotion Chip","Juzu Bracelet","Torii","Busted Crown"],"potions_floor_usage":[6,12,16,23],"damage_taken":[{"damage":7,"enemies":"2 Louse","floor":1,"turns":4},{"damage":0,"enemies":"Small Slimes","floor":3,"turns":3},{"damage":7,"enemies":"Gremlin Nob","floor":6,"turns":5},{"damage":9,"enemies":"Lagavulin","floor":8,"turns":8},{"damage":2,"enemies":"Jaw Worm","floor":10,"turns":4},{"damage":17,"enemies":"3 Sentries","floor":12,"turns":9},{"damage":0,"enemies":"2 Fungi Beasts","floor":13,"turns":3},{"damage":33,"enemies":"Hexaghost","floor":16,"turns":15},{"damage":1,"enemies":"Chosen","floor":18,"turns":5},{"damage":1,"enemies":"Spheric Guardian","floor":19,"turns":3},{"damage":30,"enemies":"Shelled Parasite and Fungi","floor":20,"turns":5},{"damage":25,"enemies":"3 Cultists","floor":22,"turns":6},{"damage":17,"enemies":"Book of Stabbing","floor":23,"turns":5}],"seed_played":"-440937942008821746","potions_obtained":[{"floor":3,"key":"Block Potion"},{"floor":8,"key":"FearPotion"},{"floor":12,"key":"PowerPotion"},{"floor":19,"key":"SpeedPotion"},{"floor":22,"key":"FocusPotion"}],"is_trial":false,"path_per_floor":["M","?","M","$","?","E","$","E","T","M","?","E","M","T","R","B",null,"M","M","M","?","M","E"],"character_chosen":"DEFECT","items_purchased":["FTL"],"campfire_rested":1,"item_purchase_floors":[4],"current_hp_per_floor":[68,68,68,68,50,43,43,34,34,32,32,15,15,15,37,4,75,74,73,43,37,12,0],"gold":283,"neow_bonus":"BOSS_RELIC","is_prod":false,"is_daily":false,"chose_seed":false,"campfire_upgraded":0,"win_rate":0,"timestamp":1546714165,"path_taken":["M","?","M","$","?","E","?","E","T","M","?","E","M","?","R","BOSS","M","M","M","?","M","E"],"build_version":"2019-01-03v4","purchased_purges":1,"victory":false,"max_hp_per_floor":[75,75,75,75,75,75,75,75,75,75,75,75,75,75,75,75,75,75,75,75,37,37,37],"card_choices":[{"not_picked":["Gash","Leap"],"picked":"Conserve Battery","floor":1},{"not_picked":["Stack","Barrage"],"picked":"Cold Snap","floor":3},{"not_picked":["Hologram","Hyperbeam"],"picked":"Go for the Eyes","floor":6},{"not_picked":["Go for the Eyes","Turbo"],"picked":"Heatsinks+1","floor":8},{"not_picked":["Ball Lightning","Turbo"],"picked":"Coolheaded","floor":10},{"not_picked":["Fusion","Hello World+1","Aggregate"],"picked":"SKIP","floor":12},{"not_picked":["Sweeping Beam","Cold Snap"],"picked":"Tempest","floor":13},{"not_picked":["Thunder Strike","Multi-Cast"],"picked":"Machine Learning+1","floor":16},{"not_picked":[],"picked":"Ball Lightning","floor":18},{"not_picked":["Barrage"],"picked":"SKIP","floor":19},{"not_picked":["Gash"],"picked":"SKIP","floor":20},{"not_picked":["Hello World+1"],"picked":"SKIP","floor":22}],"player_experience":272947,"relics_obtained":[{"floor":6,"key":"Frozen Egg 2"},{"floor":8,"key":"Bag of Preparation"},{"floor":9,"key":"Emotion Chip"},{"floor":12,"key":"Juzu Bracelet"},{"floor":14,"key":"Torii"}],"event_choices":[{"cards_removed":["Defend_B"],"damage_healed":0,"gold_gain":0,"player_choice":"Forget","damage_taken":0,"max_hp_gain":0,"max_hp_loss":0,"event_name":"Living Wall","floor":2,"gold_loss":0},{"damage_healed":0,"gold_gain":0,"player_choice":"Success","damage_taken":18,"relics_obtained":["WingedGreaves"],"max_hp_gain":0,"max_hp_loss":0,"event_name":"Scrap Ooze","floor":5,"gold_loss":0},{"damage_healed":0,"gold_gain":0,"player_choice":"Ignored","damage_taken":0,"max_hp_gain":0,"max_hp_loss":0,"event_name":"Liars Game","floor":11,"gold_loss":0},{"damage_healed":0,"gold_gain":0,"player_choice":"Became a Ghost","damage_taken":0,"max_hp_gain":0,"max_hp_loss":38,"event_name":"Ghosts","floor":21,"gold_loss":0,"cards_obtained":["Ghostly","Ghostly","Ghostly","Ghostly","Ghostly"]}],"is_beta":false,"boss_relics":[{"not_picked":["Velvet Choker","White Beast Statue"],"picked":"Busted Crown"}],"items_purged_floors":[4],"is_endless":false,"potions_floor_spawned":[3,8,12,19,22],"killed_by":"Book of Stabbing","ascension_level":4}