{"gold_per_floor":[117,97,57,67,83,83,83,111,111,111,122,135,166,3,3,80,80,93,111,127,402,420,420,207,236,236,236,250,265,265,67,67,141,141,151,170,190,203,43,43],"floor_reached":40,"playtime":3556,"items_purged":["Strike_R"],"score":802,"play_id":"081d24e3-8eda-4b53-8503-55e957c21ac7","local_time":"20190308231423","is_ascension_mode":true,"campfire_choices":[{"data":"Infernal Blade","floor":7.0,"key":"SMITH"},{"floor":10.0,"key":"REST"},{"floor":15.0,"key":"REST"},{"floor":23.0,"key":"REST"},{"floor":27.0,"key":"REST"},{"data":"Rupture","floor":30.0,"key":"SMITH"},{"floor":32.0,"key":"REST"}],"neow_cost":"CURSE","seed_source_timestamp":0,"circlet_count":0,"master_deck":["AscendersBane","Strike_R","Strike_R","Strike_R","Strike_R","Defend_R","Defend_R","Defend_R","Defend_R","Bash","Pain","Feel No Pain","Warcry","Rage","Infernal Blade+1","Perfected Strike","Armaments","Immolate","Pain","Whirlwind","Pommel Strike","Shockwave","Shrug It Off","Pommel Strike","Battle Trance","Offering","Perfected Strike","Second Wind","Rupture+1","Armaments+1","Ghostly Armor+1","Headbutt+1","Regret","Metallicize","Thunderclap","Spot Weakness","Ghostly Armor+1","Evolve","Disarm","Impervious","Pommel Strike","Demon Form","Body Slam+1","Trip"],"special_seed":0,"relics":["Burning Blood","Prayer Wheel","WarpedTongs","Champion Belt","Blue Candle","Boot","Bag of Preparation","Runic Cube","Regal Pillow","Red Skull","Vajra","Busted Crown"],"potions_floor_usage":[38,40,40],"damage_taken":[{"damage":10.0,"enemies":"2 Louse","floor":1.0,"turns":3.0},{"damage":6.0,"enemies":"Cultist","floor":4.0,"turns":4.0},{"damage":15.0,"enemies":"Jaw Worm","floor":5.0,"turns":2.0},{"damage":41.0,"enemies":"Lagavulin","floor":8.0,"turns":7.0},{"damage":9.0,"enemies":"Exordium Thugs","floor":11.0,"turns":4.0},{"damage":2.0,"enemies":"Gremlin Gang","floor":12.0,"turns":2.0},{"damage":16.0,"enemies":"Gremlin Nob","floor":13.0,"turns":4.0},{"damage":37.0,"enemies":"Hexaghost","floor":16.0,"turns":9.0},{"damage":13.0,"enemies":"2 Thieves","floor":18.0,"turns":4.0},{"damage":15.0,"enemies":"Chosen","floor":19.0,"turns":4.0},{"damage":25.0,"enemies":"Shelled Parasite and Fungi","floor":20.0,"turns":6.0},{"damage":16.0,"enemies":"Snecko","floor":22.0,"turns":4.0},{"damage":24.0,"enemies":"Book of Stabbing","floor":25.0,"turns":6.0},{"damage":6.0,"enemies":"Snake Plant","floor":28.0,"turns":3.0},{"damage":5.0,"enemies":"3 Cultists","floor":29.0,"turns":3.0},{"damage":62.0,"enemies":"Collector","floor":33.0,"turns":8.0},{"damage":7.0,"enemies":"3 Shapes","floor":35.0,"turns":1.0},{"damage":43.0,"enemies":"3 Darklings","floor":36.0,"turns":5.0},{"damage":12,"enemies":"Jaw Worm Horde","floor":37,"turns":5},{"damage":16,"enemies":"Spire Growth","floor":38,"turns":5},{"damage":8,"enemies":"Nemesis","floor":40,"turns":4}],"seed_played":"1166311948074999039","potions_obtained":[{"floor":1.0,"key":"LiquidBronze"},{"floor":2.0,"key":"EssenceOfSteel"},{"floor":8.0,"key":"Poison Potion"},{"floor":13.0,"key":"Ancient Potion"},{"floor":16.0,"key":"GamblersBrew"},{"floor":18.0,"key":"LiquidBronze"},{"floor":25.0,"key":"Energy Potion"},{"floor":28.0,"key":"Fire Potion"},{"floor":33.0,"key":"SkillPotion"},{"floor":38,"key":"FearPotion"}],"is_trial":false,"path_per_floor":["M","?","$","M","M","?","R","E","T","R","M","M","E","$","R","B",null,"M","M","M","?","M","R","$","E","T","R","M","M","R","$","R","B",null,"M","M","M","M","$","E"],"character_chosen":"IRONCLAD","items_purchased":["Rage","Bag of Preparation","Spot Weakness","Energy Potion","Vajra","Pommel Strike","Trip","Block Potion"],"campfire_rested":5,"item_purchase_floors":[3,14,24,24,31,31,39,39],"current_hp_per_floor":[64,64,64,64,55,55,55,20,20,42,39,43,33,33,55,24,62,55,46,27,27,17,39,39,21,21,58,58,59,59,59,75,19,61,60,23,17,7,7,0],"gold":43,"neow_bonus":"ONE_RARE_RELIC","is_prod":false,"is_daily":false,"chose_seed":false,"campfire_upgraded":2,"win_rate":0,"timestamp":1552054463,"path_taken":["M","?","$","M","?","?","R","E","T","R","M","M","E","?","R","BOSS","M","M","?","?","M","R","$","E","T","R","?","M","R","$","R","BOSS","M","?","M","M","$","E"],"build_version":"2019-01-23","purchased_purges":1,"victory":false,"max_hp_per_floor":[75,75,75,75,75,75,75,75,75,75,75,75,75,75,75,75,75,75,75,75,75,75,75,75,75,75,75,75,75,75,75,75,75,75,75,75,75,75,75,75],"card_choices":[{"not_picked":["Anger","Uppercut"],"picked":"Feel No Pain","floor":1.0},{"not_picked":["Havoc","Pommel Strike"],"picked":"Warcry","floor":1.0},{"not_picked":["Body Slam","Thunderclap"],"picked":"Infernal Blade","floor":4.0},{"not_picked":["Warcry","Pommel Strike"],"picked":"Perfected Strike","floor":4.0},{"not_picked":["Flex","Cleave"],"picked":"Armaments","floor":5.0},{"not_picked":["Warcry","Disarm"],"picked":"Immolate","floor":5.0},{"not_picked":["Corruption","Spot Weakness"],"picked":"Whirlwind","floor":8.0},{"not_picked":["Clash","Anger"],"picked":"Pommel Strike","floor":11.0},{"not_picked":["Flex","Warcry"],"picked":"Shockwave","floor":11.0},{"not_picked":["Dual Wield","Dropkick"],"picked":"Shrug It Off","floor":12.0},{"not_picked":["Shrug It Off","Heavy Blade"],"picked":"Pommel Strike","floor":12.0},{"not_picked":["Sentinel","Searing Blow"],"picked":"Battle Trance","floor":13.0},{"not_picked":["Impervious","Feed"],"picked":"Offering","floor":16.0},{"not_picked":["Fire Breathing","Warcry"],"picked":"Perfected Strike","floor":18.0},{"not_picked":["Battle Trance","Combust"],"picked":"Second Wind","floor":18.0},{"not_picked":["Anger","Infernal Blade+1"],"picked":"Rupture","floor":19.0},{"not_picked":["Havoc","Infernal Blade"],"picked":"Armaments+1","floor":19.0},{"not_picked":["Sword Boomerang","Havoc"],"picked":"Ghostly Armor+1","floor":20.0},{"not_picked":["Second Wind","Brutality"],"picked":"Headbutt+1","floor":20.0},{"not_picked":["Twin Strike","Uppercut"],"picked":"Metallicize","floor":22.0},{"not_picked":["Intimidate","Warcry"],"picked":"Thunderclap","floor":22.0},{"not_picked":["Thunderclap","Anger+1"],"picked":"Ghostly Armor+1","floor":25.0},{"not_picked":["Anger","Whirlwind"],"picked":"Evolve","floor":28.0},{"not_picked":["Whirlwind+1","Heavy Blade","Carnage"],"picked":"SKIP","floor":28.0},{"not_picked":["Flex","Hemokinesis"],"picked":"Disarm","floor":29.0},{"not_picked":["Reckless Charge","Whirlwind+1"],"picked":"Impervious","floor":29.0},{"not_picked":["Offering","Juggernaut"],"picked":"Demon Form","floor":33.0},{"not_picked":["Thunderclap"],"picked":"SKIP","floor":35.0},{"not_picked":["Rampage"],"picked":"SKIP","floor":35.0},{"not_picked":[],"picked":"Body Slam+1","floor":36.0},{"not_picked":["Iron Wave+1"],"picked":"SKIP","floor":36.0},{"not_picked":["Sentinel"],"picked":"SKIP","floor":37},{"not_picked":["Shockwave"],"picked":"SKIP","floor":37},{"not_picked":["Rage"],"picked":"SKIP","floor":38},{"not_picked":["Armaments"],"picked":"SKIP","floor":38}],"player_experience":270886,"relics_obtained":[{"floor":8.0,"key":"Champion Belt"},{"floor":9.0,"key":"Blue Candle"},{"floor":13.0,"key":"Boot"},{"floor":25.0,"key":"Regal Pillow"},{"floor":26.0,"key":"Red Skull"}],"event_choices":[{"damage_healed":0.0,"max_hp_gain":0.0,"max_hp_loss":0.0,"gold_gain":0.0,"event_name":"The Woman in Blue","player_choice":"Bought 1 Potion","floor":2.0,"gold_loss":0.0,"damage_taken":0.0},{"damage_healed":0.0,"max_hp_gain":0.0,"max_hp_loss":0.0,"gold_gain":0.0,"event_name":"Accursed Blacksmith","player_choice":"Rummage","floor":6.0,"gold_loss":0.0,"damage_taken":0.0,"relics_obtained":["WarpedTongs"],"cards_obtained":["Pain"]},{"damage_healed":0.0,"max_hp_gain":0.0,"max_hp_loss":0.0,"gold_gain":275.0,"event_name":"Golden Shrine","player_choice":"Desecrate","floor":21.0,"gold_loss":0.0,"damage_taken":0.0,"cards_obtained":["Regret"]}],"is_beta":false,"boss_relics":[{"not_picked":["Empty Cage","Sozu"],"picked":"Runic Cube"},{"not_picked":["Mark of Pain","Coffee Dripper"],"picked":"Busted Crown"}],"items_purged_floors":[24],"is_endless":false,"potions_floor_spawned":[1,5,8,13,16,18,25,28,29,33,36,37,38],"killed_by":"Nemesis","ascension_level":17}