{"gold_per_floor":[213,213,230,10,10,10,28,38,92,122,138,153,208,222,222,319,319,331,430,60,71,88,88,102,102,128,128,159,9,9,27,27,131,131,145,145,165,185,202,202,236,251,251,251,112,124,139,64,64,64,64,64,20,53,53],"floor_reached":56,"playtime":5230,"items_purged":["Strike_R","Strike_R","Strike_R","Writhe"],"score":1188,"play_id":"fef7c8bc-3f81-46b1-b55d-8b52a40adf89","local_time":"20190213181741","is_ascension_mode":false,"campfire_choices":[{"data":"Impervious","floor":6.0,"key":"SMITH"},{"floor":15.0,"key":"REST"},{"data":"Body Slam","floor":23.0,"key":"SMITH"},{"data":"Intimidate","floor":30.0,"key":"SMITH"},{"data":"Juggernaut","floor":32.0,"key":"SMITH"},{"data":"Barricade","floor":40.0,"key":"SMITH"},{"floor":44.0,"key":"RECALL"},{"data":"Exhume","floor":49.0,"key":"SMITH"},{"data":"Panacea","floor":52.0,"key":"SMITH"}],"neow_cost":"NONE","seed_source_timestamp":24081177039870,"circlet_count":0,"master_deck":["Strike_R","Defend_R","Defend_R","Defend_R","Defend_R","Bash","Metallicize","Evolve","Shrug It Off","Ghostly Armor","Impervious+1","Panacea+1","Body Slam+1","Intimidate+1","Inflame","Exhume+1","Juggernaut+1","Pommel Strike+1","Feel No Pain","Body Slam+1","Barricade+1","Entrench"],"special_seed":0,"relics":["Burning Blood","Anchor","Vajra","Pen Nib","Tiny Chest","Velvet Choker","Membership Card","Self Forming Clay","Regal Pillow","Centennial Puzzle","Magic Flower","Busted Crown","Juzu Bracelet","Bottled Flame","PreservedInsect","Kunai"],"potions_floor_usage":[55,55,55],"damage_taken":[{"damage":0.0,"enemies":"Small Slimes","floor":1.0,"turns":5.0},{"damage":1.0,"enemies":"Jaw Worm","floor":3.0,"turns":5.0},{"damage":3.0,"enemies":"Cultist","floor":7.0,"turns":6.0},{"damage":1.0,"enemies":"2 Fungi Beasts","floor":8.0,"turns":7.0},{"damage":45.0,"enemies":"3 Sentries","floor":10.0,"turns":16.0},{"damage":2.0,"enemies":"3 Louse","floor":11.0,"turns":4.0},{"damage":0.0,"enemies":"Exordium Wildlife","floor":12.0,"turns":5.0},{"damage":34.0,"enemies":"Gremlin Nob","floor":13.0,"turns":5.0},{"damage":4.0,"enemies":"2 Fungi Beasts","floor":14.0,"turns":6.0},{"damage":15.0,"enemies":"Hexaghost","floor":16.0,"turns":11.0},{"damage":0.0,"enemies":"Spheric Guardian","floor":18.0,"turns":4.0},{"damage":11.0,"enemies":"3 Byrds","floor":21.0,"turns":5.0},{"damage":5.0,"enemies":"Cultist and Chosen","floor":22.0,"turns":6.0},{"damage":8.0,"enemies":"Snake Plant","floor":24.0,"turns":5.0},{"damage":18.0,"enemies":"Book of Stabbing","floor":28.0,"turns":5.0},{"damage":2.0,"enemies":"Centurion and Healer","floor":31.0,"turns":8.0},{"damage":26.0,"enemies":"Champ","floor":33.0,"turns":9.0},{"damage":11.0,"enemies":"3 Shapes","floor":35.0,"turns":3.0},{"damage":11.0,"enemies":"3 Darklings","floor":37.0,"turns":6.0},{"damage":25.0,"enemies":"Spire Growth","floor":38.0,"turns":5.0},{"damage":10.0,"enemies":"4 Shapes","floor":39.0,"turns":5.0},{"damage":0.0,"enemies":"Giant Head","floor":41.0,"turns":7.0},{"damage":0.0,"enemies":"Writhing Mass","floor":42.0,"turns":5.0},{"damage":2.0,"enemies":"3 Darklings","floor":46.0,"turns":5.0},{"damage":26.0,"enemies":"Jaw Worm Horde","floor":47.0,"turns":5.0},{"damage":30.0,"enemies":"Awakened One","floor":50.0,"turns":9.0},{"damage":28.0,"enemies":"Shield and Spear","floor":54.0,"turns":4.0},{"damage":10,"enemies":"The Heart","floor":55,"turns":9}],"seed_played":"-4382367095028874842","potions_obtained":[{"floor":3.0,"key":"SteroidPotion"},{"floor":8.0,"key":"PowerPotion"},{"floor":11.0,"key":"PowerPotion"},{"floor":18.0,"key":"GamblersBrew"},{"floor":28.0,"key":"Regen Potion"},{"floor":31.0,"key":"PowerPotion"}],"is_trial":false,"path_per_floor":["M","?","M","$","?","R","M","M","T","E","M","M","E","M","R","B",null,"M","?","$","M","M","R","M","?","T","$","E","$","R","M","R","B",null,"M","?","M","M","M","R","E","M","T","R","$","M","M","$","R","B",null,"R","$","E","B",null],"character_chosen":"IRONCLAD","items_purchased":["Anchor","Membership Card","Self Forming Clay","Magic Flower","PreservedInsect","Energy Potion","Entrench"],"campfire_rested":1,"item_purchase_floors":[4,20,20,29,45,53,53],"current_hp_per_floor":[80,73,78,78,78,78,80,80,80,41,45,51,23,25,49,40,80,80,80,80,75,76,76,74,74,74,74,62,62,62,69,69,52,80,78,78,76,60,59,59,68,77,77,77,77,80,63,63,63,66,80,80,80,61,60],"gold":53,"neow_bonus":"HUNDRED_GOLD","is_prod":false,"is_daily":false,"chose_seed":false,"campfire_upgraded":7,"win_rate":0,"timestamp":1550049461,"path_taken":["M","?","M","$","?","R","?","M","T","E","M","M","E","M","R","BOSS","M","?","$","M","M","R","M","?","T","?","E","$","R","M","R","BOSS","M","?","?","M","M","R","E","M","T","R","$","M","M","$","R","BOSS","R","$","E","BOSS"],"build_version":"2019-01-23","purchased_purges":4,"victory":true,"max_hp_per_floor":[80,80,80,80,80,80,80,80,80,80,80,80,80,80,80,80,80,80,80,80,80,80,80,80,80,80,80,80,80,80,80,80,80,80,80,80,80,80,80,80,80,80,80,80,80,80,80,80,80,80,80,80,80,80,80],"card_choices":[{"not_picked":["Thunderclap","Iron Wave"],"picked":"Metallicize","floor":1.0},{"not_picked":["Feel No Pain","Infernal Blade"],"picked":"Evolve","floor":3.0},{"not_picked":["Pommel Strike","Bludgeon","Rampage"],"picked":"SKIP","floor":7.0},{"not_picked":["Rage","Pommel Strike","Anger"],"picked":"SKIP","floor":8.0},{"not_picked":["Twin Strike","Double Tap"],"picked":"Body Slam","floor":10.0},{"not_picked":["Battle Trance","Clash"],"picked":"Intimidate","floor":11.0},{"not_picked":["Iron Wave","True Grit"],"picked":"Inflame","floor":12.0},{"not_picked":["Havoc","Armaments"],"picked":"Exhume","floor":13.0},{"not_picked":["Cleave","Thunderclap","Wild Strike"],"picked":"SKIP","floor":14.0},{"not_picked":["Limit Break","Berserk"],"picked":"Juggernaut","floor":16.0},{"not_picked":["Thunderclap","Twin Strike"],"picked":"Pommel Strike+1","floor":18.0},{"not_picked":["Cleave","Iron Wave"],"picked":"Feel No Pain","floor":21.0},{"not_picked":["Searing Blow","Clothesline","Cleave"],"picked":"SKIP","floor":22.0},{"not_picked":["Limit Break","Wild Strike","Perfected Strike"],"picked":"SKIP","floor":24.0},{"not_picked":["Flame Barrier","Wild Strike","Evolve+1"],"picked":"SKIP","floor":28.0},{"not_picked":["Infernal Blade","Flex"],"picked":"Body Slam+1","floor":31.0},{"not_picked":["Impervious","Feed"],"picked":"Barricade","floor":33.0},{"not_picked":["Pommel Strike+1"],"picked":"SKIP","floor":35.0},{"not_picked":["Thunderclap+1"],"picked":"SKIP","floor":37.0},{"not_picked":["Body Slam+1"],"picked":"SKIP","floor":38.0},{"not_picked":["Headbutt"],"picked":"SKIP","floor":39.0},{"not_picked":["Dropkick"],"picked":"SKIP","floor":41.0},{"not_picked":["Havoc"],"picked":"SKIP","floor":42.0},{"not_picked":["Havoc"],"picked":"SKIP","floor":42.0},{"not_picked":["Sever Soul"],"picked":"SKIP","floor":46.0},{"not_picked":["Body Slam"],"picked":"SKIP","floor":47.0},{"not_picked":["Fire Breathing"],"picked":"SKIP","floor":54.0}],"player_experience":69644,"relics_obtained":[{"floor":9.0,"key":"Vajra"},{"floor":10.0,"key":"Pen Nib"},{"floor":13.0,"key":"Tiny Chest"},{"floor":28.0,"key":"Centennial Puzzle"},{"floor":41.0,"key":"Juzu Bracelet"},{"floor":43.0,"key":"Bottled Flame"},{"floor":54.0,"key":"Kunai"}],"event_choices":[{"cards_removed":["Strike_R"],"damage_healed":0.0,"max_hp_gain":0.0,"max_hp_loss":0.0,"gold_gain":0.0,"event_name":"Golden Wing","player_choice":"Card Removal","floor":2.0,"gold_loss":0.0,"damage_taken":7.0},{"damage_healed":0.0,"max_hp_gain":0.0,"max_hp_loss":0.0,"gold_gain":0.0,"event_name":"Match and Keep!","player_choice":"4 cards matched","floor":5.0,"gold_loss":0.0,"damage_taken":0.0,"cards_obtained":["Shrug It Off","Ghostly Armor","Impervious","Panacea"]},{"damage_healed":0.0,"max_hp_gain":0.0,"max_hp_loss":0.0,"gold_gain":99.0,"event_name":"Nest","player_choice":"Stole From Cult","floor":19.0,"gold_loss":0.0,"damage_taken":0.0},{"damage_healed":0.0,"max_hp_gain":0.0,"max_hp_loss":0.0,"gold_gain":0.0,"event_name":"The Mausoleum","player_choice":"Opened","floor":25.0,"gold_loss":0.0,"damage_taken":0.0,"relics_obtained":["Regal Pillow"],"cards_obtained":["Writhe"]},{"damage_healed":0.0,"max_hp_gain":0.0,"max_hp_loss":0.0,"gold_gain":0.0,"event_name":"The Woman in Blue","player_choice":"Bought 0 Potions","floor":36.0,"gold_loss":0.0,"damage_taken":0.0}],"is_beta":false,"boss_relics":[{"not_picked":["Astrolabe","Sozu"],"picked":"Velvet Choker"},{"not_picked":["Calling Bell","Runic Dome"],"picked":"Busted Crown"}],"items_purged_floors":[4,20,45,48],"is_endless":false,"potions_floor_spawned":[3,8,11,18,28,31,33,35,39,42,47],"ascension_level":0}