{"gold_per_floor":[118,129,139,152,169,169,195,195,270,287,287,300,334,334,334,430,430,453,13,32,32,32,32,32,70,118,118,10,34,50,50],"floor_reached":31,"playtime":1091,"items_purged":["Strike_R"],"score":584,"play_id":"dbe3b1b2-28e8-4a69-ba43-f2a40d66a21f","local_time":"20190227011555","is_ascension_mode":true,"campfire_choices":[{"data":"Combust","floor":6.0,"key":"SMITH"},{"floor":8.0,"key":"REST"},{"data":"Bash","floor":11.0,"key":"SMITH"},{"data":"Wild Strike","floor":15.0,"key":"SMITH"},{"floor":23.0,"key":"REST"},{"floor":27.0,"key":"REST"}],"neow_cost":"PERCENT_DAMAGE","seed_source_timestamp":1075822505345200,"circlet_count":0,"master_deck":["AscendersBane","Strike_R","Strike_R","Defend_R","Defend_R","Defend_R","Defend_R","Bash+1","Clothesline","Combust+1","Rampage","Wild Strike+1","Second Wind","Anger","Dropkick","Immolate","Seeing Red","Spot Weakness","Bludgeon","Armaments","Disarm"],"special_seed":0,"relics":["Burning Blood","Paper Frog","Mercury Hourglass","Calipers","Golden Idol","Black Star","Gremlin Horn","Happy Flower","Self Forming Clay","Art of War"],"potions_floor_usage":[31,31],"damage_taken":[{"damage":7.0,"enemies":"Cultist","floor":1.0,"turns":4.0},{"damage":8.0,"enemies":"Small Slimes","floor":2.0,"turns":5.0},{"damage":8.0,"enemies":"Jaw Worm","floor":3.0,"turns":5.0},{"damage":6.0,"enemies":"2 Fungi Beasts","floor":4.0,"turns":3.0},{"damage":7.0,"enemies":"3 Louse","floor":5.0,"turns":5.0},{"damage":33.0,"enemies":"Gremlin Nob","floor":7.0,"turns":4.0},{"damage":4.0,"enemies":"Blue Slaver","floor":10.0,"turns":4.0},{"damage":7.0,"enemies":"Gremlin Gang","floor":12.0,"turns":2.0},{"damage":2.0,"enemies":"3 Sentries","floor":13.0,"turns":3.0},{"damage":18.0,"enemies":"Slime Boss","floor":16.0,"turns":7.0},{"damage":28.0,"enemies":"Spheric Guardian","floor":18.0,"turns":5.0},{"damage":22.0,"enemies":"Shell Parasite","floor":20.0,"turns":3.0},{"damage":51.0,"enemies":"Gremlin Leader","floor":25.0,"turns":6.0},{"damage":18.0,"enemies":"Snake Plant","floor":29.0,"turns":4.0},{"damage":13.0,"enemies":"Snecko","floor":30.0,"turns":3.0},{"damage":22,"enemies":"Book of Stabbing","floor":31,"turns":2}],"seed_played":"3492969656922026070","potions_obtained":[{"floor":1.0,"key":"Weak Potion"},{"floor":3.0,"key":"Strength Potion"},{"floor":5.0,"key":"Regen Potion"},{"floor":7.0,"key":"Dexterity Potion"},{"floor":12.0,"key":"Explosive Potion"},{"floor":16.0,"key":"Weak Potion"}],"is_trial":false,"path_per_floor":["M","M","M","M","M","R","E","R","T","M","R","M","E","?","R","B",null,"M","$","M","?","?","R","?","E","T","R","$","M","M","E"],"character_chosen":"IRONCLAD","items_purchased":["Gremlin Horn","Spot Weakness","Fire Potion","Fire Potion"],"campfire_rested":3,"item_purchase_floors":[19,19,28,28],"current_hp_per_floor":[49,47,45,45,44,44,29,51,51,53,53,52,56,30,30,18,61,39,39,23,23,38,60,60,15,15,37,37,25,18,0],"gold":50,"neow_bonus":"REMOVE_TWO","is_prod":false,"is_daily":false,"chose_seed":false,"campfire_upgraded":3,"win_rate":0,"timestamp":1551197755,"path_taken":["M","M","M","?","M","R","E","R","T","M","R","M","E","?","R","BOSS","M","$","M","?","?","R","?","E","T","R","?","?","M","E"],"build_version":"2019-01-23","purchased_purges":1,"victory":false,"max_hp_per_floor":[75,75,75,75,75,75,75,75,75,75,75,75,75,75,75,75,75,75,75,75,75,75,75,75,75,75,75,75,75,75,75],"card_choices":[{"not_picked":["Fire Breathing","Flame Barrier"],"picked":"Clothesline","floor":1.0},{"not_picked":["Clash","Havoc"],"picked":"Combust","floor":2.0},{"not_picked":["Exhume","Flex"],"picked":"Rampage","floor":3.0},{"not_picked":["Clash","Iron Wave"],"picked":"Wild Strike","floor":4.0},{"not_picked":["Heavy Blade","Twin Strike"],"picked":"Second Wind","floor":5.0},{"not_picked":["Twin Strike","Heavy Blade","Sever Soul"],"picked":"SKIP","floor":7.0},{"not_picked":["Seeing Red","Twin Strike"],"picked":"Anger","floor":10.0},{"not_picked":["Clothesline","Flex","Iron Wave"],"picked":"SKIP","floor":12.0},{"not_picked":["Anger","Rage"],"picked":"Dropkick","floor":13.0},{"not_picked":["Barricade","Offering"],"picked":"Immolate","floor":16.0},{"not_picked":["Dual Wield","Perfected Strike"],"picked":"Seeing Red","floor":18.0},{"not_picked":["Flex","Cleave","Warcry"],"picked":"SKIP","floor":20.0},{"not_picked":["Clothesline","Body Slam+1"],"picked":"Bludgeon","floor":25.0},{"not_picked":["Iron Wave","Headbutt"],"picked":"Armaments","floor":29.0},{"not_picked":["Twin Strike","Spot Weakness"],"picked":"Disarm","floor":30.0}],"player_experience":4406766,"relics_obtained":[{"floor":7.0,"key":"Paper Frog"},{"floor":9.0,"key":"Mercury Hourglass"},{"floor":13.0,"key":"Calipers"},{"floor":25.0,"key":"Happy Flower"},{"floor":25.0,"key":"Self Forming Clay"},{"floor":26.0,"key":"Art of War"}],"event_choices":[{"damage_healed":0.0,"max_hp_gain":0.0,"max_hp_loss":0.0,"gold_gain":0.0,"event_name":"Golden Idol","player_choice":"Take Damage","floor":14.0,"gold_loss":0.0,"damage_taken":26.0,"relics_obtained":["Golden Idol"]},{"damage_healed":0.0,"max_hp_gain":0.0,"max_hp_loss":0.0,"gold_gain":0.0,"event_name":"Ghosts","player_choice":"Ignored","floor":21.0,"gold_loss":0.0,"damage_taken":0.0},{"damage_healed":15.0,"max_hp_gain":0.0,"max_hp_loss":0.0,"gold_gain":0.0,"event_name":"The Library","player_choice":"Heal","floor":22.0,"gold_loss":0.0,"damage_taken":0.0},{"damage_healed":0.0,"max_hp_gain":0.0,"max_hp_loss":0.0,"gold_gain":0.0,"event_name":"Beggar","player_choice":"Ignored","floor":24.0,"gold_loss":0.0,"damage_taken":0.0}],"is_beta":false,"boss_relics":[{"not_picked":["Fusion Hammer","Empty Cage"],"picked":"Black Star"}],"items_purged_floors":[19],"is_endless":false,"potions_floor_spawned":[1,3,5,7,12,16,18],"killed_by":"Book of Stabbing","ascension_level":20}