{"gold_per_floor":[112,129,129,129,129,129,54,68,68,78,89,89,144,173,185,271,283,305,334,172,172,17,346,346,346,346,359,393,393,428,303,303,377,377,396,396,411,422,2,37,49,60,60,73,101,118,146,160,160,160,160],"floor_reached":51,"playtime":3735,"items_purged":["Strike_B","Strike_B","Doom and Gloom","FTL+1"],"score":1919,"play_id":"9a22d5ee-ea7a-41f1-9958-6e1c6c213384","local_time":"20190209023545","is_ascension_mode":true,"campfire_choices":[{"data":"Zap","floor":6,"key":"SMITH"},{"data":"Gash","floor":12,"key":"SMITH"},{"data":"Gash","floor":15,"key":"SMITH"},{"data":"Dualcast","floor":29,"key":"SMITH"},{"data":"Undo","floor":32,"key":"SMITH"},{"floor":49,"key":"RECALL"}],"neow_cost":"TEN_PERCENT_HP_LOSS","seed_source_timestamp":802228615194600,"circlet_count":0,"master_deck":["AscendersBane","Zap+1","Dualcast+1","Undo+1","Gash+1","Auto Shields+1","Gash+1","Coolheaded+1","All For One","Scrape+1","Bandage Up+1","Hologram+1","Chill+1","Turbo+1","Fission+1","Recycle+1","Buffer+1","Steam Power+1"],"relics":["Cracked Core","Toxic Egg 2","Gambling Chip","MawBank","Runic Dome","Old Coin","Frozen Egg 2","Prayer Wheel","Sozu","Sundial","Omamori","Question Card","DataDisk","Darkstone Periapt"],"potions_floor_usage":[16,30],"damage_taken":[{"damage":2,"enemies":"2 Louse","floor":1,"turns":3},{"damage":0,"enemies":"Small Slimes","floor":2,"turns":3},{"damage":0,"enemies":"Jaw Worm","floor":8,"turns":3},{"damage":0,"enemies":"Looter","floor":10,"turns":3},{"damage":0,"enemies":"Blue Slaver","floor":11,"turns":3},{"damage":12,"enemies":"3 Sentries","floor":13,"turns":7},{"damage":7,"enemies":"Lagavulin","floor":14,"turns":6},{"damage":8,"enemies":"Hexaghost","floor":16,"turns":9},{"damage":0,"enemies":"Spheric Guardian","floor":18,"turns":4},{"damage":0,"enemies":"Shell Parasite","floor":19,"turns":4},{"damage":18,"enemies":"Gremlin Leader","floor":23,"turns":3},{"damage":8,"enemies":"Shelled Parasite and Fungi","floor":27,"turns":3},{"damage":14,"enemies":"Book of Stabbing","floor":28,"turns":3},{"damage":0,"enemies":"Slavers","floor":30,"turns":2},{"damage":0,"enemies":"Automaton","floor":33,"turns":6},{"damage":10,"enemies":"Orb Walker","floor":35,"turns":3},{"damage":0,"enemies":"3 Shapes","floor":37,"turns":2},{"damage":0,"enemies":"Transient","floor":38,"turns":6},{"damage":0,"enemies":"Reptomancer","floor":40,"turns":3},{"damage":0,"enemies":"Spire Growth","floor":41,"turns":3},{"damage":0,"enemies":"4 Shapes","floor":42,"turns":3},{"damage":0,"enemies":"3 Darklings","floor":44,"turns":4},{"damage":11,"enemies":"Giant Head","floor":45,"turns":5},{"damage":0,"enemies":"Maw","floor":46,"turns":5},{"damage":0,"enemies":"Nemesis","floor":47,"turns":3},{"damage":0,"enemies":"Spire Growth","floor":48,"turns":2},{"damage":0,"enemies":"Donu and Deca","floor":50,"turns":6},{"damage":89,"enemies":"Time Eater","floor":51,"turns":8}],"seed_played":"-3161683145192913620","potions_obtained":[{"floor":1,"key":"LiquidBronze"},{"floor":10,"key":"SmokeBomb"},{"floor":11,"key":"PowerPotion"},{"floor":19,"key":"Ancient Potion"},{"floor":27,"key":"Regen Potion"}],"is_trial":false,"path_per_floor":["M","M","?","?","?","R","?","M","T","M","M","R","?","E","R","B",null,"M","M","$","?","$","E","?","?","T","M","E","R","E","$","R","B",null,"M","?","M","M","$","E","M","M","T","M","E","M","E","M","R","B","B"],"character_chosen":"DEFECT","items_purchased":["Bandage Up+1","Hologram+1","Sundial"],"campfire_rested":0,"item_purchase_floors":[20,22,39],"current_hp_per_floor":[62,62,55,60,60,60,60,60,60,60,60,60,48,41,41,33,60,60,60,60,60,60,48,48,48,48,46,38,38,49,49,49,55,66,59,59,65,69,69,69,69,69,69,69,64,69,69,69,69,69,0],"gold":160,"neow_bonus":"REMOVE_TWO","is_prod":false,"is_daily":false,"chose_seed":false,"campfire_upgraded":5,"win_rate":0,"timestamp":1549647345,"path_taken":["M","M","?","?","?","R","?","?","T","M","M","R","?","E","R","BOSS","M","M","$","?","$","E","?","?","T","M","E","R","E","$","R","BOSS","M","?","?","M","?","E","?","M","T","M","E","M","E","M","R","BOSS","BOSS"],"build_version":"2019-01-23","purchased_purges":4,"victory":false,"max_hp_per_floor":[64,64,64,69,69,69,69,69,69,69,69,69,69,69,69,69,69,69,69,69,69,69,69,69,69,69,69,69,69,69,69,69,69,69,69,69,69,69,69,69,69,69,69,69,69,69,69,69,69,69,69],"card_choices":[{"not_picked":["Go for the Eyes","Turbo"],"picked":"FTL","floor":1},{"not_picked":["Turbo","Auto Shields"],"picked":"Undo","floor":2},{"not_picked":["Fusion","Rip and Tear"],"picked":"Gash","floor":8},{"not_picked":["Electrodynamics","Cold Snap"],"picked":"Auto Shields+1","floor":10},{"not_picked":["Gash","Steam+1","Streamline"],"picked":"SKIP","floor":11},{"not_picked":["Steam+1","Streamline"],"picked":"Gash","floor":11},{"not_picked":["Compile Driver","Leap+1"],"picked":"Coolheaded+1","floor":14},{"not_picked":["Reboot+1","Hyperbeam"],"picked":"All For One","floor":16},{"not_picked":["Beam Cell","Cold Snap","Rip and Tear"],"picked":"SKIP","floor":18},{"not_picked":["Sweeping Beam","Hologram+1"],"picked":"Scrape+1","floor":19},{"not_picked":["Buffer","Auto Shields+1","Core Surge"],"picked":"SKIP","floor":23},{"not_picked":["Rebound","Hello World+1"],"picked":"Turbo+1","floor":27},{"not_picked":["Darkness+1","FTL","Tempest+1"],"picked":"SKIP","floor":28},{"not_picked":["Redo+1","Creative AI+1","Streamline"],"picked":"SKIP","floor":30},{"not_picked":["Hyperbeam","Amplify+1"],"picked":"Fission+1","floor":33},{"not_picked":["Steam+1","Scrape","Auto Shields+1"],"picked":"SKIP","floor":35},{"not_picked":["Turbo+1","Go for the Eyes","Ball Lightning"],"picked":"SKIP","floor":35},{"not_picked":["Steam+1","Scrape","Auto Shields+1"],"picked":"SKIP","floor":35},{"not_picked":["Turbo+1","Go for the Eyes","Ball Lightning"],"picked":"SKIP","floor":35},{"not_picked":["Redo+1","Sweeping Beam+1","Static Discharge+1"],"picked":"SKIP","floor":37},{"not_picked":["Lockon+1","Consume+1","Beam Cell"],"picked":"SKIP","floor":37},{"not_picked":["Redo+1","Sweeping Beam+1","Static Discharge+1"],"picked":"SKIP","floor":37},{"not_picked":["Lockon+1","Consume+1","Beam Cell"],"picked":"SKIP","floor":37},{"not_picked":["Hologram+1","Auto Shields+1"],"picked":"Recycle+1","floor":38},{"not_picked":["Ball Lightning+1","Defragment+1","Turbo+1"],"picked":"SKIP","floor":38},{"not_picked":["Ball Lightning+1","Defragment+1","Turbo+1"],"picked":"SKIP","floor":38},{"not_picked":["Gash","Ball Lightning"],"picked":"Buffer+1","floor":40},{"not_picked":["Go for the Eyes","Reprogram+1","Barrage+1"],"picked":"SKIP","floor":41},{"not_picked":["Go for the Eyes","Ball Lightning","Redo+1"],"picked":"SKIP","floor":41},{"not_picked":["Sunder","Darkness+1","Beam Cell"],"picked":"SKIP","floor":42},{"not_picked":["Compile Driver+1","Scrape+1","Go for the Eyes"],"picked":"SKIP","floor":42},{"not_picked":["Reprogram+1","Conserve Battery+1","Cold Snap","Sweeping Beam+1"],"picked":"SKIP","floor":44},{"not_picked":["Sweeping Beam","BootSequence+1","Redo+1","Compile Driver"],"picked":"SKIP","floor":44},{"not_picked":["Rebound","Doom and Gloom","Go for the Eyes","Melter+1"],"picked":"SKIP","floor":45},{"not_picked":["Rebound","Doom and Gloom","Go for the Eyes","Melter+1"],"picked":"SKIP","floor":45},{"not_picked":["Stack+1","Chill+1","Leap+1"],"picked":"Steam Power+1","floor":46},{"not_picked":["Blizzard+1","Ball Lightning","Static Discharge+1","Heatsinks+1"],"picked":"SKIP","floor":46},{"not_picked":["Steam Power+1","Self Repair+1","Amplify+1","Sunder"],"picked":"SKIP","floor":47},{"not_picked":["Tempest+1","Hello World+1","Rebound","Double Energy+1"],"picked":"SKIP","floor":48},{"not_picked":["Redo+1","Barrage","Hologram+1","Compile Driver+1"],"picked":"SKIP","floor":48}],"player_experience":4232474,"relics_obtained":[{"floor":9,"key":"Toxic Egg 2"},{"floor":13,"key":"Gambling Chip"},{"floor":14,"key":"MawBank"},{"floor":23,"key":"Old Coin"},{"floor":28,"key":"Frozen Egg 2"},{"floor":30,"key":"Prayer Wheel"},{"floor":40,"key":"Omamori"},{"floor":43,"key":"Question Card"},{"floor":45,"key":"DataDisk"},{"floor":47,"key":"Darkstone Periapt"}],"event_choices":[{"cards_removed":["Defend_B"],"damage_healed":0,"gold_gain":0,"player_choice":"Card Removal","damage_taken":7,"max_hp_gain":0,"max_hp_loss":0,"event_name":"Golden Wing","floor":3,"gold_loss":0},{"damage_healed":0,"gold_gain":0,"player_choice":"Donut","damage_taken":0,"max_hp_gain":5,"max_hp_loss":0,"event_name":"Big Fish","floor":4,"gold_loss":0},{"damage_healed":0,"gold_gain":0,"player_choice":"Ignored","damage_taken":0,"max_hp_gain":0,"max_hp_loss":0,"event_name":"Liars Game","floor":5,"gold_loss":0},{"cards_removed":["Strike_B"],"damage_healed":0,"gold_gain":0,"player_choice":"Card Removal","damage_taken":0,"max_hp_gain":0,"max_hp_loss":0,"event_name":"The Cleric","floor":7,"gold_loss":75},{"damage_healed":0,"gold_gain":0,"player_choice":"Searched \u00271\u0027 times","damage_taken":0,"max_hp_gain":0,"max_hp_loss":0,"event_name":"Dead Adventurer","floor":13,"gold_loss":0},{"damage_healed":0,"gold_gain":0,"player_choice":"Ignored","damage_taken":0,"max_hp_gain":0,"max_hp_loss":0,"event_name":"Vampires","floor":21,"gold_loss":0},{"damage_healed":0,"gold_gain":0,"cards_transformed":["Defend_B","Defend_B"],"player_choice":"Became Test Subject","damage_taken":0,"max_hp_gain":0,"max_hp_loss":0,"event_name":"Drug Dealer","floor":24,"gold_loss":0,"cards_obtained":["Doom and Gloom","Chill"]},{"damage_healed":0,"gold_gain":0,"player_choice":"Ignored","damage_taken":0,"max_hp_gain":0,"max_hp_loss":0,"event_name":"Cursed Tome","floor":25,"gold_loss":0},{"damage_healed":0,"gold_gain":0,"player_choice":"Forge","damage_taken":0,"max_hp_gain":0,"max_hp_loss":0,"event_name":"Accursed Blacksmith","floor":36,"gold_loss":0,"cards_upgraded":["FTL"]}],"is_beta":false,"boss_relics":[{"not_picked":["Philosopher\u0027s Stone","Ectoplasm"],"picked":"Runic Dome"},{"not_picked":["Coffee Dripper","White Beast Statue"],"picked":"Sozu"}],"items_purged_floors":[20,22,31,39],"is_endless":false,"potions_floor_spawned":[1,10,11,13,19,27,38,42,44,46,47,48],"killed_by":"Time Eater","ascension_level":20}