{"gold_per_floor":[113,123,143,153,153,153,167,167,190,209,226,226,259,259,259,259],"floor_reached":16,"playtime":819,"items_purged":[],"score":192,"play_id":"6e0f1b2a-1540-4bf4-bb40-481461009566","local_time":"20190314130043","is_ascension_mode":true,"campfire_choices":[{"data":"Uppercut","floor":6.0,"key":"SMITH"},{"data":"Cleave","floor":8.0,"key":"SMITH"},{"data":"Second Wind","floor":12.0,"key":"SMITH"},{"floor":15,"key":"REST"}],"neow_cost":"NONE","seed_source_timestamp":11178460324499,"circlet_count":0,"master_deck":["AscendersBane","Strike_R","Strike_R","Strike_R","Strike_R","Defend_R","Defend_R","Defend_R","Defend_R","Bash","Impatience","Uppercut+1","Evolve","Cleave+1","Warcry","Wild Strike","Armaments","Second Wind+1","Exhume"],"special_seed":0,"relics":["Burning Blood","Lantern","Boot"],"potions_floor_usage":[],"damage_taken":[{"damage":7.0,"enemies":"Cultist","floor":1.0,"turns":4.0},{"damage":4.0,"enemies":"Small Slimes","floor":2.0,"turns":4.0},{"damage":6.0,"enemies":"Jaw Worm","floor":3.0,"turns":4.0},{"damage":8.0,"enemies":"2 Fungi Beasts","floor":4.0,"turns":4.0},{"damage":16.0,"enemies":"Blue Slaver","floor":7.0,"turns":4.0},{"damage":21.0,"enemies":"Lots of Slimes","floor":10.0,"turns":4.0},{"damage":17.0,"enemies":"Exordium Thugs","floor":11.0,"turns":3.0},{"damage":24.0,"enemies":"Lagavulin","floor":13.0,"turns":7.0},{"damage":35,"enemies":"Hexaghost","floor":16,"turns":10}],"seed_played":"-381365984873991228","potions_obtained":[{"floor":1.0,"key":"SneckoOil"},{"floor":2.0,"key":"Dexterity Potion"},{"floor":3.0,"key":"GamblersBrew"},{"floor":7.0,"key":"Swift Potion"}],"is_trial":false,"path_per_floor":["M","M","M","M","?","R","M","R","T","M","M","R","E","?","R","B"],"character_chosen":"IRONCLAD","items_purchased":[],"campfire_rested":1,"item_purchase_floors":[],"current_hp_per_floor":[67,69,69,67,67,67,57,57,57,42,31,31,13,13,35,0],"gold":259,"neow_bonus":"RANDOM_COLORLESS","is_prod":false,"is_daily":false,"chose_seed":false,"campfire_upgraded":3,"win_rate":0,"timestamp":1552536043,"path_taken":["M","M","M","M","?","R","M","R","T","M","M","R","E","?","R","BOSS"],"build_version":"2019-01-23","purchased_purges":0,"victory":false,"max_hp_per_floor":[75,75,75,75,75,75,75,75,75,75,75,75,75,75,75,75],"card_choices":[{"not_picked":["Warcry","Corruption"],"picked":"Uppercut","floor":1.0},{"not_picked":["Battle Trance","Heavy Blade"],"picked":"Evolve","floor":2.0},{"not_picked":["Pommel Strike","Flex"],"picked":"Cleave","floor":3.0},{"not_picked":["Dropkick","Body Slam"],"picked":"Warcry","floor":4.0},{"not_picked":["Sever Soul","Clothesline"],"picked":"Wild Strike","floor":7.0},{"not_picked":["Shrug It Off","Cleave"],"picked":"Armaments","floor":10.0},{"not_picked":["Headbutt","Power Through"],"picked":"Second Wind","floor":11.0},{"not_picked":["Pommel Strike","Twin Strike"],"picked":"Exhume","floor":13.0}],"player_experience":313258,"relics_obtained":[{"floor":9.0,"key":"Lantern"},{"floor":13.0,"key":"Boot"}],"event_choices":[{"cards_removed":["Strike_R"],"damage_healed":0.0,"max_hp_gain":0.0,"max_hp_loss":0.0,"gold_gain":0.0,"event_name":"Living Wall","player_choice":"Forget","floor":5.0,"gold_loss":0.0,"damage_taken":0.0},{"damage_healed":0,"gold_gain":0,"player_choice":"Searched \u00270\u0027 times","damage_taken":0,"max_hp_gain":0,"max_hp_loss":0,"event_name":"Dead Adventurer","floor":14,"gold_loss":0}],"is_beta":false,"boss_relics":[],"items_purged_floors":[],"is_endless":false,"potions_floor_spawned":[1,2,3,7],"killed_by":"Hexaghost","ascension_level":17}