{"gold_per_floor":[111,111,122,141,159,159,7,35,35,35,9,9,36,47,47,47],"floor_reached":16,"playtime":759,"items_purged":["Strike_R"],"score":204,"play_id":"501e7613-da32-46e1-bb96-4dabc7c61f7e","local_time":"20190311192931","is_ascension_mode":true,"campfire_choices":[{"floor":6,"key":"REST"},{"floor":10,"key":"REST"},{"floor":12,"key":"REST"},{"data":"Rupture","floor":15,"key":"SMITH"}],"neow_cost":"NONE","seed_source_timestamp":34276150873027,"circlet_count":0,"master_deck":["AscendersBane","Strike_R","Strike_R","Strike_R","Defend_R","Defend_R","Defend_R","Defend_R","Bash","Cleave","Heavy Blade","Metallicize","Armaments","Offering","Evolve","True Grit","Rupture+1","Battle Trance"],"special_seed":0,"relics":["Burning Blood","Kunai","Mercury Hourglass"],"potions_floor_usage":[5,8,13,16],"damage_taken":[{"damage":19.0,"enemies":"Jaw Worm","floor":1.0,"turns":4.0},{"damage":1.0,"enemies":"Cultist","floor":3.0,"turns":3.0},{"damage":1.0,"enemies":"2 Louse","floor":4.0,"turns":2.0},{"damage":43,"enemies":"Exordium Thugs","floor":5,"turns":5},{"damage":45,"enemies":"Lagavulin","floor":8,"turns":6},{"damage":13,"enemies":"3 Sentries","floor":13,"turns":5},{"damage":13,"enemies":"Looter","floor":14,"turns":3},{"damage":41,"enemies":"Hexaghost","floor":16,"turns":11}],"seed_played":"3265208723775161022","potions_obtained":[{"floor":2.0,"key":"PowerPotion"},{"floor":2.0,"key":"GamblersBrew"},{"floor":4.0,"key":"EssenceOfSteel"},{"floor":8,"key":"AttackPotion"},{"floor":13,"key":"Weak Potion"}],"is_trial":false,"path_per_floor":["M","?","M","M","M","R","$","E","T","R","$","R","E","M","R","B"],"character_chosen":"IRONCLAD","items_purchased":["Offering","True Grit"],"campfire_rested":3,"item_purchase_floors":[7,11],"current_hp_per_floor":[55,55,60,65,28,50,50,11,11,33,33,55,48,41,41,0],"gold":47,"neow_bonus":"REMOVE_CARD","is_prod":false,"is_daily":false,"chose_seed":false,"campfire_upgraded":1,"win_rate":0,"timestamp":1552300171,"path_taken":["M","?","M","M","M","R","$","E","T","R","$","R","E","?","R","BOSS"],"build_version":"2019-01-23","purchased_purges":1,"victory":false,"max_hp_per_floor":[75,75,75,75,75,75,75,75,75,75,75,75,75,75,75,75],"card_choices":[{"not_picked":["Sword Boomerang","Dual Wield"],"picked":"Cleave","floor":1.0},{"not_picked":["True Grit","Twin Strike"],"picked":"Heavy Blade","floor":3.0},{"not_picked":["Armaments","Sever Soul"],"picked":"Metallicize","floor":4.0},{"not_picked":["Twin Strike","Anger"],"picked":"Armaments","floor":5},{"not_picked":["Flex","Pummel"],"picked":"Evolve","floor":8},{"not_picked":["Headbutt","Shockwave"],"picked":"Rupture","floor":13},{"not_picked":["Anger","Uppercut"],"picked":"Battle Trance","floor":14}],"player_experience":287025,"relics_obtained":[{"floor":8,"key":"Kunai"},{"floor":9,"key":"Mercury Hourglass"}],"event_choices":[{"damage_healed":0.0,"max_hp_gain":0.0,"max_hp_loss":0.0,"gold_gain":0.0,"event_name":"Lab","player_choice":"Got Potions","floor":2.0,"gold_loss":0.0,"damage_taken":0.0}],"is_beta":false,"boss_relics":[],"items_purged_floors":[7],"is_endless":false,"potions_floor_spawned":[4,8,13],"killed_by":"Hexaghost","ascension_level":17}