{"gold_per_floor":[113,127,137,151,167,167,196,196,196,222,222,222,96,111,111,188,238,253,268,78,98,98],"floor_reached":22,"playtime":716,"items_purged":["Defend_B","Strike_B"],"score":396,"play_id":"b9476fd8-4865-4fc3-b492-4d97b239ea5a","local_time":"20190221030238","is_ascension_mode":true,"campfire_choices":[{"floor":6,"key":"REST"},{"data":"Conserve Battery","floor":8,"key":"SMITH"},{"floor":15,"key":"REST"}],"neow_cost":"NONE","seed_source_timestamp":564313617559700,"circlet_count":0,"master_deck":["AscendersBane","Strike_B","Strike_B","Strike_B","Defend_B","Defend_B+1","Defend_B","Zap","Dualcast","Cold Snap","Streamline+1","Chill","Gash","Ball Lightning","Conserve Battery+1","Conserve Battery+1","Barrage","Gash","Electrodynamics","Ball Lightning","Hologram+1","Beam Cell+1","BootSequence","Barrage+1"],"relics":["Cracked Core","Turnip","Bottled Flame","War Paint","Pocketwatch","Tiny House"],"potions_floor_usage":[10,16,18,19,21],"damage_taken":[{"damage":1,"enemies":"Cultist","floor":1,"turns":3},{"damage":2,"enemies":"2 Louse","floor":2,"turns":3},{"damage":5,"enemies":"Jaw Worm","floor":3,"turns":4},{"damage":14,"enemies":"Large Slime","floor":4,"turns":6},{"damage":6,"enemies":"Blue Slaver","floor":5,"turns":4},{"damage":33,"enemies":"3 Sentries","floor":7,"turns":6},{"damage":25,"enemies":"Lagavulin","floor":10,"turns":6},{"damage":11,"enemies":"3 Louse","floor":14,"turns":3},{"damage":13,"enemies":"Hexaghost","floor":16,"turns":10},{"damage":17,"enemies":"2 Thieves","floor":18,"turns":3},{"damage":30,"enemies":"Shell Parasite","floor":19,"turns":6},{"damage":11,"enemies":"Shelled Parasite and Fungi","floor":21,"turns":4}],"seed_played":"8010297640735045680","potions_obtained":[{"floor":2,"key":"SpeedPotion"},{"floor":4,"key":"SneckoOil"},{"floor":7,"key":"Regen Potion"},{"floor":10,"key":"SpeedPotion"},{"floor":17,"key":"Swift Potion"},{"floor":18,"key":"PowerPotion"}],"is_trial":false,"path_per_floor":["M","M","M","M","M","R","E","R","T","E","?","?","$","M","R","B",null,"M","M","$","M","?"],"character_chosen":"DEFECT","items_purchased":["Barrage","BootSequence","Fire Potion"],"campfire_rested":2,"item_purchase_floors":[13,20,20],"current_hp_per_floor":[70,68,63,49,43,66,33,33,33,22,48,13,13,2,25,12,67,50,20,20,9,0],"gold":98,"neow_bonus":"TEN_PERCENT_HP_BONUS","is_prod":false,"is_daily":false,"chose_seed":false,"campfire_upgraded":1,"win_rate":0,"timestamp":1550685758,"path_taken":["M","M","M","M","M","R","E","R","T","E","?","?","?","M","R","BOSS","M","M","$","M","?"],"build_version":"2019-01-23","purchased_purges":2,"victory":false,"max_hp_per_floor":[78,78,78,78,78,78,78,78,78,78,78,78,78,78,78,78,83,83,83,83,83,88],"card_choices":[{"not_picked":["Steam","Reinforced Body"],"picked":"Cold Snap","floor":1},{"not_picked":["Hologram","Compile Driver"],"picked":"Streamline","floor":2},{"not_picked":["Leap","Steam"],"picked":"Chill","floor":3},{"not_picked":["Steam Power","Go for the Eyes"],"picked":"Gash","floor":4},{"not_picked":["Heatsinks","Cold Snap"],"picked":"Ball Lightning","floor":5},{"not_picked":["BootSequence","Blizzard"],"picked":"Conserve Battery","floor":7},{"not_picked":["Storm","Rebound"],"picked":"Conserve Battery","floor":10},{"not_picked":["Hologram","Rebound"],"picked":"Gash","floor":14},{"not_picked":["Amplify","Creative AI"],"picked":"Electrodynamics","floor":16},{"not_picked":["Skim","Chill"],"picked":"Ball Lightning","floor":17},{"not_picked":["Fusion+1","Force Field"],"picked":"Hologram+1","floor":18},{"not_picked":["Rebound","Ball Lightning"],"picked":"Beam Cell+1","floor":19},{"not_picked":["Turbo+1","Chaos"],"picked":"Barrage+1","floor":21}],"player_experience":4368490,"relics_obtained":[{"floor":7,"key":"Turnip"},{"floor":9,"key":"Bottled Flame"},{"floor":10,"key":"War Paint"}],"event_choices":[{"damage_healed":26,"gold_gain":0,"player_choice":"Banana","damage_taken":0,"max_hp_gain":0,"max_hp_loss":0,"event_name":"Big Fish","floor":11,"gold_loss":0},{"damage_healed":0,"gold_gain":0,"player_choice":"Success","damage_taken":35,"relics_obtained":["Pocketwatch"],"max_hp_gain":0,"max_hp_loss":0,"event_name":"Scrap Ooze","floor":12,"gold_loss":0}],"is_beta":false,"boss_relics":[{"not_picked":["Coffee Dripper","Cursed Key"],"picked":"Tiny House"}],"items_purged_floors":[13,20],"is_endless":false,"potions_floor_spawned":[2,4,7,10,18],"ascension_level":20}