{"gold_per_floor":[117,137,151,164,164,164,190,190,214,249,266,266,281,28,28,105,105,125,125,25,25,36,36,48,58,58,58,58,75,93,111,111,187,187,206,206,223,223,98,98,0,27,54,85,85,85,85,135,135,135,135,135,135,47,72,72],"floor_reached":56,"playtime":2793,"items_purged":["Strike_B","Strike_B+1","Strike_B+1"],"score":1880,"play_id":"14cbb217-eed8-4dca-b1b1-b1e689f62b33","local_time":"20190222011519","is_ascension_mode":true,"campfire_choices":[{"data":"Streamline","floor":6.0,"key":"SMITH"},{"data":"Fusion","floor":8.0,"key":"SMITH"},{"data":"Hologram","floor":15.0,"key":"SMITH"},{"data":"Hologram","floor":23.0,"key":"SMITH"},{"data":"Dualcast","floor":27.0,"key":"SMITH"},{"data":"Echo Form","floor":32.0,"key":"SMITH"},{"data":"Defragment","floor":40.0,"key":"SMITH"},{"floor":46.0,"key":"RECALL"},{"data":"Discovery","floor":49.0,"key":"SMITH"},{"floor":53.0,"key":"REST"}],"neow_cost":"NONE","seed_source_timestamp":642074314776600,"circlet_count":0,"master_deck":["AscendersBane","Strike_B+1","Defend_B+1","Defend_B+1","Defend_B+1","Zap","Dualcast+1","Cold Snap","Streamline+1","Double Energy","Hologram+1","Fusion+1","Self Repair+1","Conserve Battery","Compile Driver","Meteor Strike","Echo Form+1","Coolheaded+1","Hologram+1","Skim+1","Echo Form","Defragment+1","Leap+1","Clumsy","Master of Strategy","Discovery+1","Double Energy","Meteor Strike","Stack+1"],"special_seed":0,"relics":["Runic Dome","Juzu Bracelet","PreservedInsect","Bronze Scales","Vajra","Cursed Key","Snecko Eye","Red Mask","Question Card","Gremlin Horn","Unceasing Top","Pear"],"potions_floor_usage":[],"damage_taken":[{"damage":9.0,"enemies":"Jaw Worm","floor":1.0,"turns":4.0},{"damage":0.0,"enemies":"Small Slimes","floor":2.0,"turns":3.0},{"damage":0.0,"enemies":"Cultist","floor":3.0,"turns":3.0},{"damage":11.0,"enemies":"Looter","floor":4.0,"turns":4.0},{"damage":9.0,"enemies":"Lagavulin","floor":7.0,"turns":6.0},{"damage":5.0,"enemies":"3 Sentries","floor":10.0,"turns":5.0},{"damage":4.0,"enemies":"2 Fungi Beasts","floor":11.0,"turns":3.0},{"damage":1.0,"enemies":"Exordium Thugs","floor":13.0,"turns":4.0},{"damage":35.0,"enemies":"The Guardian","floor":16.0,"turns":10.0},{"damage":1.0,"enemies":"Spheric Guardian","floor":18.0,"turns":3.0},{"damage":10.0,"enemies":"2 Thieves","floor":22.0,"turns":4.0},{"damage":14.0,"enemies":"Shelled Parasite and Fungi","floor":24.0,"turns":4.0},{"damage":12.0,"enemies":"Centurion and Healer","floor":25.0,"turns":8.0},{"damage":15.0,"enemies":"Snake Plant","floor":29.0,"turns":3.0},{"damage":22.0,"enemies":"Cultist and Chosen","floor":30.0,"turns":6.0},{"damage":29.0,"enemies":"Shelled Parasite and Fungi","floor":31.0,"turns":4.0},{"damage":1.0,"enemies":"Champ","floor":33.0,"turns":6.0},{"damage":18.0,"enemies":"3 Darklings","floor":35.0,"turns":4.0},{"damage":0.0,"enemies":"Orb Walker","floor":37.0,"turns":3.0},{"damage":12.0,"enemies":"Nemesis","floor":42.0,"turns":3.0},{"damage":0.0,"enemies":"Giant Head","floor":44.0,"turns":3.0},{"damage":0.0,"enemies":"2 Orb Walkers","floor":48.0,"turns":3.0},{"damage":32.0,"enemies":"Awakened One","floor":50.0,"turns":6.0},{"damage":34.0,"enemies":"Time Eater","floor":51.0,"turns":21.0},{"damage":62,"enemies":"Shield and Spear","floor":55,"turns":4},{"damage":70,"enemies":"The Heart","floor":56,"turns":2}],"seed_played":"4423575498462216230","potions_obtained":[{"floor":3.0,"key":"SteroidPotion"},{"floor":4.0,"key":"Block Potion"},{"floor":13.0,"key":"EssenceOfSteel"},{"floor":24.0,"key":"SkillPotion"},{"floor":28.0,"key":"Energy Potion"},{"floor":30.0,"key":"Fire Potion"},{"floor":37.0,"key":"PowerPotion"},{"floor":44.0,"key":"Fire Potion"},{"floor":48.0,"key":"PowerPotion"}],"is_trial":false,"path_per_floor":["M","M","M","M","?","R","E","R","T","E","M","?","M","$","R","B",null,"M","?","$","?","M","R","M","M","T","R","?","M","M","M","R","B",null,"M","?","M","?","$","R","?","E","T","E","T","R","?","?","R","B","B",null,"R","$","E","B"],"character_chosen":"DEFECT","items_purchased":["Meteor Strike","Meteor Strike"],"campfire_rested":1,"item_purchase_floors":[14,54],"current_hp_per_floor":[55,55,55,44,39,39,30,30,30,25,28,28,37,37,37,12,56,55,55,55,55,45,45,41,49,49,49,49,54,42,33,33,42,64,56,56,67,67,67,67,67,67,67,67,67,67,57,67,67,45,31,58,67,67,35,0],"gold":72,"neow_bonus":"BOSS_RELIC","is_prod":false,"is_daily":false,"chose_seed":false,"campfire_upgraded":8,"win_rate":0,"timestamp":1550765719,"path_taken":["M","M","M","M","?","R","E","R","T","E","M","?","M","$","R","BOSS","M","?","$","?","M","R","M","M","T","R","?","M","M","M","R","BOSS","M","?","M","?","$","R","?","E","T","E","?","R","?","?","R","BOSS","BOSS","R","$","E","BOSS"],"build_version":"2019-01-23","purchased_purges":3,"victory":false,"max_hp_per_floor":[71,71,71,71,71,71,71,71,71,71,71,71,71,71,71,71,71,71,71,71,71,71,71,71,71,71,71,71,71,71,71,71,71,71,71,67,67,67,67,67,67,67,67,67,67,67,67,67,67,67,67,67,67,67,77,77],"card_choices":[{"not_picked":["Compile Driver","Barrage"],"picked":"Cold Snap","floor":1.0},{"not_picked":["Turbo","Rebound"],"picked":"Streamline","floor":2.0},{"not_picked":["Auto Shields","Go for the Eyes"],"picked":"Double Energy","floor":3.0},{"not_picked":["Rebound","Cold Snap"],"picked":"Hologram","floor":4.0},{"not_picked":["Barrage","Glacier"],"picked":"Fusion","floor":7.0},{"not_picked":["BootSequence","Force Field"],"picked":"Self Repair","floor":10.0},{"not_picked":["Turbo","Cold Snap"],"picked":"Conserve Battery","floor":11.0},{"not_picked":["Rebound","Barrage"],"picked":"Compile Driver","floor":13.0},{"not_picked":["Machine Learning","Amplify"],"picked":"Echo Form","floor":16.0},{"not_picked":["Sunder","Leap"],"picked":"Coolheaded+1","floor":18.0},{"not_picked":["Sunder","Beam Cell"],"picked":"Hologram","floor":22.0},{"not_picked":["BootSequence","Darkness","Streamline"],"picked":"SKIP","floor":24.0},{"not_picked":["Steam Power","Hello World","Gash"],"picked":"SKIP","floor":25.0},{"not_picked":["Chaos","Sweeping Beam+1","Coolheaded"],"picked":"SKIP","floor":29.0},{"not_picked":["Go for the Eyes","Stack","Coolheaded"],"picked":"SKIP","floor":30.0},{"not_picked":["Go for the Eyes","Stack","Coolheaded"],"picked":"SKIP","floor":30.0},{"not_picked":["Creative AI","Tempest"],"picked":"Skim+1","floor":31.0},{"not_picked":["Thunder Strike","Biased Cognition"],"picked":"Echo Form","floor":33.0},{"not_picked":["Redo","Conserve Battery","Compile Driver+1"],"picked":"SKIP","floor":35.0},{"not_picked":["Ball Lightning","Defragment","Steam"],"picked":"SKIP","floor":37.0},{"not_picked":["Ball Lightning","Steam"],"picked":"Defragment","floor":37.0},{"not_picked":["Auto Shields","Reprogram"],"picked":"Leap+1","floor":42.0},{"not_picked":["Streamline","Stack","Reboot","Machine Learning"],"picked":"SKIP","floor":44.0},{"not_picked":["Flash of Steel","Bandage Up","Discovery"],"picked":"Master of Strategy","floor":47.0},{"not_picked":["Jack Of All Trades","Panache","Forethought"],"picked":"Discovery","floor":47.0},{"not_picked":["Doom and Gloom","Compile Driver","Auto Shields+1"],"picked":"Double Energy","floor":48.0},{"not_picked":["Beam Cell","Lockon","Sweeping Beam"],"picked":"Stack+1","floor":55}],"player_experience":4371166,"relics_obtained":[{"floor":7.0,"key":"PreservedInsect"},{"floor":9.0,"key":"Bronze Scales"},{"floor":10.0,"key":"Vajra"},{"floor":42.0,"key":"Question Card"},{"floor":44.0,"key":"Gremlin Horn"},{"floor":48.0,"key":"Unceasing Top"},{"floor":55,"key":"Pear"}],"event_choices":[{"damage_healed":0.0,"max_hp_gain":0.0,"max_hp_loss":0.0,"gold_gain":0.0,"event_name":"Scrap Ooze","player_choice":"Success","floor":5.0,"gold_loss":0.0,"damage_taken":5.0,"relics_obtained":["Juzu Bracelet"]},{"damage_healed":0.0,"max_hp_gain":0.0,"max_hp_loss":0.0,"gold_gain":0.0,"event_name":"Upgrade Shrine","player_choice":"Upgraded","floor":12.0,"gold_loss":0.0,"damage_taken":0.0,"cards_upgraded":["Self Repair"]},{"damage_healed":0.0,"max_hp_gain":0.0,"max_hp_loss":0.0,"gold_gain":0.0,"event_name":"Back to Basics","player_choice":"Simplicity","floor":19.0,"gold_loss":0.0,"damage_taken":0.0,"cards_upgraded":["Strike_B","Strike_B","Strike_B","Defend_B","Defend_B","Defend_B","Defend_B"]},{"damage_healed":0.0,"max_hp_gain":0.0,"max_hp_loss":0.0,"gold_gain":0.0,"event_name":"Vampires","player_choice":"Ignored","floor":21.0,"gold_loss":0.0,"damage_taken":0.0},{"damage_healed":0.0,"max_hp_gain":0.0,"max_hp_loss":0.0,"gold_gain":0.0,"event_name":"Lab","player_choice":"Got Potions","floor":28.0,"gold_loss":0.0,"damage_taken":0.0},{"damage_healed":0.0,"max_hp_gain":0.0,"max_hp_loss":4.0,"gold_gain":0.0,"event_name":"Winding Halls","player_choice":"Max HP","floor":36.0,"gold_loss":0.0,"damage_taken":0.0},{"cards_removed":["Defend_B"],"damage_healed":0.0,"max_hp_gain":0.0,"max_hp_loss":0.0,"gold_gain":0.0,"event_name":"Falling","player_choice":"Removed Skill","floor":38.0,"gold_loss":0.0,"damage_taken":0.0},{"damage_healed":0.0,"max_hp_gain":0.0,"max_hp_loss":0.0,"gold_gain":0.0,"event_name":"Tomb of Lord Red Mask","player_choice":"Paid","floor":41.0,"gold_loss":98.0,"damage_taken":0.0,"relics_obtained":["Red Mask"]},{"damage_healed":0.0,"max_hp_gain":0.0,"max_hp_loss":0.0,"gold_gain":0.0,"event_name":"SensoryStone","player_choice":"Memory 3","floor":47.0,"gold_loss":0.0,"damage_taken":10.0},{"damage_healed":0.0,"max_hp_gain":0.0,"max_hp_loss":0.0,"gold_gain":0.0,"event_name":"Mysterious Sphere","player_choice":"Fight","floor":48.0,"gold_loss":0.0,"damage_taken":0.0}],"is_beta":false,"boss_relics":[{"not_picked":["Calling Bell","Ectoplasm"],"picked":"Cursed Key"},{"not_picked":["Black Star","Empty Cage"],"picked":"Snecko Eye"}],"items_purged_floors":[14,20,39],"is_endless":false,"potions_floor_spawned":[3,4,13,24,25,30,37,44,48],"killed_by":"The Heart","ascension_level":20}