{"gold_per_floor":[16,26,37,87,106,106,118,146,227,17,17,47,47,79,79,155,155,172,71,71,71,89,89,39,39,62,62,80,99,99,126,126,203,203,219,274,288,8,18,49,67,67,67,94,94,105,205,205,205,205],"floor_reached":50,"playtime":3031,"items_purged":["Strike_G","Poisoned Stab","All Out Attack+1","Masterful Stab+1"],"score":1256,"play_id":"e90bcbb1-d729-482a-83c3-193f19200b84","local_time":"20190313013228","is_ascension_mode":true,"campfire_choices":[{"data":"All Out Attack","floor":6.0,"key":"SMITH"},{"data":"Crippling Poison","floor":11.0,"key":"SMITH"},{"floor":15.0,"key":"REST"},{"data":"Bullet Time","floor":23.0,"key":"SMITH"},{"data":"Well Laid Plans","floor":25.0,"key":"SMITH"},{"data":"Noxious Fumes","floor":27.0,"key":"SMITH"},{"floor":30.0,"key":"REST"},{"data":"Acrobatics","floor":32.0,"key":"SMITH"},{"data":"Catalyst","floor":42.0,"key":"SMITH"},{"floor":49,"key":"RECALL"}],"neow_cost":"NO_GOLD","seed_source_timestamp":457922869221700,"circlet_count":0,"master_deck":["AscendersBane","Survivor","Neutralize","Predator","Crippling Poison+1","Terror","Well Laid Plans+1","Dagger Throw+1","Grand Finale+1","Phantasmal Killer","Dash+1","Deflect","Bullet Time+1","Corpse Explosion","Bouncing Flask+1","Acrobatics+1","PiercingWail+1","Deadly Poison+1","Dash+1","PiercingWail+1","Escape Plan+1","Acrobatics+1","Catalyst+1","Leg Sweep","Backflip"],"special_seed":0,"relics":["Ring of the Snake","Prayer Wheel","Molten Egg 2","Ginger","Smiling Mask","Pandora\u0027s Box","Pen Nib","Boot","Astrolabe","Lee\u0027s Waffle","Ancient Tea Set","Anchor","Unceasing Top"],"potions_floor_usage":[],"damage_taken":[{"damage":0.0,"enemies":"Jaw Worm","floor":1.0,"turns":3.0},{"damage":0.0,"enemies":"Cultist","floor":2.0,"turns":3.0},{"damage":0.0,"enemies":"Small Slimes","floor":3.0,"turns":2.0},{"damage":0.0,"enemies":"Looter","floor":5.0,"turns":5.0},{"damage":5.0,"enemies":"Blue Slaver","floor":7.0,"turns":4.0},{"damage":15.0,"enemies":"Lagavulin","floor":8.0,"turns":7.0},{"damage":27.0,"enemies":"Gremlin Nob","floor":14.0,"turns":4.0},{"damage":15.0,"enemies":"The Guardian","floor":16.0,"turns":11.0},{"damage":16.0,"enemies":"2 Thieves","floor":18.0,"turns":3.0},{"damage":0.0,"enemies":"Chosen","floor":22.0,"turns":2.0},{"damage":0.0,"enemies":"Sentry and Sphere","floor":28.0,"turns":3.0},{"damage":13.0,"enemies":"Shelled Parasite and Fungi","floor":29.0,"turns":3.0},{"damage":0.0,"enemies":"Gremlin Leader","floor":31.0,"turns":3.0},{"damage":0.0,"enemies":"Collector","floor":33.0,"turns":5.0},{"damage":4.0,"enemies":"Orb Walker","floor":35.0,"turns":3.0},{"damage":41.0,"enemies":"2 Orb Walkers","floor":36.0,"turns":4.0},{"damage":2.0,"enemies":"3 Shapes","floor":37.0,"turns":7.0},{"damage":0.0,"enemies":"3 Darklings","floor":39.0,"turns":3.0},{"damage":10.0,"enemies":"Giant Head","floor":40.0,"turns":6.0},{"damage":2.0,"enemies":"Sphere and 2 Shapes","floor":41.0,"turns":4.0},{"damage":19,"enemies":"Nemesis","floor":44,"turns":5},{"damage":0,"enemies":"4 Shapes","floor":46,"turns":4},{"damage":0,"enemies":"Mind Bloom Boss Battle","floor":47,"turns":5},{"damage":47,"enemies":"Awakened One","floor":50,"turns":13}],"seed_played":"-7436159816652734074","potions_obtained":[{"floor":3.0,"key":"LiquidBronze"},{"floor":5.0,"key":"Weak Potion"},{"floor":7.0,"key":"Weak Potion"},{"floor":16.0,"key":"Energy Potion"},{"floor":29.0,"key":"EntropicBrew"},{"floor":36.0,"key":"Regen Potion"},{"floor":47,"key":"Strength Potion"}],"is_trial":false,"path_per_floor":["M","M","M","?","M","R","M","E","T","$","R","?","?","E","R","B",null,"M","$","?","?","M","R","$","R","T","R","M","M","R","E","R","B",null,"M","?","M","$","M","E","M","R","T","E","?","M","?","?","R","B"],"character_chosen":"THE_SILENT","items_purchased":["Well Laid Plans","Dagger Throw+1","Deflect","Lee\u0027s Waffle"],"campfire_rested":2,"item_purchase_floors":[10,10,19,38],"current_hp_per_floor":[59,59,59,59,59,59,54,39,39,39,39,39,32,5,24,9,52,36,36,36,36,36,36,36,36,36,36,36,23,42,42,42,42,60,56,15,28,73,73,63,61,61,61,42,42,42,42,42,42,0],"gold":205,"neow_bonus":"TRANSFORM_TWO_CARDS","is_prod":false,"is_daily":false,"chose_seed":false,"campfire_upgraded":7,"win_rate":0,"timestamp":1552408348,"path_taken":["M","M","M","?","?","R","M","E","T","$","R","?","?","E","R","BOSS","M","$","?","?","M","R","$","R","T","R","M","M","R","E","R","BOSS","M","?","M","$","M","E","M","R","T","E","?","M","?","?","R","BOSS"],"build_version":"2019-01-23","purchased_purges":4,"victory":false,"max_hp_per_floor":[66,66,66,66,66,66,66,66,66,66,66,66,66,66,66,66,66,66,66,66,66,66,66,66,66,66,66,66,66,66,66,66,66,66,66,66,66,73,73,73,73,73,73,73,73,73,73,69,69,69],"card_choices":[{"not_picked":["Sucker Punch","Concentrate"],"picked":"All Out Attack","floor":1.0},{"not_picked":["Setup","Deflect"],"picked":"Concentrate","floor":2.0},{"not_picked":["Blade Dance","Deflect"],"picked":"Crippling Poison","floor":3.0},{"not_picked":["Prepared","Quick Slash"],"picked":"Poisoned Stab","floor":5.0},{"not_picked":["Setup","Underhanded Strike"],"picked":"Noxious Fumes","floor":7.0},{"not_picked":["Prepared","Dagger Spray"],"picked":"Terror","floor":8.0},{"not_picked":["Concentrate","Cloak And Dagger","Masterful Stab+1"],"picked":"SKIP","floor":14.0},{"not_picked":["Bullet Time","Tools of the Trade"],"picked":"Grand Finale+1","floor":16.0},{"not_picked":["Dagger Throw+1","Prepared"],"picked":"Dash+1","floor":18.0},{"not_picked":["Poisoned Stab+1","Blade Dance","Footwork"],"picked":"SKIP","floor":18.0},{"not_picked":["Poisoned Stab+1","Blade Dance","Footwork"],"picked":"SKIP","floor":18.0},{"not_picked":["Dagger Throw+1","Blade Dance","Endless Agony+1"],"picked":"SKIP","floor":22.0},{"not_picked":["Dagger Spray+1","Quick Slash+1","Night Terror"],"picked":"SKIP","floor":22.0},{"not_picked":["Dagger Throw+1","Blade Dance","Endless Agony+1"],"picked":"SKIP","floor":22.0},{"not_picked":["Dagger Spray+1","Quick Slash+1","Night Terror"],"picked":"SKIP","floor":22.0},{"not_picked":["Underhanded Strike+1","Bane+1"],"picked":"Bouncing Flask+1","floor":28.0},{"not_picked":["Caltrops","Concentrate"],"picked":"Acrobatics","floor":28.0},{"not_picked":["Well Laid Plans","Bullet Time","Flying Knee+1"],"picked":"SKIP","floor":29.0},{"not_picked":["Blade Dance","Poisoned Stab+1","Catalyst"],"picked":"SKIP","floor":29.0},{"not_picked":["Concentrate","Masterful Stab+1","Terror"],"picked":"SKIP","floor":31.0},{"not_picked":["Flying Knee+1","Quick Slash+1"],"picked":"PiercingWail+1","floor":35.0},{"not_picked":["Backstab+1","Endless Agony+1","Acrobatics+1"],"picked":"SKIP","floor":35.0},{"not_picked":["Poisoned Stab+1","Flying Knee+1"],"picked":"Escape Plan+1","floor":37.0},{"not_picked":["Poisoned Stab+1","Distraction","Bouncing Flask"],"picked":"SKIP","floor":37.0},{"not_picked":["Prepared","Unload+1"],"picked":"Acrobatics+1","floor":39.0},{"not_picked":["Finisher+1","Slice+1","Escape Plan"],"picked":"SKIP","floor":39.0},{"not_picked":["Phantasmal Killer","Flechettes+1"],"picked":"Catalyst","floor":40.0},{"not_picked":["Dagger Throw+1","Cloak And Dagger","Backstab+1"],"picked":"SKIP","floor":41.0},{"not_picked":["Prepared","Distraction","Bane+1"],"picked":"SKIP","floor":41.0},{"not_picked":["Outmaneuver","Bouncing Flask","Prepared"],"picked":"SKIP","floor":44},{"not_picked":["Well Laid Plans","PiercingWail+1"],"picked":"Leg Sweep","floor":46},{"not_picked":["Backstab+1","Endless Agony+1","Distraction"],"picked":"SKIP","floor":46},{"not_picked":["Escape Plan","Dodge and Roll+1"],"picked":"Backflip","floor":47}],"player_experience":4521802,"relics_obtained":[{"floor":8.0,"key":"Prayer Wheel"},{"floor":9.0,"key":"Molten Egg 2"},{"floor":14.0,"key":"Smiling Mask"},{"floor":26.0,"key":"Pen Nib"},{"floor":31.0,"key":"Boot"},{"floor":40.0,"key":"Ancient Tea Set"},{"floor":44,"key":"Anchor"},{"floor":47,"key":"Unceasing Top"}],"event_choices":[{"damage_healed":0.0,"max_hp_gain":0.0,"max_hp_loss":0.0,"gold_gain":50.0,"event_name":"Golden Shrine","player_choice":"Pray","floor":4.0,"gold_loss":0.0,"damage_taken":0.0},{"damage_healed":0.0,"max_hp_gain":0.0,"max_hp_loss":0.0,"gold_gain":30.0,"event_name":"Dead Adventurer","player_choice":"Searched \u00272\u0027 times","floor":12.0,"gold_loss":0.0,"damage_taken":0.0,"relics_obtained":["Ginger"]},{"cards_removed":["Strike_G"],"damage_healed":0.0,"max_hp_gain":0.0,"max_hp_loss":0.0,"gold_gain":0.0,"event_name":"Golden Wing","player_choice":"Card Removal","floor":13.0,"gold_loss":0.0,"damage_taken":7.0},{"damage_healed":0.0,"max_hp_gain":0.0,"max_hp_loss":0.0,"gold_gain":0.0,"cards_transformed":["Deadly Poison","Underhanded Strike"],"event_name":"Drug Dealer","player_choice":"Became Test Subject","floor":20.0,"gold_loss":0.0,"damage_taken":0.0,"cards_obtained":["Bullet Time","Corpse Explosion"]},{"cards_removed":["Concentrate"],"damage_healed":0.0,"max_hp_gain":0.0,"max_hp_loss":0.0,"gold_gain":0.0,"event_name":"Purifier","player_choice":"Purged","floor":21.0,"gold_loss":0.0,"damage_taken":0.0},{"damage_healed":0.0,"max_hp_gain":0.0,"max_hp_loss":0.0,"gold_gain":0.0,"event_name":"Mysterious Sphere","player_choice":"Fight","floor":36.0,"gold_loss":0.0,"damage_taken":0.0},{"cards_removed":["Noxious Fumes"],"damage_healed":0,"gold_gain":0,"player_choice":"Removed Power","damage_taken":0,"max_hp_gain":0,"max_hp_loss":0,"event_name":"Falling","floor":45,"gold_loss":0},{"damage_healed":0,"gold_gain":0,"player_choice":"Fight","damage_taken":0,"max_hp_gain":0,"max_hp_loss":0,"event_name":"MindBloom","floor":47,"gold_loss":0},{"damage_healed":0,"gold_gain":0,"player_choice":"Max HP","damage_taken":0,"max_hp_gain":0,"max_hp_loss":4,"event_name":"Winding Halls","floor":48,"gold_loss":0}],"is_beta":false,"boss_relics":[{"not_picked":["WristBlade","Philosopher\u0027s Stone"],"picked":"Pandora\u0027s Box"},{"not_picked":["Tiny House","White Beast Statue"],"picked":"Astrolabe"}],"items_purged_floors":[10,19,24,38],"is_endless":false,"potions_floor_spawned":[3,5,7,16,28,29,33,35,36,47],"killed_by":"Awakened One","ascension_level":20}