{"gold_per_floor":[115,5,24,24,34,66,77,77,102,130,142,154,136,135,147,262,274,305,317,244,275,287,299,311,323,335,357,400,352,376,403,415,532,544,569,592,50,63,80,80,92,107,161,174,174,186,206,63,63,63,63,63,63,89,89],"floor_reached":56,"playtime":7792,"items_purged":["Strike_B"],"score":1183,"play_id":"dd826852-46a7-4b0c-8061-bd16e8752729","local_time":"20190212144750","is_ascension_mode":false,"campfire_choices":[{"data":"Creative AI","floor":8.0,"key":"SMITH"},{"data":"Double Energy","floor":11.0,"key":"SMITH"},{"data":"White Noise","floor":15.0,"key":"SMITH"},{"data":"Zap","floor":23.0,"key":"SMITH"},{"data":"Dualcast","floor":25.0,"key":"SMITH"},{"floor":32.0,"key":"REST"},{"data":"Seek","floor":45,"key":"SMITH"},{"floor":49,"key":"RECALL"},{"data":"Go for the Eyes","floor":52,"key":"SMITH"}],"neow_cost":"PERCENT_DAMAGE","seed_source_timestamp":0,"circlet_count":0,"master_deck":["Strike_B","Strike_B+1","Defend_B+1","Defend_B","Defend_B","Defend_B","Zap+1","Dualcast+1","Seek+1","Double Energy+1","Defragment","Self Repair+1","Glacier","Creative AI+1","Go for the Eyes+1","White Noise+1","Hologram+1","Necronomicurse","Amplify","Hologram+1"],"special_seed":0,"relics":["Cracked Core","Lantern","MawBank","Mango","Inserter","Potion Belt","Necronomicon","Matryoshka","Mummified Hand","War Paint","Unceasing Top","Busted Crown","OrangePellets","Question Card","Regal Pillow","Centennial Puzzle","Anchor","Calipers"],"potions_floor_usage":[54,55,55,55,55],"damage_taken":[{"damage":0.0,"enemies":"Small Slimes","floor":1.0,"turns":2.0},{"damage":1.0,"enemies":"Jaw Worm","floor":3.0,"turns":4.0},{"damage":6.0,"enemies":"Cultist","floor":5.0,"turns":4.0},{"damage":16.0,"enemies":"Lagavulin","floor":6.0,"turns":10.0},{"damage":2.0,"enemies":"Blue Slaver","floor":7.0,"turns":6.0},{"damage":10.0,"enemies":"Gremlin Nob","floor":10.0,"turns":5.0},{"damage":0.0,"enemies":"Looter","floor":13.0,"turns":4.0},{"damage":9.0,"enemies":"Exordium Thugs","floor":14.0,"turns":5.0},{"damage":18.0,"enemies":"The Guardian","floor":16.0,"turns":10.0},{"damage":22.0,"enemies":"Spheric Guardian","floor":18.0,"turns":5.0},{"damage":17.0,"enemies":"Shell Parasite","floor":21.0,"turns":10.0},{"damage":14.0,"enemies":"Snake Plant","floor":27.0,"turns":6.0},{"damage":44.0,"enemies":"Slavers","floor":28.0,"turns":7.0},{"damage":2.0,"enemies":"Snecko","floor":30.0,"turns":5.0},{"damage":14.0,"enemies":"Shelled Parasite and Fungi","floor":31.0,"turns":8.0},{"damage":44.0,"enemies":"Automaton","floor":33.0,"turns":9.0},{"damage":25.0,"enemies":"3 Darklings","floor":35.0,"turns":4.0},{"damage":8.0,"enemies":"Orb Walker","floor":36.0,"turns":6.0},{"damage":19.0,"enemies":"Jaw Worm Horde","floor":38.0,"turns":4.0},{"damage":35.0,"enemies":"Sphere and 2 Shapes","floor":39.0,"turns":6.0},{"damage":1.0,"enemies":"Writhing Mass","floor":41.0,"turns":10.0},{"damage":0,"enemies":"3 Darklings","floor":42,"turns":9},{"damage":7,"enemies":"Transient","floor":44,"turns":5},{"damage":0,"enemies":"Maw","floor":46,"turns":8},{"damage":5,"enemies":"Jaw Worm Horde","floor":47,"turns":8},{"damage":0,"enemies":"Time Eater","floor":50,"turns":11},{"damage":42,"enemies":"Shield and Spear","floor":54,"turns":10},{"damage":13,"enemies":"The Heart","floor":55,"turns":10}],"seed_played":"9086979711639966865","potions_obtained":[{"floor":1.0,"key":"Weak Potion"},{"floor":5.0,"key":"AttackPotion"},{"floor":7.0,"key":"FearPotion"},{"floor":18.0,"key":"EssenceOfSteel"},{"floor":31.0,"key":"SteroidPotion"},{"floor":33.0,"key":"LiquidBronze"},{"floor":36.0,"key":"FearPotion"},{"floor":38.0,"key":"SteroidPotion"},{"floor":44,"key":"Dexterity Potion"}],"is_trial":false,"path_per_floor":["M","$","M","?","M","E","M","R","T","E","R","T","M","M","R","B",null,"M","?","?","M","?","R","T","R","T","M","E","?","M","M","R","B",null,"M","M","$","M","M","?","M","M","T","M","R","M","M","$","R","B",null,"R","$","E","B",null],"character_chosen":"DEFECT","items_purchased":["Double Energy","Defragment","OrangePellets","Question Card","Dexterity Potion","Anchor"],"campfire_rested":1,"item_purchase_floors":[2,2,37,37,37,48],"current_hp_per_floor":[54,54,53,38,42,36,44,44,44,44,44,58,68,69,69,61,89,77,77,77,70,54,54,54,54,54,50,16,16,24,20,46,12,89,74,76,76,77,52,52,71,81,81,84,84,89,89,89,89,89,89,89,89,67,64],"gold":89,"neow_bonus":"THREE_RARE_CARDS","is_prod":false,"is_daily":false,"chose_seed":false,"campfire_upgraded":7,"win_rate":0,"timestamp":1549950470,"path_taken":["M","$","M","?","M","E","M","R","T","E","R","?","?","M","R","BOSS","M","?","?","?","?","R","?","R","T","M","E","?","?","M","R","BOSS","M","?","?","M","M","?","M","M","T","M","R","?","M","$","R","BOSS","R","$","E","BOSS"],"build_version":"2019-01-23","purchased_purges":1,"victory":true,"max_hp_per_floor":[75,75,75,75,75,75,75,75,75,75,75,89,89,89,89,89,89,89,89,89,89,89,89,89,89,89,89,89,89,89,89,89,89,89,89,89,89,89,89,89,89,89,89,89,89,89,89,89,89,89,89,89,89,89,89],"card_choices":[{"not_picked":["Multi-Cast","Rainbow"],"picked":"Seek","floor":0.0},{"not_picked":["Undo","Gash","Streamline"],"picked":"SKIP","floor":1.0},{"not_picked":["Compile Driver","Reinforced Body"],"picked":"Self Repair","floor":3.0},{"not_picked":["Hologram","Scrape"],"picked":"Glacier","floor":5.0},{"not_picked":["Leap","Hologram"],"picked":"Creative AI","floor":6.0},{"not_picked":["Aggregate","Gash"],"picked":"Go for the Eyes","floor":7.0},{"not_picked":["Gash","Sweeping Beam","Fusion"],"picked":"SKIP","floor":10.0},{"not_picked":["Tempest","Auto Shields"],"picked":"White Noise","floor":13.0},{"not_picked":["Ball Lightning","Undo"],"picked":"Hologram","floor":14.0},{"not_picked":["Stack","Barrage+1","Gash"],"picked":"SKIP","floor":18.0},{"not_picked":["Genetic Algorithm","Aggregate","Streamline"],"picked":"SKIP","floor":21.0},{"not_picked":["Rebound","Stack+1","Steam+1"],"picked":"SKIP","floor":27.0},{"not_picked":["Stack+1","Leap+1","Turbo+1"],"picked":"SKIP","floor":28.0},{"not_picked":["Barrage","Beam Cell","Go for the Eyes"],"picked":"SKIP","floor":30.0},{"not_picked":["Stack","Compile Driver","Steam"],"picked":"SKIP","floor":31.0},{"not_picked":["Hyperbeam","Buffer"],"picked":"Amplify","floor":33.0},{"not_picked":["Leap"],"picked":"SKIP","floor":35.0},{"not_picked":["Streamline+1"],"picked":"SKIP","floor":36.0},{"not_picked":["Reinforced Body","Gash+1"],"picked":"SKIP","floor":38.0},{"not_picked":["Compile Driver+1","Leap"],"picked":"SKIP","floor":39.0},{"not_picked":["Go for the Eyes+1","Streamline+1"],"picked":"SKIP","floor":41},{"not_picked":["Ball Lightning"],"picked":"Hologram+1","floor":42},{"not_picked":["Streamline","Rip and Tear+1"],"picked":"SKIP","floor":44},{"not_picked":["Barrage+1","FTL"],"picked":"SKIP","floor":46},{"not_picked":["Rebound+1","Genetic Algorithm"],"picked":"SKIP","floor":47},{"not_picked":["Reprogram","Barrage+1"],"picked":"SKIP","floor":54}],"player_experience":44770,"relics_obtained":[{"floor":6.0,"key":"Lantern"},{"floor":10.0,"key":"MawBank"},{"floor":12.0,"key":"Mango"},{"floor":22.0,"key":"Necronomicon"},{"floor":24.0,"key":"Matryoshka"},{"floor":26.0,"key":"Mummified Hand"},{"floor":26.0,"key":"War Paint"},{"floor":28.0,"key":"Unceasing Top"},{"floor":43,"key":"Regal Pillow"},{"floor":43,"key":"Centennial Puzzle"},{"floor":54,"key":"Calipers"}],"event_choices":[{"damage_healed":0.0,"max_hp_gain":0.0,"max_hp_loss":0.0,"gold_gain":0.0,"event_name":"Shining Light","player_choice":"Entered Light","floor":4.0,"gold_loss":0.0,"damage_taken":15.0,"cards_upgraded":["Strike_B","Self Repair"]},{"damage_healed":0.0,"max_hp_gain":0.0,"max_hp_loss":0.0,"gold_gain":0.0,"event_name":"Ghosts","player_choice":"Ignored","floor":19.0,"gold_loss":0.0,"damage_taken":0.0},{"damage_healed":0.0,"max_hp_gain":0.0,"max_hp_loss":0.0,"gold_gain":0.0,"event_name":"Addict","player_choice":"Obtained Relic","floor":20.0,"gold_loss":85.0,"damage_taken":0.0,"relics_obtained":["Potion Belt"]},{"damage_healed":0.0,"max_hp_gain":0.0,"max_hp_loss":0.0,"gold_gain":0.0,"event_name":"Cursed Tome","player_choice":"Obtained Book","floor":22.0,"gold_loss":0.0,"damage_taken":16.0},{"cards_removed":["Strike_B"],"damage_healed":0.0,"max_hp_gain":0.0,"max_hp_loss":0.0,"gold_gain":0.0,"event_name":"Designer","player_choice":"Single Remove","floor":29.0,"gold_loss":60.0,"damage_taken":0.0},{"damage_healed":0.0,"max_hp_gain":0.0,"max_hp_loss":0.0,"gold_gain":0.0,"event_name":"SecretPortal","player_choice":"Ignored","floor":40.0,"gold_loss":0.0,"damage_taken":0.0}],"is_beta":false,"boss_relics":[{"not_picked":["Sozu","Empty Cage"],"picked":"Inserter"},{"not_picked":["Astrolabe","Philosopher\u0027s Stone"],"picked":"Busted Crown"}],"items_purged_floors":[37],"is_endless":false,"potions_floor_spawned":[1,5,7,18,31,33,36,38,44,47],"ascension_level":0}