{"gold_per_floor":[113,132,152,162,51,81,81,111,111,111,111,128,128,147,147,242,242,253,264,291,111,126,126,126,1,1,17,32,48,48,61,61,61],"floor_reached":33,"playtime":2525,"items_purged":["Strike_R","Strike_R","Strike_R"],"score":365,"play_id":"414a618e-5b16-4aa3-b923-f6b78728027c","local_time":"20190227232926","is_ascension_mode":true,"campfire_choices":[{"floor":7.0,"key":"REST"},{"data":"Entrench","floor":10.0,"key":"SMITH"},{"floor":15.0,"key":"REST"},{"data":"Intimidate","floor":24.0,"key":"SMITH"},{"data":"Second Wind","floor":30.0,"key":"SMITH"},{"data":"Body Slam","floor":32,"key":"SMITH"}],"neow_cost":"NONE","seed_source_timestamp":957408303081783,"circlet_count":0,"master_deck":["Strike_R+1","Defend_R","Defend_R","Defend_R","Defend_R+1","Bash","Offering","Entrench+1","Second Wind+1","Reckless Charge","Power Through","Body Slam+1","Wild Strike","Reaper","Battle Trance","Ghostly Armor","Feel No Pain","Intimidate+1","Sentinel","Normality","Warcry","Wild Strike+1","Shrug It Off+1"],"special_seed":0,"relics":["Burning Blood","Bronze Scales","Red Skull","Centennial Puzzle","Cursed Key","Red Mask","Mango"],"potions_floor_usage":[33],"damage_taken":[{"damage":10.0,"enemies":"2 Louse","floor":1.0,"turns":3.0},{"damage":10.0,"enemies":"Jaw Worm","floor":2.0,"turns":3.0},{"damage":6.0,"enemies":"Small Slimes","floor":3.0,"turns":2.0},{"damage":20.0,"enemies":"Blue Slaver","floor":4.0,"turns":4.0},{"damage":18.0,"enemies":"Lagavulin","floor":6.0,"turns":7.0},{"damage":21.0,"enemies":"3 Sentries","floor":8.0,"turns":15.0},{"damage":6.0,"enemies":"2 Fungi Beasts","floor":12.0,"turns":2.0},{"damage":10.0,"enemies":"Exordium Thugs","floor":14.0,"turns":4.0},{"damage":39.0,"enemies":"The Guardian","floor":16.0,"turns":9.0},{"damage":8.0,"enemies":"Chosen","floor":18.0,"turns":4.0},{"damage":6.0,"enemies":"Spheric Guardian","floor":19.0,"turns":3.0},{"damage":24.0,"enemies":"Masked Bandits","floor":20.0,"turns":5.0},{"damage":23.0,"enemies":"Shelled Parasite and Fungi","floor":22.0,"turns":6.0},{"damage":6.0,"enemies":"Chosen and Byrds","floor":27.0,"turns":4.0},{"damage":19.0,"enemies":"3 Cultists","floor":28.0,"turns":7.0},{"damage":19.0,"enemies":"Cultist and Chosen","floor":29.0,"turns":8.0},{"damage":35,"enemies":"Sentry and Sphere","floor":31,"turns":7},{"damage":51,"enemies":"Automaton","floor":33,"turns":6}],"seed_played":"1874004967123761380","potions_obtained":[{"floor":1.0,"key":"Energy Potion"},{"floor":4.0,"key":"Strength Potion"},{"floor":6.0,"key":"AttackPotion"},{"floor":14.0,"key":"LiquidBronze"},{"floor":18.0,"key":"GamblersBrew"},{"floor":28.0,"key":"Weak Potion"},{"floor":29.0,"key":"GamblersBrew"}],"is_trial":false,"path_per_floor":["M","M","M","M","$","E","R","E","T","R","?","M","?","M","R","B",null,"M","M","?","$","M","?","R","$","T","M","M","M","R","M","R","B"],"character_chosen":"IRONCLAD","items_purchased":["Power Through","Feel No Pain"],"campfire_rested":2,"item_purchase_floors":[5,21],"current_hp_per_floor":[68,64,64,50,50,38,62,47,47,47,31,31,24,20,44,11,63,67,67,57,57,50,50,50,50,64,70,69,64,64,35,35,0],"gold":61,"neow_bonus":"ONE_RANDOM_RARE_CARD","is_prod":false,"is_daily":false,"chose_seed":false,"campfire_upgraded":4,"win_rate":0,"timestamp":1551277766,"path_taken":["M","M","M","M","$","E","R","E","T","R","?","M","?","M","R","BOSS","M","M","?","$","M","?","R","$","T","M","M","M","R","M","R","BOSS"],"build_version":"2019-01-23","purchased_purges":3,"victory":false,"max_hp_per_floor":[80,80,80,80,80,80,80,80,80,80,80,80,80,80,80,80,80,80,80,80,80,80,80,80,80,94,94,94,94,94,94,94,94],"card_choices":[{"not_picked":["Uppercut","Heavy Blade"],"picked":"Entrench","floor":1.0},{"not_picked":["Burning Pact","Perfected Strike","Twin Strike"],"picked":"SKIP","floor":2.0},{"not_picked":["Anger","Clash"],"picked":"Second Wind","floor":3.0},{"not_picked":["Clash","Flex"],"picked":"Reckless Charge","floor":4.0},{"not_picked":["Sword Boomerang","Clothesline","Fire Breathing"],"picked":"SKIP","floor":6.0},{"not_picked":["Armaments","Rupture","Rampage"],"picked":"SKIP","floor":8.0},{"not_picked":["Heavy Blade","Iron Wave"],"picked":"Body Slam","floor":12.0},{"not_picked":["Headbutt","Body Slam"],"picked":"Wild Strike","floor":14.0},{"not_picked":["Brutality","Limit Break"],"picked":"Reaper","floor":16.0},{"not_picked":["Rage","Body Slam","Wild Strike"],"picked":"SKIP","floor":18.0},{"not_picked":["Thunderclap","Clash"],"picked":"Battle Trance","floor":19.0},{"not_picked":["Warcry","Havoc+1"],"picked":"Ghostly Armor","floor":20.0},{"not_picked":["Wild Strike","Searing Blow+1"],"picked":"Intimidate","floor":22.0},{"not_picked":["Clash","Thunderclap"],"picked":"Warcry","floor":27.0},{"not_picked":["Armaments","Perfected Strike"],"picked":"Wild Strike+1","floor":28.0},{"not_picked":["Ghostly Armor","Fiend Fire","Pommel Strike+1"],"picked":"SKIP","floor":29.0},{"not_picked":["Power Through","Warcry"],"picked":"Shrug It Off+1","floor":31}],"player_experience":207210,"relics_obtained":[{"floor":6.0,"key":"Bronze Scales"},{"floor":8.0,"key":"Red Skull"},{"floor":9.0,"key":"Centennial Puzzle"},{"floor":20.0,"key":"Red Mask"},{"floor":26.0,"key":"Mango"}],"event_choices":[{"damage_healed":0.0,"max_hp_gain":0.0,"max_hp_loss":0.0,"gold_gain":0.0,"event_name":"Shining Light","player_choice":"Entered Light","floor":11.0,"gold_loss":0.0,"damage_taken":16.0,"cards_upgraded":["Strike_R","Defend_R"]},{"cards_removed":["Strike_R"],"damage_healed":0.0,"max_hp_gain":0.0,"max_hp_loss":0.0,"gold_gain":0.0,"event_name":"Golden Wing","player_choice":"Card Removal","floor":13.0,"gold_loss":0.0,"damage_taken":7.0},{"damage_healed":0.0,"max_hp_gain":0.0,"max_hp_loss":0.0,"gold_gain":0.0,"event_name":"Masked Bandits","player_choice":"Fought Bandits","floor":20.0,"gold_loss":0.0,"damage_taken":0.0},{"damage_healed":0.0,"max_hp_gain":0.0,"max_hp_loss":0.0,"gold_gain":0.0,"event_name":"The Library","player_choice":"Read","floor":23.0,"gold_loss":0.0,"damage_taken":0.0,"cards_obtained":["Sentinel"]}],"is_beta":false,"boss_relics":[{"not_picked":["Tiny House","Astrolabe"],"picked":"Cursed Key"}],"items_purged_floors":[5,21,25],"is_endless":false,"potions_floor_spawned":[1,4,6,14,18,28,29],"killed_by":"Automaton","ascension_level":8}