{"gold_per_floor":[109,125,140,154,164,187,187,208,268,268,268],"floor_reached":11,"playtime":241,"items_purged":[],"score":191,"play_id":"afa395af-6b7b-4067-b4ce-30a23f0fd1ce","local_time":"20190130004043","is_ascension_mode":true,"campfire_choices":[{"floor":7,"key":"REST"},{"floor":10,"key":"REST"}],"neow_cost":"","seed_source_timestamp":0,"circlet_count":0,"master_deck":["AscendersBane","Strike_R","Strike_R","Strike_R","Strike_R","Strike_R","Defend_R","Defend_R","Defend_R","Defend_R","Bash","Hemokinesis","Battle Trance","Pommel Strike","Cleave","Sword Boomerang","Intimidate","Iron Wave"],"relics":["Burning Blood","AscMod:CursedFlame","AscMod:MegaStarOfAscension","AscMod:CursedBank","Smiling Mask","Ancient Tea Set","Paper Frog"],"potions_floor_usage":[6,8,11],"damage_taken":[{"damage":7,"enemies":"Cultist","floor":1,"turns":4},{"damage":10,"enemies":"Small Slimes","floor":2,"turns":3},{"damage":18,"enemies":"Jaw Worm","floor":3,"turns":8},{"damage":7,"enemies":"Large Slime","floor":4,"turns":5},{"damage":1,"enemies":"Exordium Wildlife","floor":5,"turns":3},{"damage":30,"enemies":"Lagavulin","floor":6,"turns":6},{"damage":28,"enemies":"3 Sentries","floor":8,"turns":6},{"damage":20,"enemies":"Lagavulin","floor":11,"turns":6}],"seed_played":"-5913124438135099363","potions_obtained":[{"floor":2,"key":"PowerPotion"},{"floor":3,"key":"Explosive Potion"},{"floor":6,"key":"SpeedPotion"}],"is_trial":true,"path_per_floor":["M","M","M","M","M","E","R","E","T","R","E"],"character_chosen":"IRONCLAD","items_purchased":[],"campfire_rested":2,"item_purchase_floors":[],"current_hp_per_floor":[66,61,48,46,50,25,43,20,20,38,18],"gold":268,"neow_bonus":"","is_prod":false,"is_daily":false,"chose_seed":false,"campfire_upgraded":0,"win_rate":0,"timestamp":1548776443,"path_taken":["M","M","M","?","M","E","R","E","T","R","E"],"build_version":"2019-01-23","purchased_purges":0,"victory":false,"max_hp_per_floor":[75,75,75,75,75,75,75,75,75,75,75],"card_choices":[{"not_picked":["Iron Wave","Disarm"],"picked":"Hemokinesis","floor":1},{"not_picked":["Clothesline","Heavy Blade"],"picked":"Battle Trance","floor":2},{"not_picked":["Clothesline","Sword Boomerang"],"picked":"Pommel Strike","floor":3},{"not_picked":["Thunderclap","Body Slam"],"picked":"Cleave","floor":4},{"not_picked":["Juggernaut","Disarm"],"picked":"Sword Boomerang","floor":5},{"not_picked":["Sword Boomerang","Spot Weakness"],"picked":"Intimidate","floor":6},{"not_picked":["Reckless Charge","Clothesline"],"picked":"Iron Wave","floor":8}],"player_experience":4164537,"relics_obtained":[{"floor":6,"key":"Smiling Mask"},{"floor":8,"key":"Ancient Tea Set"},{"floor":9,"key":"Paper Frog"}],"event_choices":[],"is_beta":false,"boss_relics":[],"items_purged_floors":[],"is_endless":false,"potions_floor_spawned":[2,3,5,6],"killed_by":"Lagavulin","ascension_level":25}