{"gold_per_floor":[119,136,136,136,84,84,0,0,0,26,43,0,0,10,10,85,85,104,29,44,44],"floor_reached":21,"playtime":645,"items_purged":["Strike_R"],"score":384,"play_id":"45e27b40-cdd9-4b12-a2a2-e5def5ebf1d0","local_time":"20190318134804","is_ascension_mode":true,"campfire_choices":[{"data":"Flex","floor":6,"key":"SMITH"},{"data":"Bash","floor":8,"key":"SMITH"},{"data":"Shockwave","floor":13,"key":"SMITH"},{"data":"Barricade","floor":15,"key":"SMITH"}],"neow_cost":"NONE","seed_source_timestamp":14139880028239,"circlet_count":0,"master_deck":["AscendersBane","Strike_R","Strike_R","Strike_R","Defend_R","Defend_R","Defend_R","Defend_R","Bash+1","Whirlwind+1","Flex+1","Evolve","Ghostly Armor","Shockwave+1","Sever Soul+1","Barricade+1","Bludgeon+1","Heavy Blade+1","Wild Strike+1"],"relics":["Burning Blood","NeowsBlessing","Molten Egg 2","Regal Pillow","Eternal Feather"],"potions_floor_usage":[16,21,21],"damage_taken":[{"damage":0,"enemies":"Cultist","floor":1,"turns":1},{"damage":0,"enemies":"Jaw Worm","floor":2,"turns":1},{"damage":0,"enemies":"Gremlin Nob","floor":10,"turns":2},{"damage":10,"enemies":"Small Slimes","floor":11,"turns":3},{"damage":16,"enemies":"Exordium Wildlife","floor":14,"turns":3},{"damage":55,"enemies":"The Guardian","floor":16,"turns":16},{"damage":35,"enemies":"Shell Parasite","floor":18,"turns":6},{"damage":22,"enemies":"Chosen","floor":20,"turns":5},{"damage":14,"enemies":"Centurion and Healer","floor":21,"turns":4}],"seed_played":"4715368404659831530","potions_obtained":[{"floor":2,"key":"PowerPotion"},{"floor":10,"key":"FearPotion"},{"floor":18,"key":"Fire Potion"}],"is_trial":false,"path_per_floor":["M","M","?","?","$","R","$","R","T","E","M","$","R","M","R","B",null,"M","$","M","M"],"character_chosen":"IRONCLAD","items_purchased":["Flex","Evolve","Sever Soul+1"],"campfire_rested":0,"item_purchase_floors":[5,7,12],"current_hp_per_floor":[74,75,68,68,68,68,68,68,68,74,70,70,70,60,60,11,59,30,30,14,0],"gold":44,"neow_bonus":"THREE_ENEMY_KILL","is_prod":false,"is_daily":false,"chose_seed":false,"campfire_upgraded":4,"win_rate":0,"timestamp":1552884484,"path_taken":["M","M","?","?","$","R","$","R","T","E","M","$","R","M","R","BOSS","M","?","M","M"],"build_version":"2019-01-23","purchased_purges":1,"victory":false,"max_hp_per_floor":[75,75,75,75,75,75,75,75,75,75,75,75,75,75,75,75,75,75,75,75,75],"card_choices":[{"not_picked":["Flex","Body Slam"],"picked":"Whirlwind","floor":1},{"not_picked":["Anger","Wild Strike","Body Slam"],"picked":"SKIP","floor":2},{"not_picked":["Carnage+1","Headbutt+1"],"picked":"Ghostly Armor","floor":10},{"not_picked":["Clothesline+1","Heavy Blade+1"],"picked":"Shockwave","floor":11},{"not_picked":["Clothesline+1","Thunderclap+1"],"picked":"Barricade","floor":14},{"not_picked":["Exhume","Brutality"],"picked":"Bludgeon+1","floor":16},{"not_picked":["Pommel Strike+1","Rage"],"picked":"Heavy Blade+1","floor":18},{"not_picked":["Heavy Blade+1","Body Slam+1"],"picked":"Wild Strike+1","floor":20}],"player_experience":351428,"relics_obtained":[{"floor":9,"key":"Molten Egg 2"},{"floor":10,"key":"Regal Pillow"}],"event_choices":[{"cards_removed":["Strike_R"],"damage_healed":0,"gold_gain":0,"player_choice":"Card Removal","damage_taken":7,"max_hp_gain":0,"max_hp_loss":0,"event_name":"Golden Wing","floor":3,"gold_loss":0},{"damage_healed":0,"gold_gain":0,"player_choice":"Upgraded","damage_taken":0,"max_hp_gain":0,"max_hp_loss":0,"event_name":"Upgrade Shrine","floor":4,"gold_loss":0,"cards_upgraded":["Whirlwind"]}],"is_beta":false,"boss_relics":[{"not_picked":["Coffee Dripper","Calling Bell"],"picked":"Eternal Feather"}],"items_purged_floors":[19],"is_endless":false,"potions_floor_spawned":[2,10,11,18],"killed_by":"Centurion and Healer","ascension_level":18}