{"gold_per_floor":[109,109,127,50,62,62,95,107,166,212,239,251,283,312,324,411,423,455,483,495,38,57,57,57,57,57,57,72,92,92,121,121,193,193,212,262,280,294,314,204,204,217,267,167,167,201,201,219,219,219],"floor_reached":50,"playtime":1725,"items_purged":["Strike_G","Defend_G"],"score":1033,"play_id":"22a8f1e9-ce0d-416e-9693-4ce03e5ad438","local_time":"20190305002243","is_ascension_mode":true,"campfire_choices":[{"data":"Terror","floor":6.0,"key":"SMITH"},{"data":"Masterful Stab","floor":8.0,"key":"SMITH"},{"data":"Deadly Poison","floor":12.0,"key":"SMITH"},{"data":"Bane","floor":15.0,"key":"SMITH"},{"data":"Catalyst","floor":23.0,"key":"SMITH"},{"data":"Reflex","floor":25.0,"key":"SMITH"},{"data":"Footwork","floor":27.0,"key":"SMITH"},{"floor":30,"key":"REST"},{"floor":32,"key":"REST"},{"data":"Night Terror","floor":41,"key":"SMITH"},{"floor":45,"key":"REST"},{"floor":47,"key":"REST"},{"floor":49,"key":"RECALL"}],"neow_cost":"NONE","seed_source_timestamp":1590473585864700,"circlet_count":0,"master_deck":["AscendersBane","Defend_G","Defend_G","Defend_G","Survivor","Neutralize+1","Bane+1","Backflip","Poisoned Stab","Terror+1","Quick Slash","Masterful Stab+1","Predator","Deadly Poison+1","Acrobatics","Bane","Malaise","Deadly Poison+1","Flying Knee+1","Dagger Spray+1","Acrobatics","Footwork+1","Catalyst+1","Reflex+1","Escape Plan","Adrenaline+1","Night Terror+1","Backstab+1","Backflip","Prepared+1","Backflip+1","Clumsy","Bouncing Flask+1","Backflip+1"],"special_seed":0,"relics":["Ring of the Snake","MawBank","Oddly Smooth Stone","Pen Nib","Astrolabe","Medical Kit","Bag of Preparation","Darkstone Periapt","Cursed Key","Snake Skull"],"potions_floor_usage":[31,46],"damage_taken":[{"damage":0.0,"enemies":"2 Louse","floor":1.0,"turns":3.0},{"damage":0.0,"enemies":"Cultist","floor":3.0,"turns":4.0},{"damage":3.0,"enemies":"Small Slimes","floor":5.0,"turns":5.0},{"damage":12.0,"enemies":"Lagavulin","floor":7.0,"turns":6.0},{"damage":13.0,"enemies":"3 Sentries","floor":10.0,"turns":8.0},{"damage":0.0,"enemies":"Exordium Wildlife","floor":11.0,"turns":4.0},{"damage":2.0,"enemies":"3 Louse","floor":13.0,"turns":4.0},{"damage":0.0,"enemies":"Exordium Thugs","floor":14.0,"turns":3.0},{"damage":8.0,"enemies":"Hexaghost","floor":16.0,"turns":6.0},{"damage":0.0,"enemies":"Chosen","floor":18.0,"turns":2.0},{"damage":5.0,"enemies":"2 Thieves","floor":19.0,"turns":3.0},{"damage":21.0,"enemies":"Shelled Parasite and Fungi","floor":22.0,"turns":5.0},{"damage":40,"enemies":"Cultist and Chosen","floor":28,"turns":5},{"damage":0,"enemies":"Chosen and Byrds","floor":29,"turns":4},{"damage":28,"enemies":"Gremlin Leader","floor":31,"turns":3},{"damage":31,"enemies":"Champ","floor":33,"turns":8},{"damage":0,"enemies":"Orb Walker","floor":35,"turns":2},{"damage":2,"enemies":"3 Shapes","floor":37,"turns":3},{"damage":11,"enemies":"3 Darklings","floor":38,"turns":4},{"damage":8,"enemies":"Sphere and 2 Shapes","floor":39,"turns":9},{"damage":3,"enemies":"Maw","floor":42,"turns":5},{"damage":22,"enemies":"Reptomancer","floor":46,"turns":5},{"damage":5,"enemies":"Spire Growth","floor":48,"turns":3},{"damage":76,"enemies":"Time Eater","floor":50,"turns":14}],"seed_played":"6397828882773800757","potions_obtained":[{"floor":3.0,"key":"Strength Potion"},{"floor":5.0,"key":"Strength Potion"},{"floor":10.0,"key":"Ancient Potion"},{"floor":13.0,"key":"EntropicBrew"},{"floor":16.0,"key":"Regen Potion"},{"floor":18.0,"key":"GhostInAJar"},{"floor":29,"key":"FearPotion"},{"floor":37,"key":"GhostInAJar"},{"floor":39,"key":"Ancient Potion"},{"floor":46,"key":"SteroidPotion"}],"is_trial":false,"path_per_floor":["M","?","M","$","M","R","E","R","T","E","M","R","M","M","R","B",null,"M","M","?","$","M","R","?","R","T","R","M","M","R","E","R","B",null,"M","?","M","M","M","?","R","M","T","$","R","E","R","M","R","B"],"character_chosen":"THE_SILENT","items_purchased":["Terror","Medical Kit","Acrobatics","Footwork","Catalyst"],"campfire_rested":4,"item_purchase_floors":[4,21,21,21,21],"current_hp_per_floor":[59,59,59,59,56,56,44,44,44,31,31,31,29,29,29,21,55,55,50,50,50,44,44,76,76,76,76,36,36,58,30,52,21,62,62,62,60,49,41,41,41,38,44,44,68,46,70,65,65,0],"gold":219,"neow_bonus":"UPGRADE_CARD","is_prod":false,"is_daily":false,"chose_seed":false,"campfire_upgraded":8,"win_rate":0,"timestamp":1551712963,"path_taken":["M","?","M","?","M","R","E","R","T","E","M","R","M","M","R","BOSS","M","M","?","$","M","R","?","R","T","R","M","?","R","E","R","BOSS","M","?","?","M","M","?","R","M","T","$","R","E","R","M","R","BOSS"],"build_version":"2019-01-23","purchased_purges":2,"victory":false,"max_hp_per_floor":[66,66,66,66,66,66,66,66,66,66,66,66,66,66,66,66,66,66,66,66,66,66,66,76,76,76,76,76,76,76,76,76,76,76,76,76,76,76,76,76,76,76,82,82,82,82,82,82,82,82],"card_choices":[{"not_picked":["Acrobatics","PiercingWail"],"picked":"Bane","floor":1.0},{"not_picked":["Accuracy","Flying Knee"],"picked":"Poisoned Stab","floor":3.0},{"not_picked":["Backflip","Distraction"],"picked":"Quick Slash","floor":5.0},{"not_picked":["Leg Sweep","Wraith Form v2"],"picked":"Masterful Stab","floor":7.0},{"not_picked":["Heel Hook","Reflex"],"picked":"Predator","floor":10.0},{"not_picked":["Caltrops","Backstab"],"picked":"Deadly Poison","floor":11.0},{"not_picked":["Blade Dance","Slice"],"picked":"Acrobatics","floor":13.0},{"not_picked":["Outmaneuver","Dagger Throw"],"picked":"Bane","floor":14.0},{"not_picked":["Bullet Time","Night Terror"],"picked":"Malaise","floor":16.0},{"not_picked":["Deadly Poison","Expertise"],"picked":"Dagger Spray+1","floor":18.0},{"not_picked":["Choke","Eviscerate","Quick Slash"],"picked":"SKIP","floor":19.0},{"not_picked":["Backflip","Deadly Poison"],"picked":"Reflex","floor":22.0},{"not_picked":["Sucker Punch","Quick Slash","Infinite Blades"],"picked":"SKIP","floor":28},{"not_picked":["Blade Dance","Dagger Throw"],"picked":"Escape Plan","floor":29},{"not_picked":["Dagger Spray+1","Bane"],"picked":"Adrenaline","floor":31},{"not_picked":["Doppelganger","Venomology"],"picked":"Night Terror","floor":33},{"not_picked":["Dodge and Roll","Blade Dance"],"picked":"Backstab+1","floor":35},{"not_picked":["Deflect","Masterful Stab"],"picked":"Backflip","floor":37},{"not_picked":["Infinite Blades","Finisher+1"],"picked":"Prepared+1","floor":38},{"not_picked":["A Thousand Cuts","Acrobatics+1","Dodge and Roll"],"picked":"SKIP","floor":39},{"not_picked":["Distraction+1","Dagger Spray"],"picked":"Backflip+1","floor":42},{"not_picked":["Underhanded Strike","Expertise"],"picked":"Bouncing Flask+1","floor":46},{"not_picked":["Flechettes+1","Bane+1"],"picked":"Backflip+1","floor":48}],"player_experience":4463863,"relics_obtained":[{"floor":7.0,"key":"MawBank"},{"floor":9.0,"key":"Oddly Smooth Stone"},{"floor":10.0,"key":"Pen Nib"},{"floor":26.0,"key":"Bag of Preparation"},{"floor":31,"key":"Darkstone Periapt"},{"floor":46,"key":"Snake Skull"}],"event_choices":[{"damage_healed":0.0,"max_hp_gain":0.0,"max_hp_loss":0.0,"gold_gain":0.0,"cards_transformed":["Strike_G"],"event_name":"Transmorgrifier","player_choice":"Transformed","floor":2.0,"gold_loss":0.0,"damage_taken":0.0,"cards_obtained":["Backflip"]},{"damage_healed":0.0,"max_hp_gain":0.0,"max_hp_loss":0.0,"gold_gain":0.0,"event_name":"Vampires","player_choice":"Ignored","floor":20.0,"gold_loss":0.0,"damage_taken":0.0},{"cards_removed":["Storm of Steel"],"damage_healed":22.0,"max_hp_gain":10.0,"max_hp_loss":0.0,"gold_gain":0.0,"event_name":"Bonfire Elementals","player_choice":"Offered Rare","floor":24.0,"gold_loss":0.0,"damage_taken":0.0},{"damage_healed":0,"gold_gain":50,"player_choice":"Pray","damage_taken":0,"max_hp_gain":0,"max_hp_loss":0,"event_name":"Golden Shrine","floor":36,"gold_loss":0},{"cards_removed":["Strike_G"],"damage_healed":0,"gold_gain":0,"player_choice":"Upgrade and Remove","damage_taken":0,"max_hp_gain":0,"max_hp_loss":0,"event_name":"Designer","floor":40,"gold_loss":110,"cards_upgraded":["Adrenaline"]}],"is_beta":false,"boss_relics":[{"not_picked":["Calling Bell","Fusion Hammer"],"picked":"Astrolabe"},{"not_picked":["Velvet Choker","Sozu"],"picked":"Cursed Key"}],"items_purged_floors":[21,44],"is_endless":false,"potions_floor_spawned":[3,5,10,13,16,18,19,29,37,39,46,48],"killed_by":"Time Eater","ascension_level":20}