{"gold_per_floor":[110,122,141,159,169,201,201,228,298,298,309,309,309,309,309,385,385,395,57,57,69,95,95,20,34,59,75,75,91,91,91,91,169,169,179,279,279,292,307,341,341,354,354,380,602,633,633,650,650,650,650],"floor_reached":51,"playtime":1836,"items_purged":["Strike_B"],"score":1419,"play_id":"aeeec240-4ad1-48e6-9a02-da6424082a64","local_time":"20190212011109","is_ascension_mode":true,"campfire_choices":[{"data":"Zap","floor":7.0,"key":"SMITH"},{"data":"Tempest","floor":10.0,"key":"SMITH"},{"data":"Static Discharge","floor":13.0,"key":"SMITH"},{"floor":15.0,"key":"REST"},{"floor":23.0,"key":"REST"},{"floor":28.0,"key":"REST"},{"floor":32.0,"key":"REST"},{"floor":41.0,"key":"REST"},{"floor":47,"key":"REST"},{"floor":49,"key":"RECALL"}],"neow_cost":"NONE","seed_source_timestamp":1058055881362899,"circlet_count":0,"master_deck":["AscendersBane","Strike_B","Strike_B","Defend_B","Defend_B","Defend_B","Defend_B","Zap+1","Dualcast","Tempest+1","Rip and Tear","Self Repair","Turbo","Biased Cognition","Thunder Strike","Leap","Static Discharge+1","Thunder Strike","Force Field","Sunder","Doom and Gloom","Hologram+1","Rebound+1","Skim+1","Writhe","Meteor Strike","Glacier","Skim+1","Glacier"],"special_seed":0,"relics":["Cracked Core","Bag of Marbles","Strawberry","Letter Opener","Snecko Eye","Red Mask","Bag of Preparation","Du-Vu Doll","Nilry\u0027s Codex","Orrery","Girya","Bronze Scales","Shuriken","Smiling Mask","Ginger"],"potions_floor_usage":[44,50,50],"damage_taken":[{"damage":0.0,"enemies":"2 Louse","floor":1.0,"turns":2.0},{"damage":14.0,"enemies":"Jaw Worm","floor":2.0,"turns":4.0},{"damage":7.0,"enemies":"Small Slimes","floor":3.0,"turns":3.0},{"damage":7.0,"enemies":"2 Fungi Beasts","floor":4.0,"turns":3.0},{"damage":7.0,"enemies":"Looter","floor":5.0,"turns":3.0},{"damage":11.0,"enemies":"Gremlin Nob","floor":6.0,"turns":3.0},{"damage":35.0,"enemies":"3 Sentries","floor":8.0,"turns":6.0},{"damage":15.0,"enemies":"Large Slime","floor":11.0,"turns":4.0},{"damage":22.0,"enemies":"The Guardian","floor":16.0,"turns":5.0},{"damage":39.0,"enemies":"2 Thieves","floor":18.0,"turns":3.0},{"damage":15.0,"enemies":"Colosseum Slavers","floor":20.0,"turns":2.0},{"damage":0.0,"enemies":"Chosen","floor":21.0,"turns":3.0},{"damage":0.0,"enemies":"Masked Bandits","floor":22.0,"turns":2.0},{"damage":40.0,"enemies":"Shelled Parasite and Fungi","floor":25.0,"turns":4.0},{"damage":0.0,"enemies":"Chosen and Byrds","floor":27.0,"turns":2.0},{"damage":1.0,"enemies":"Snake Plant","floor":29.0,"turns":2.0},{"damage":11.0,"enemies":"Automaton","floor":33.0,"turns":6.0},{"damage":0.0,"enemies":"3 Darklings","floor":35.0,"turns":3.0},{"damage":0.0,"enemies":"Mind Bloom Boss Battle","floor":36.0,"turns":3.0},{"damage":3.0,"enemies":"Orb Walker","floor":38.0,"turns":2.0},{"damage":33.0,"enemies":"Jaw Worm Horde","floor":39.0,"turns":3.0},{"damage":21.0,"enemies":"Nemesis","floor":40.0,"turns":5.0},{"damage":0.0,"enemies":"4 Shapes","floor":42.0,"turns":3.0},{"damage":34,"enemies":"Giant Head","floor":44,"turns":5},{"damage":32,"enemies":"Reptomancer","floor":46,"turns":4},{"damage":0,"enemies":"Maw","floor":48,"turns":4},{"damage":42,"enemies":"Awakened One","floor":50,"turns":7},{"damage":27,"enemies":"Time Eater","floor":51,"turns":2}],"seed_played":"8121880748234590152","potions_obtained":[{"floor":2.0,"key":"Energy Potion"},{"floor":3.0,"key":"Poison Potion"},{"floor":6.0,"key":"Regen Potion"},{"floor":11.0,"key":"FearPotion"},{"floor":21.0,"key":"Explosive Potion"},{"floor":22.0,"key":"Dexterity Potion"},{"floor":29.0,"key":"SteroidPotion"},{"floor":33.0,"key":"Ancient Potion"},{"floor":42.0,"key":"Regen Potion"},{"floor":46,"key":"SkillPotion"},{"floor":48,"key":"Fire Potion"}],"is_trial":false,"path_per_floor":["M","M","M","M","M","E","R","E","T","R","M","?","R","?","R","B",null,"M","$","?","M","?","R","?","M","T","M","R","M","?","?","R","B",null,"M","?","?","M","M","E","R","M","T","E","?","E","R","M","R","B","B"],"character_chosen":"DEFECT","items_purchased":["Force Field","Sunder","Doom and Gloom","Swift Potion"],"campfire_rested":6,"item_purchase_floors":[19,19,19,19],"current_hp_per_floor":[71,57,50,50,43,39,39,33,33,33,25,7,7,7,32,10,66,27,27,12,19,19,44,44,11,11,18,43,42,42,21,46,35,73,73,73,73,70,44,30,55,62,62,49,49,17,42,49,49,14,0],"gold":650,"neow_bonus":"TEN_PERCENT_HP_BONUS","is_prod":false,"is_daily":false,"chose_seed":false,"campfire_upgraded":3,"win_rate":0,"timestamp":1549901469,"path_taken":["M","M","M","M","M","E","R","E","T","R","M","?","R","?","R","BOSS","M","$","?","M","?","R","?","M","T","M","R","M","?","?","R","BOSS","M","?","?","?","M","E","R","M","T","E","?","E","R","M","R","BOSS","BOSS"],"build_version":"2019-01-23","purchased_purges":1,"victory":false,"max_hp_per_floor":[78,78,78,78,78,78,78,85,85,85,85,85,85,85,85,85,85,85,85,85,85,85,85,85,85,85,85,85,85,85,85,85,85,85,85,85,85,85,85,85,85,85,85,85,85,85,85,85,85,85,85],"card_choices":[{"not_picked":["Rebound","Coolheaded"],"picked":"Tempest","floor":1.0},{"not_picked":["Genetic Algorithm","Leap"],"picked":"Rip and Tear","floor":2.0},{"not_picked":["Coolheaded","Redo"],"picked":"Self Repair","floor":3.0},{"not_picked":["Gash","Hello World"],"picked":"Turbo","floor":4.0},{"not_picked":["Chill","Rebound"],"picked":"Biased Cognition","floor":5.0},{"not_picked":["Consume","Ball Lightning"],"picked":"Thunder Strike","floor":6.0},{"not_picked":["Coolheaded","Redo"],"picked":"Leap","floor":8.0},{"not_picked":["Barrage","Rebound"],"picked":"Static Discharge","floor":11.0},{"not_picked":["Core Surge","Creative AI"],"picked":"Thunder Strike","floor":16.0},{"not_picked":["Coolheaded","Rip and Tear","Sweeping Beam"],"picked":"SKIP","floor":18.0},{"not_picked":["Coolheaded","Rip and Tear","Sweeping Beam"],"picked":"SKIP","floor":18.0},{"not_picked":["Double Energy","Leap"],"picked":"Hologram+1","floor":21.0},{"not_picked":["Defragment","Barrage"],"picked":"Rebound+1","floor":25.0},{"not_picked":["Hologram","Conserve Battery","Rebound"],"picked":"SKIP","floor":27.0},{"not_picked":["Cold Snap","Steam"],"picked":"Skim+1","floor":29.0},{"not_picked":["Seek","Thunder Strike"],"picked":"Meteor Strike","floor":33.0},{"not_picked":["Barrage","Cold Snap"],"picked":"Glacier","floor":34.0},{"not_picked":["Multi-Cast","Ball Lightning"],"picked":"Sunder","floor":34.0},{"not_picked":["Coolheaded","Auto Shields"],"picked":"Skim+1","floor":35.0},{"not_picked":["Barrage+1","Doom and Gloom","Gash"],"picked":"SKIP","floor":38.0},{"not_picked":["Gash","Rebound","Compile Driver"],"picked":"SKIP","floor":39.0},{"not_picked":["Hello World","Redo+1","Hologram"],"picked":"SKIP","floor":40.0},{"not_picked":["Rebound","Ball Lightning","Stack"],"picked":"SKIP","floor":42.0},{"not_picked":["Turbo","Undo+1","Compile Driver"],"picked":"SKIP","floor":44},{"not_picked":["Chill","Barrage"],"picked":"Glacier","floor":46},{"not_picked":["Steam","Barrage","Undo"],"picked":"SKIP","floor":48}],"player_experience":4262929,"relics_obtained":[{"floor":6.0,"key":"Bag of Marbles"},{"floor":8.0,"key":"Strawberry"},{"floor":9.0,"key":"Letter Opener"},{"floor":22.0,"key":"Red Mask"},{"floor":26.0,"key":"Bag of Preparation"},{"floor":31.0,"key":"Nilry\u0027s Codex"},{"floor":36.0,"key":"Girya"},{"floor":40.0,"key":"Shuriken"},{"floor":44,"key":"Smiling Mask"},{"floor":46,"key":"Ginger"}],"event_choices":[{"damage_healed":0.0,"max_hp_gain":0.0,"max_hp_loss":0.0,"gold_gain":0.0,"event_name":"Scrap Ooze","player_choice":"Fled","floor":12.0,"gold_loss":0.0,"damage_taken":18.0},{"damage_healed":0.0,"max_hp_gain":0.0,"max_hp_loss":0.0,"gold_gain":0.0,"event_name":"Dead Adventurer","player_choice":"Searched \u00270\u0027 times","floor":14.0,"gold_loss":0.0,"damage_taken":0.0},{"damage_healed":0.0,"max_hp_gain":0.0,"max_hp_loss":0.0,"gold_gain":0.0,"event_name":"Colosseum","player_choice":"Fight","floor":20.0,"gold_loss":0.0,"damage_taken":0.0},{"damage_healed":0.0,"max_hp_gain":0.0,"max_hp_loss":0.0,"gold_gain":0.0,"event_name":"Colosseum","player_choice":"Fled From Nobs","floor":20.0,"gold_loss":0.0,"damage_taken":0.0},{"damage_healed":0.0,"max_hp_gain":0.0,"max_hp_loss":0.0,"gold_gain":0.0,"event_name":"Masked Bandits","player_choice":"Fought Bandits","floor":22.0,"gold_loss":0.0,"damage_taken":0.0},{"cards_removed":["Strike_B"],"damage_healed":0.0,"max_hp_gain":0.0,"max_hp_loss":0.0,"gold_gain":0.0,"event_name":"Beggar","player_choice":"Gave Gold","floor":24.0,"gold_loss":75.0,"damage_taken":0.0},{"damage_healed":0.0,"max_hp_gain":0.0,"max_hp_loss":0.0,"gold_gain":0.0,"event_name":"The Mausoleum","player_choice":"Opened","floor":30.0,"gold_loss":0.0,"damage_taken":0.0,"relics_obtained":["Du-Vu Doll"],"cards_obtained":["Writhe"]},{"damage_healed":0.0,"max_hp_gain":0.0,"max_hp_loss":0.0,"gold_gain":0.0,"event_name":"Cursed Tome","player_choice":"Obtained Book","floor":31.0,"gold_loss":0.0,"damage_taken":21.0},{"damage_healed":0.0,"max_hp_gain":0.0,"max_hp_loss":0.0,"gold_gain":0.0,"event_name":"MindBloom","player_choice":"Fight","floor":36.0,"gold_loss":0.0,"damage_taken":0.0},{"cards_removed":["Sunder"],"damage_healed":0.0,"max_hp_gain":0.0,"max_hp_loss":0.0,"gold_gain":0.0,"event_name":"WeMeetAgain","player_choice":"Gave Card","floor":37.0,"gold_loss":0.0,"damage_taken":0.0,"relics_obtained":["Bronze Scales"]},{"damage_healed":0,"gold_gain":222,"player_choice":"Wore Mask","damage_taken":0,"max_hp_gain":0,"max_hp_loss":0,"event_name":"Tomb of Lord Red Mask","floor":45,"gold_loss":0}],"is_beta":false,"boss_relics":[{"not_picked":["Philosopher\u0027s Stone","White Beast Statue"],"picked":"Snecko Eye"},{"not_picked":["FrozenCore","Tiny House"],"picked":"Orrery"}],"items_purged_floors":[19],"is_endless":false,"potions_floor_spawned":[2,3,6,11,21,22,29,33,35,40,42,46,48],"killed_by":"Time Eater","ascension_level":20}