{"gold_per_floor":[115,115,15,15,27,27,56,56,107,107,107,32,32,48,48,178,178,191,67,67,83,83,83,83,83,83,93,112,112,143,153,153,257,257,270,285,285,295,310,110,130,147,147,167,177,193,193,206,206,206],"floor_reached":50,"playtime":2427,"items_purged":["Strike_B","Defend_B","Defend_B"],"score":614,"play_id":"feed466a-0cd3-424d-8d89-4d88d1dee73e","local_time":"20190107224210","is_ascension_mode":true,"campfire_choices":[{"data":"Darkness","floor":6.0,"key":"SMITH"},{"data":"Coolheaded","floor":8.0,"key":"SMITH"},{"data":"Consume","floor":10.0,"key":"SMITH"},{"data":"Dualcast","floor":13.0,"key":"SMITH"},{"data":"Glacier","floor":15.0,"key":"SMITH"},{"floor":23.0,"key":"REST"},{"floor":32.0,"key":"REST"},{"floor":47,"key":"REST"},{"floor":49,"key":"REST"}],"neow_cost":"NONE","seed_source_timestamp":1471037578472680,"circlet_count":0,"master_deck":["Strike_B","Strike_B","Defend_B","Defend_B","Zap","Dualcast+1","Consume+1","Coolheaded+1","FTL","Darkness+1","Amplify","Glacier+1","Biased Cognition","Darkness+1","Compile Driver","Leap","Dualcast+1","Electrodynamics","Rebound+1","Biased Cognition","Ball Lightning","Conserve Battery","Sweeping Beam","Force Field+1","Go for the Eyes+1"],"special_seed":0,"relics":["Cracked Core","NeowsBlessing","Meat on the Bone","PreservedInsect","Art of War","Bloody Idol","Fusion Hammer","Ice Cream","DataDisk","Centennial Puzzle","Busted Crown","Mercury Hourglass","Orichalcum"],"potions_floor_usage":[50],"damage_taken":[{"damage":0.0,"enemies":"Small Slimes","floor":1.0,"turns":1.0},{"damage":0.0,"enemies":"2 Louse","floor":5.0,"turns":1.0},{"damage":0.0,"enemies":"Lagavulin","floor":7.0,"turns":1.0},{"damage":0.0,"enemies":"Jaw Worm","floor":14.0,"turns":3.0},{"damage":28.0,"enemies":"Slime Boss","floor":16.0,"turns":8.0},{"damage":0.0,"enemies":"Chosen","floor":18.0,"turns":4.0},{"damage":0.0,"enemies":"2 Thieves","floor":21.0,"turns":3.0},{"damage":5.0,"enemies":"Snecko","floor":27.0,"turns":3.0},{"damage":32.0,"enemies":"Shelled Parasite and Fungi","floor":28.0,"turns":4.0},{"damage":25.0,"enemies":"Gremlin Leader","floor":30.0,"turns":6.0},{"damage":0.0,"enemies":"3 Cultists","floor":31.0,"turns":3.0},{"damage":43.0,"enemies":"Collector","floor":33.0,"turns":8.0},{"damage":11.0,"enemies":"Orb Walker","floor":35.0,"turns":4.0},{"damage":0.0,"enemies":"3 Shapes","floor":36.0,"turns":2.0},{"damage":0.0,"enemies":"3 Darklings","floor":38.0,"turns":2.0},{"damage":8.0,"enemies":"4 Shapes","floor":39.0,"turns":1.0},{"damage":17.0,"enemies":"Transient","floor":41.0,"turns":5.0},{"damage":0.0,"enemies":"Jaw Worm Horde","floor":42.0,"turns":3.0},{"damage":8.0,"enemies":"Spire Growth","floor":44.0,"turns":3.0},{"damage":3,"enemies":"Writhing Mass","floor":45,"turns":4},{"damage":0,"enemies":"Transient","floor":46,"turns":5},{"damage":24,"enemies":"4 Shapes","floor":48,"turns":3},{"damage":86,"enemies":"Awakened One","floor":50,"turns":10}],"seed_played":"-8207902508802180020","potions_obtained":[{"floor":7.0,"key":"LiquidBronze"},{"floor":14.0,"key":"Poison Potion"},{"floor":21.0,"key":"FearPotion"},{"floor":27.0,"key":"SmokeBomb"},{"floor":28.0,"key":"FocusPotion"},{"floor":35.0,"key":"AttackPotion"},{"floor":38.0,"key":"Energy Potion"},{"floor":39.0,"key":"Fruit Juice"},{"floor":46,"key":"Energy Potion"},{"floor":48,"key":"SteroidPotion"}],"is_trial":false,"path_per_floor":["M","?","$","?","M","R","E","R","T","R","?","$","R","M","R","B",null,"M","$","?","M","T","R","$","?","T","M","M","?","E","M","R","B",null,"M","M","T","M","M","$","M","M","T","M","M","M","R","M","R","B"],"character_chosen":"DEFECT","items_purchased":["Coolheaded","FTL","Compile Driver","Conserve Battery","Sweeping Beam"],"campfire_rested":4,"item_purchase_floors":[3,3,19,40,40],"current_hp_per_floor":[75,63,63,68,68,68,68,68,68,68,48,48,48,48,48,32,68,68,68,68,68,68,80,80,80,80,80,53,53,45,50,74,48,72,66,71,71,76,73,73,61,71,71,68,70,75,85,66,85,0],"gold":206,"neow_bonus":"THREE_ENEMY_KILL","is_prod":false,"is_daily":false,"chose_seed":false,"campfire_upgraded":5,"win_rate":0,"timestamp":1546918930,"path_taken":["M","?","$","?","M","R","E","R","T","R","?","$","R","M","R","BOSS","M","$","?","M","?","R","$","?","T","?","M","?","E","M","R","BOSS","M","M","?","M","?","$","M","M","T","M","M","M","R","M","R","BOSS"],"build_version":"2019-01-03v4","purchased_purges":3,"victory":false,"max_hp_per_floor":[75,75,75,80,80,80,80,80,80,80,80,80,80,80,80,80,80,80,80,80,80,80,80,80,80,80,80,80,80,80,80,80,80,80,80,80,80,80,80,80,80,85,85,85,85,85,85,85,85,85],"card_choices":[{"not_picked":["Ball Lightning","Go for the Eyes"],"picked":"Consume","floor":1.0},{"not_picked":["Rebound","Genetic Algorithm"],"picked":"Darkness","floor":5.0},{"not_picked":["Leap","Sweeping Beam"],"picked":"Amplify","floor":7.0},{"not_picked":["Doom and Gloom","Leap"],"picked":"Glacier","floor":14.0},{"not_picked":["Multi-Cast","Reboot"],"picked":"Biased Cognition","floor":16.0},{"not_picked":["Conserve Battery","Cold Snap"],"picked":"Darkness+1","floor":18.0},{"not_picked":["Double Energy","Undo"],"picked":"Leap","floor":21.0},{"not_picked":["Fusion","Coolheaded","Redo"],"picked":"SKIP","floor":27.0},{"not_picked":["Coolheaded+1","Lockon","Turbo"],"picked":"SKIP","floor":28.0},{"not_picked":["Redo","Reinforced Body"],"picked":"Electrodynamics","floor":30.0},{"not_picked":["Streamline","Scrape+1"],"picked":"Rebound+1","floor":31.0},{"not_picked":["Rainbow","Hyperbeam"],"picked":"Biased Cognition","floor":33.0},{"not_picked":["Barrage+1"],"picked":"SKIP","floor":35.0},{"not_picked":["Cold Snap"],"picked":"SKIP","floor":36.0},{"not_picked":[],"picked":"Ball Lightning","floor":38.0},{"not_picked":["Ball Lightning"],"picked":"SKIP","floor":39.0},{"not_picked":["FTL"],"picked":"SKIP","floor":41.0},{"not_picked":[],"picked":"Force Field+1","floor":42.0},{"not_picked":["Steam"],"picked":"SKIP","floor":44.0},{"not_picked":[],"picked":"Go for the Eyes+1","floor":45},{"not_picked":["Streamline"],"picked":"SKIP","floor":46},{"not_picked":["Sweeping Beam"],"picked":"SKIP","floor":48}],"player_experience":320150,"relics_obtained":[{"floor":7.0,"key":"PreservedInsect"},{"floor":9.0,"key":"Art of War"},{"floor":22.0,"key":"Ice Cream"},{"floor":26.0,"key":"DataDisk"},{"floor":30.0,"key":"Centennial Puzzle"},{"floor":37.0,"key":"Mercury Hourglass"},{"floor":43.0,"key":"Orichalcum"}],"event_choices":[{"damage_healed":0.0,"max_hp_gain":0.0,"max_hp_loss":0.0,"gold_gain":0.0,"event_name":"Scrap Ooze","player_choice":"Success","floor":2.0,"gold_loss":0.0,"damage_taken":12.0,"relics_obtained":["Meat on the Bone"]},{"damage_healed":0.0,"max_hp_gain":5.0,"max_hp_loss":0.0,"gold_gain":0.0,"event_name":"Big Fish","player_choice":"Donut","floor":4.0,"gold_loss":0.0,"damage_taken":0.0},{"damage_healed":0.0,"max_hp_gain":0.0,"max_hp_loss":0.0,"gold_gain":0.0,"event_name":"Golden Idol","player_choice":"Take Damage","floor":11.0,"gold_loss":0.0,"damage_taken":20.0,"relics_obtained":["Golden Idol"]},{"cards_removed":["Strike_B"],"damage_healed":0.0,"max_hp_gain":0.0,"max_hp_loss":0.0,"gold_gain":0.0,"event_name":"Back to Basics","player_choice":"Elegance","floor":20.0,"gold_loss":0.0,"damage_taken":0.0},{"damage_healed":0.0,"max_hp_gain":0.0,"max_hp_loss":0.0,"gold_gain":0.0,"event_name":"Forgotten Altar","player_choice":"Gave Idol","floor":25.0,"relics_lost":["Golden Idol"],"gold_loss":0.0,"damage_taken":0.0,"relics_obtained":["Bloody Idol"]},{"damage_healed":0.0,"max_hp_gain":0.0,"max_hp_loss":0.0,"gold_gain":0.0,"event_name":"Duplicator","player_choice":"Copied","floor":29.0,"gold_loss":0.0,"damage_taken":0.0,"cards_obtained":["Dualcast"]}],"is_beta":false,"boss_relics":[{"not_picked":["Velvet Choker","Orrery"],"picked":"Fusion Hammer"},{"not_picked":["Lizard Tail","Inserter"],"picked":"Busted Crown"}],"items_purged_floors":[12,19,40],"is_endless":false,"potions_floor_spawned":[7,14,21,27,28,33,35,38,39,46,48],"killed_by":"Awakened One","ascension_level":5}