{"gold_per_floor":[111,111,36,51,51,51,82,82,82,100,129,54,68,68,68,141,191,206,219,219,231,244,244,244],"floor_reached":24,"playtime":1381,"items_purged":["Defend_B"],"score":439,"play_id":"7a1d7660-c10d-467b-aa03-5b1bf2a5b2b0","local_time":"20190315001816","is_ascension_mode":true,"campfire_choices":[{"data":"Coolheaded","floor":6.0,"key":"SMITH"},{"data":"Conserve Battery","floor":8.0,"key":"SMITH"},{"floor":15.0,"key":"REST"},{"data":"Buffer","floor":23.0,"key":"SMITH"}],"neow_cost":"NONE","seed_source_timestamp":27383178088616,"circlet_count":0,"master_deck":["AscendersBane","Strike_B+1","Strike_B+1","Strike_B+1","Defend_B","Zap","Dualcast","Reinforced Body","Coolheaded+1","Conserve Battery+1","Buffer+1","Machine Learning","Glacier","Core Surge","Capacitor","Tempest","Aggregate","Glacier","Leap+1"],"special_seed":0,"relics":["Cracked Core","NeowsBlessing","Pocketwatch","Mummified Hand","Art of War","Tiny House"],"potions_floor_usage":[],"damage_taken":[{"damage":0.0,"enemies":"Small Slimes","floor":1.0,"turns":1.0},{"damage":0.0,"enemies":"2 Louse","floor":4.0,"turns":1.0},{"damage":0.0,"enemies":"Gremlin Nob","floor":7.0,"turns":1.0},{"damage":2.0,"enemies":"Jaw Worm","floor":10.0,"turns":4.0},{"damage":16.0,"enemies":"3 Sentries","floor":11.0,"turns":7.0},{"damage":1.0,"enemies":"Blue Slaver","floor":13.0,"turns":4.0},{"damage":13.0,"enemies":"The Guardian","floor":16.0,"turns":15.0},{"damage":3.0,"enemies":"Spheric Guardian","floor":18.0,"turns":5.0},{"damage":5.0,"enemies":"Shell Parasite","floor":19.0,"turns":6.0},{"damage":11.0,"enemies":"Centurion and Healer","floor":21.0,"turns":6.0},{"damage":0.0,"enemies":"Snecko","floor":22.0,"turns":8.0},{"damage":52,"enemies":"Book of Stabbing","floor":24,"turns":9}],"seed_played":"-6760217270094778094","potions_obtained":[{"floor":1.0,"key":"Fire Potion"},{"floor":7.0,"key":"Block Potion"},{"floor":13.0,"key":"Dexterity Potion"},{"floor":17.0,"key":"Strength Potion"},{"floor":18.0,"key":"Swift Potion"},{"floor":19.0,"key":"Energy Potion"}],"is_trial":false,"path_per_floor":["M","?","?","M","$","R","E","R","T","M","E","$","M","$","R","B",null,"M","M","?","M","M","R","E"],"character_chosen":"DEFECT","items_purchased":[],"campfire_rested":1,"item_purchase_floors":[],"current_hp_per_floor":[64,43,43,43,43,43,43,43,43,41,25,25,24,24,45,32,66,63,58,58,47,47,47,0],"gold":244,"neow_bonus":"THREE_ENEMY_KILL","is_prod":false,"is_daily":false,"chose_seed":false,"campfire_upgraded":3,"win_rate":0,"timestamp":1552623496,"path_taken":["M","?","?","M","?","R","E","R","T","M","E","?","M","$","R","BOSS","M","M","?","M","M","R","E"],"build_version":"2019-01-23","purchased_purges":1,"victory":false,"max_hp_per_floor":[71,71,71,71,71,71,71,71,71,71,71,71,71,71,71,71,76,76,76,76,76,76,76,76],"card_choices":[{"not_picked":["Rip and Tear","Coolheaded"],"picked":"Reinforced Body","floor":1.0},{"not_picked":["Steam","Ball Lightning"],"picked":"Coolheaded","floor":4.0},{"not_picked":["Blizzard","Double Energy"],"picked":"Conserve Battery","floor":7.0},{"not_picked":["Sweeping Beam","Redo"],"picked":"Buffer","floor":10.0},{"not_picked":["Aggregate","Reinforced Body"],"picked":"Machine Learning","floor":11.0},{"not_picked":["BootSequence","Sweeping Beam"],"picked":"Glacier","floor":13.0},{"not_picked":["Thunder Strike","Fission"],"picked":"Core Surge","floor":16.0},{"not_picked":["Sweeping Beam","Redo"],"picked":"Capacitor","floor":18.0},{"not_picked":["Hello World","Conserve Battery"],"picked":"Tempest","floor":19.0},{"not_picked":["FTL","Steam"],"picked":"Leap+1","floor":21.0},{"not_picked":["Redo","Rip and Tear","Darkness"],"picked":"SKIP","floor":22.0}],"player_experience":531553,"relics_obtained":[{"floor":7.0,"key":"Pocketwatch"},{"floor":9.0,"key":"Mummified Hand"},{"floor":11.0,"key":"Art of War"}],"event_choices":[{"damage_healed":0.0,"max_hp_gain":0.0,"max_hp_loss":0.0,"gold_gain":0.0,"event_name":"Shining Light","player_choice":"Entered Light","floor":2.0,"gold_loss":0.0,"damage_taken":21.0,"cards_upgraded":["Strike_B","Strike_B"]},{"cards_removed":["Strike_B"],"damage_healed":0.0,"max_hp_gain":0.0,"max_hp_loss":0.0,"gold_gain":0.0,"event_name":"The Cleric","player_choice":"Card Removal","floor":3.0,"gold_loss":75.0,"damage_taken":0.0},{"damage_healed":0.0,"max_hp_gain":0.0,"max_hp_loss":0.0,"gold_gain":0.0,"cards_transformed":["Defend_B","Defend_B"],"event_name":"Drug Dealer","player_choice":"Became Test Subject","floor":20.0,"gold_loss":0.0,"damage_taken":0.0,"cards_obtained":["Aggregate","Glacier"]}],"is_beta":false,"boss_relics":[{"not_picked":["Velvet Choker","Busted Crown"],"picked":"Tiny House"}],"items_purged_floors":[12],"is_endless":false,"potions_floor_spawned":[1,7,13,18,19],"killed_by":"Book of Stabbing","ascension_level":18}