{"gold_per_floor":[110,31,43,56,74,74,108,108,178,212,222,233,251,251,251,344,344,364,639,74,97,117,117,130,130,130,148,183,183,183,183,183,260,260,272,288,288,288,308,308,334,334,334,367,367,367,294,318,318,318,318,318,37,67,67],"floor_reached":56,"playtime":2061,"items_purged":["Strike_G"],"score":2049,"play_id":"eda880ca-0c33-43e4-aecc-2c0bf7b5296d","local_time":"20190227233959","is_ascension_mode":true,"campfire_choices":[{"data":"Neutralize","floor":6,"key":"SMITH"},{"data":"Infinite Blades","floor":8,"key":"SMITH"},{"floor":15,"key":"REST"},{"floor":23,"key":"REST"},{"floor":25,"key":"REST"},{"data":"After Image","floor":29,"key":"SMITH"},{"data":"After Image","floor":32,"key":"SMITH"},{"floor":40,"key":"RECALL"},{"data":"Footwork","floor":42,"key":"SMITH"},{"data":"Footwork","floor":46,"key":"SMITH"},{"data":"Phantasmal Killer","floor":49,"key":"SMITH"},{"data":"Cloak And Dagger","floor":52,"key":"SMITH"}],"neow_cost":"","seed_source_timestamp":0,"circlet_count":0,"master_deck":["Blade Dance","Cloak And Dagger+1","Survivor","Defend_G","Defend_G","Defend_G","Defend_G","Defend_G","Strike_G","Strike_G","Strike_G","Strike_G","Neutralize+1","Infinite Blades+1","Backstab+1","Dagger Spray","Masterful Stab","Footwork+1","After Image+1","Finisher+1","Cloak And Dagger","Outmaneuver","Crippling Poison","Regret","Backflip","Backflip","Acrobatics+1","PiercingWail","After Image+1","Phantasmal Killer+1","Writhe","Bullet Time","Footwork+1","Outmaneuver+1","Writhe","Pain","Riddle With Holes+1","Dagger Throw+1","Well Laid Plans+1","Infinite Blades+1","Crippling Poison"],"relics":["Ring of the Snake","Ginger","Bottled Tornado","PreservedInsect","Bloody Idol","White Beast Statue","Du-Vu Doll","Lantern","Shuriken","Dead Branch","Strawberry","WristBlade","WarpedTongs","Frozen Egg 2","Regal Pillow","Vajra","Happy Flower","Whetstone"],"potions_floor_usage":[4,7,7,22,28,33,36,36,50,55,55],"damage_taken":[{"damage":6,"enemies":"Small Slimes","floor":1,"turns":5},{"damage":0,"enemies":"Cultist","floor":3,"turns":3},{"damage":0,"enemies":"Jaw Worm","floor":4,"turns":3},{"damage":6,"enemies":"3 Louse","floor":5,"turns":3},{"damage":23,"enemies":"3 Sentries","floor":7,"turns":8},{"damage":16,"enemies":"Lagavulin","floor":10,"turns":6},{"damage":5,"enemies":"Blue Slaver","floor":11,"turns":4},{"damage":0,"enemies":"2 Fungi Beasts","floor":12,"turns":3},{"damage":0,"enemies":"Red Slaver","floor":13,"turns":3},{"damage":11,"enemies":"Slime Boss","floor":16,"turns":11},{"damage":21,"enemies":"Shell Parasite","floor":18,"turns":8},{"damage":0,"enemies":"Chosen","floor":21,"turns":5},{"damage":13,"enemies":"Shelled Parasite and Fungi","floor":22,"turns":3},{"damage":13,"enemies":"Centurion and Healer","floor":24,"turns":5},{"damage":16,"enemies":"Snake Plant","floor":27,"turns":5},{"damage":9,"enemies":"Slavers","floor":28,"turns":2},{"damage":4,"enemies":"Collector","floor":33,"turns":5},{"damage":2,"enemies":"Orb Walker","floor":35,"turns":3},{"damage":0,"enemies":"3 Shapes","floor":36,"turns":3},{"damage":5,"enemies":"Transient","floor":39,"turns":5},{"damage":7,"enemies":"Reptomancer","floor":41,"turns":6},{"damage":10,"enemies":"Giant Head","floor":44,"turns":4},{"damage":65,"enemies":"Time Eater","floor":50,"turns":8},{"damage":5,"enemies":"Shield and Spear","floor":54,"turns":3},{"damage":57,"enemies":"The Heart","floor":55,"turns":5}],"seed_played":"-3389758463932200679","potions_obtained":[{"floor":3,"key":"Regen Potion"},{"floor":4,"key":"Fruit Juice"},{"floor":5,"key":"Regen Potion"},{"floor":10,"key":"SpeedPotion"},{"floor":18,"key":"Dexterity Potion"},{"floor":21,"key":"Fire Potion"},{"floor":22,"key":"Explosive Potion"},{"floor":28,"key":"AttackPotion"},{"floor":33,"key":"Explosive Potion"},{"floor":36,"key":"EssenceOfSteel"},{"floor":39,"key":"Strength Potion"},{"floor":44,"key":"Strength Potion"},{"floor":54,"key":"Ancient Potion"}],"is_trial":true,"path_per_floor":["M","$","M","M","M","R","E","R","T","E","M","M","M","?","R","B",null,"M","?","$","M","M","R","M","R","T","M","E","R","?","?","R","B",null,"M","M","?","?","M","R","E","R","T","E","?","R","$","T","R","B",null,"R","$","E","B",null],"character_chosen":"THE_SILENT","items_purchased":["Backstab","Du-Vu Doll","Lantern","Backflip","Well Laid Plans+1","Infinite Blades+1","Happy Flower","SteroidPotion"],"campfire_rested":3,"item_purchase_floors":[2,20,20,20,47,53,53,53],"current_hp_per_floor":[53,53,53,58,52,52,71,71,71,55,50,50,50,26,47,36,62,41,41,41,41,28,49,36,57,57,41,32,32,39,39,39,40,69,72,77,78,78,78,78,76,76,76,71,71,71,71,76,76,11,61,61,61,61,4],"gold":67,"neow_bonus":"","is_prod":false,"is_daily":false,"chose_seed":false,"campfire_upgraded":8,"win_rate":0,"timestamp":1551278399,"path_taken":["M","$","M","M","M","R","E","R","T","E","M","M","M","?","R","BOSS","M","?","$","M","M","R","M","R","T","?","E","R","?","?","R","BOSS","M","M","?","?","?","R","E","R","T","E","?","R","?","?","R","BOSS","R","$","E","BOSS"],"build_version":"2019-01-23","purchased_purges":1,"victory":true,"max_hp_per_floor":[66,66,66,71,71,71,71,71,71,71,71,71,71,71,71,71,71,71,71,71,71,71,71,71,71,71,71,71,71,78,78,78,78,78,78,78,78,78,78,78,78,78,78,78,78,78,78,78,78,78,78,78,78,78,78],"card_choices":[{"not_picked":["Poisoned Stab","Backflip"],"picked":"Infinite Blades","floor":1},{"not_picked":["Predator","Slice","Deadly Poison"],"picked":"SKIP","floor":3},{"not_picked":["Quick Slash","PiercingWail"],"picked":"Dagger Spray","floor":4},{"not_picked":["Slice","Distraction"],"picked":"Masterful Stab","floor":5},{"not_picked":["PiercingWail","Bouncing Flask"],"picked":"Footwork","floor":7},{"not_picked":["Setup","Deflect"],"picked":"After Image","floor":10},{"not_picked":["Heel Hook","Dagger Spray"],"picked":"Finisher","floor":11},{"not_picked":["Deflect","Bane"],"picked":"Cloak And Dagger","floor":12},{"not_picked":["Catalyst","Expertise"],"picked":"Outmaneuver","floor":13},{"not_picked":["Tools of the Trade","Unload"],"picked":"Corpse Explosion","floor":16},{"not_picked":["Quick Slash","Backflip"],"picked":"Crippling Poison","floor":18},{"not_picked":["Quick Slash","Tactician"],"picked":"Backflip","floor":21},{"not_picked":["Blade Dance","Masterful Stab"],"picked":"Acrobatics+1","floor":22},{"not_picked":["Caltrops","Underhanded Strike+1"],"picked":"PiercingWail","floor":24},{"not_picked":["Quick Slash","Deflect"],"picked":"After Image","floor":27},{"not_picked":["Phantasmal Killer","Deflect","Underhanded Strike"],"picked":"SKIP","floor":28},{"not_picked":["Deflect","Underhanded Strike"],"picked":"Phantasmal Killer","floor":28},{"not_picked":["Grand Finale","Phantasmal Killer"],"picked":"Bullet Time","floor":33},{"not_picked":["Slice","Flying Knee+1"],"picked":"Footwork","floor":35},{"not_picked":["Acrobatics","Expertise"],"picked":"Outmaneuver+1","floor":36},{"not_picked":["Deadly Poison+1","Slice","Heel Hook"],"picked":"SKIP","floor":39},{"not_picked":["Quick Slash","Acrobatics+1"],"picked":"Riddle With Holes+1","floor":41},{"not_picked":["Skewer","Glass Knife"],"picked":"Dagger Throw+1","floor":44},{"not_picked":["Finisher","Blur+1"],"picked":"Crippling Poison","floor":54}],"player_experience":4412949,"relics_obtained":[{"floor":7,"key":"Ginger"},{"floor":9,"key":"Bottled Tornado"},{"floor":10,"key":"PreservedInsect"},{"floor":26,"key":"Shuriken"},{"floor":28,"key":"Dead Branch"},{"floor":41,"key":"Frozen Egg 2"},{"floor":44,"key":"Regal Pillow"},{"floor":48,"key":"Vajra"},{"floor":54,"key":"Whetstone"}],"event_choices":[{"damage_healed":0,"gold_gain":0,"player_choice":"Take Damage","damage_taken":24,"relics_obtained":["Golden Idol"],"max_hp_gain":0,"max_hp_loss":0,"event_name":"Golden Idol","floor":14,"gold_loss":0},{"damage_healed":0,"gold_gain":275,"player_choice":"Desecrate","damage_taken":0,"max_hp_gain":0,"max_hp_loss":0,"event_name":"Golden Shrine","floor":19,"gold_loss":0,"cards_obtained":["Regret"]},{"damage_healed":0,"gold_gain":0,"player_choice":"Opened","damage_taken":0,"relics_obtained":["Strawberry"],"max_hp_gain":0,"max_hp_loss":0,"event_name":"The Mausoleum","floor":30,"gold_loss":0,"cards_obtained":["Writhe"]},{"damage_healed":0,"gold_gain":0,"player_choice":"Gave Idol","damage_taken":0,"relics_obtained":["Bloody Idol"],"max_hp_gain":0,"max_hp_loss":0,"event_name":"Forgotten Altar","floor":31,"relics_lost":["Golden Idol"],"gold_loss":0},{"damage_healed":16,"gold_gain":0,"player_choice":"Writhe","damage_taken":0,"max_hp_gain":0,"max_hp_loss":0,"event_name":"Winding Halls","floor":37,"gold_loss":0,"cards_obtained":["Writhe"]},{"damage_healed":0,"gold_gain":0,"player_choice":"Rummage","damage_taken":0,"relics_obtained":["WarpedTongs"],"max_hp_gain":0,"max_hp_loss":0,"event_name":"Accursed Blacksmith","floor":38,"gold_loss":0,"cards_obtained":["Pain"]},{"cards_removed":["Corpse Explosion"],"damage_healed":0,"gold_gain":0,"player_choice":"Removed Skill","damage_taken":0,"max_hp_gain":0,"max_hp_loss":0,"event_name":"Falling","floor":45,"gold_loss":0}],"is_beta":false,"boss_relics":[{"not_picked":["HoveringKite","Velvet Choker"],"picked":"White Beast Statue"},{"not_picked":["Tiny House","Ring of the Serpent"],"picked":"WristBlade"}],"items_purged_floors":[20],"is_endless":false,"potions_floor_spawned":[3,4,5,10,18,21,22,24,27,28,33,35,36,39,41,44,54],"ascension_level":15}