{"gold_per_floor":[117,134,148,165,177,177,202,202,227,227,256,275,287,305,305,401,401,415,230,230,7,24,24,38,38,63,63,13,13,13,23,23,23],"floor_reached":33,"playtime":1013,"items_purged":["Strike_R"],"score":284,"play_id":"899e1a47-df11-48f2-9939-d938c465755e","local_time":"20190126010713","is_ascension_mode":false,"campfire_choices":[{"data":"Flex","floor":6.0,"key":"SMITH"},{"data":"Flex","floor":8.0,"key":"SMITH"},{"data":"Heavy Blade","floor":10.0,"key":"SMITH"},{"data":"Sword Boomerang","floor":15.0,"key":"SMITH"},{"data":"Battle Trance","floor":23.0,"key":"SMITH"},{"data":"Burning Pact","floor":27.0,"key":"SMITH"},{"data":"Bash","floor":30.0,"key":"SMITH"},{"floor":32.0,"key":"REST"}],"neow_cost":"TEN_PERCENT_HP_LOSS","seed_source_timestamp":0,"circlet_count":0,"master_deck":["Strike_R","Strike_R","Defend_R","Defend_R","Defend_R","Defend_R","Bash+1","Iron Wave","Burning Pact+1","Heavy Blade","Flex+1","Heavy Blade","Fiend Fire","Heavy Blade+1","Flex+1","Battle Trance+1","Sword Boomerang+1","Reaper","Writhe","Sword Boomerang+1","Heavy Blade+1","Flechettes+1","Enlightenment+1"],"special_seed":0,"relics":["Burning Blood","Lantern","Smiling Mask","Omamori","Calling Bell","Bag of Preparation","Molten Egg 2","FossilizedHelix","theJungle:Creamberry","GremlinMask","PrismaticShard","theJungle:WildPear","Potion Belt","theJungle:BirthdayCakeSlice"],"potions_floor_usage":[33],"damage_taken":[{"damage":1.0,"enemies":"Cultist","floor":1.0,"turns":3.0},{"damage":10.0,"enemies":"Jaw Worm","floor":2.0,"turns":4.0},{"damage":0.0,"enemies":"2 Louse","floor":3.0,"turns":2.0},{"damage":4.0,"enemies":"Blue Slaver","floor":4.0,"turns":5.0},{"damage":7.0,"enemies":"2 Fungi Beasts","floor":5.0,"turns":3.0},{"damage":35.0,"enemies":"Lagavulin","floor":7.0,"turns":7.0},{"damage":8.0,"enemies":"3 Sentries","floor":11.0,"turns":6.0},{"damage":6.0,"enemies":"Lots of Slimes","floor":12.0,"turns":4.0},{"damage":1.0,"enemies":"3 Louse","floor":13.0,"turns":5.0},{"damage":0.0,"enemies":"2 Fungi Beasts","floor":14.0,"turns":2.0},{"damage":36.0,"enemies":"Hexaghost","floor":16.0,"turns":5.0},{"damage":13.0,"enemies":"theJungle:Flameango_and_Byrd","floor":18.0,"turns":5.0},{"damage":22.0,"enemies":"Shell Parasite","floor":22.0,"turns":4.0},{"damage":10.0,"enemies":"theJungle:2_Snecko_Cultists","floor":24.0,"turns":4.0},{"damage":64.0,"enemies":"theJungle:JungleHuntersEncounter","floor":31.0,"turns":10.0},{"damage":44,"enemies":"theJungle:FunGuy","floor":33,"turns":6}],"seed_played":"-6117406786677365757","potions_obtained":[{"floor":3.0,"key":"Regen Potion"},{"floor":4.0,"key":"Strength Potion"},{"floor":5.0,"key":"Swift Potion"},{"floor":12.0,"key":"SkillPotion"},{"floor":24.0,"key":"EssenceOfSteel"}],"is_trial":false,"path_per_floor":["M","M","M","M","M","R","E","R","T","R","E","M","M","M","R","B",null,"M","?","?","$","M","R","M","?","T","R","$","?","R","M","R","B"],"character_chosen":"IRONCLAD","items_purchased":["PrismaticShard","Heavy Blade+1"],"campfire_rested":1,"item_purchase_floors":[21,21],"current_hp_per_floor":[72,68,72,72,71,71,42,42,42,42,40,40,45,51,51,21,72,65,65,65,65,49,49,57,67,67,67,67,72,72,18,44,0],"gold":23,"neow_bonus":"TRANSFORM_TWO_CARDS","is_prod":false,"is_daily":false,"chose_seed":false,"campfire_upgraded":7,"win_rate":0,"timestamp":1548432433,"path_taken":["M","M","M","M","?","R","E","R","T","R","E","?","M","M","R","BOSS","M","?","?","$","M","R","?","?","T","R","$","?","R","M","R","BOSS"],"build_version":"2019-01-23","purchased_purges":1,"victory":false,"max_hp_per_floor":[72,72,72,72,72,72,72,72,72,72,72,72,72,72,72,72,72,72,72,72,72,72,72,72,82,82,82,82,87,87,87,87,87],"card_choices":[{"not_picked":["Armaments","Clothesline"],"picked":"Heavy Blade","floor":1.0},{"not_picked":["Carnage","Havoc"],"picked":"Flex","floor":2.0},{"not_picked":["Perfected Strike","Clothesline"],"picked":"Heavy Blade","floor":3.0},{"not_picked":["Second Wind","Clothesline"],"picked":"Fiend Fire","floor":4.0},{"not_picked":["Iron Wave","Entrench"],"picked":"Heavy Blade","floor":5.0},{"not_picked":["Cleave","Anger"],"picked":"Flex","floor":7.0},{"not_picked":["Heavy Blade","Dropkick"],"picked":"Battle Trance","floor":11.0},{"not_picked":["Blood for Blood","Metallicize","Pommel Strike"],"picked":"SKIP","floor":12.0},{"not_picked":["Cleave","Intimidate"],"picked":"Sword Boomerang","floor":13.0},{"not_picked":["Anger","Wild Strike","Bludgeon"],"picked":"SKIP","floor":14.0},{"not_picked":["Dark Embrace","Impervious"],"picked":"Reaper","floor":16.0},{"not_picked":["Ghostly Armor","Perfected Strike+1"],"picked":"Sword Boomerang+1","floor":18.0},{"not_picked":["Perfected Strike+1","Impatience+1","Heavy Blade+1"],"picked":"SKIP","floor":22.0},{"not_picked":["Corruption+1","Storm+1"],"picked":"Flechettes+1","floor":24.0},{"not_picked":["Heavy Blade+1","Storm+1"],"picked":"Enlightenment+1","floor":31.0}],"player_experience":4149575,"relics_obtained":[{"floor":7.0,"key":"Lantern"},{"floor":9.0,"key":"Smiling Mask"},{"floor":11.0,"key":"Omamori"},{"floor":17.0,"key":"Bag of Preparation"},{"floor":17.0,"key":"Molten Egg 2"},{"floor":17.0,"key":"FossilizedHelix"},{"floor":26.0,"key":"Potion Belt"}],"event_choices":[{"damage_healed":0.0,"max_hp_gain":0.0,"max_hp_loss":0.0,"gold_gain":0.0,"event_name":"FaceTrader","player_choice":"Trade","floor":20.0,"gold_loss":0.0,"damage_taken":0.0,"relics_obtained":["GremlinMask"]}],"is_beta":false,"boss_relics":[{"not_picked":["Eternal Feather","Snecko Eye"],"picked":"Calling Bell"}],"items_purged_floors":[28],"is_endless":false,"potions_floor_spawned":[3,4,5,12,13,14,24],"killed_by":"theJungle:FunGuy","ascension_level":0}