{"gold_per_floor":[114,124,49,65,12,39,39,54,81,97,128,128,152,214,214,291,291,305,318,318,318,318],"floor_reached":22,"playtime":1200,"items_purged":[],"score":359,"play_id":"5843fb91-da64-43ea-adbd-f06008bd17d5","local_time":"20190311222910","is_ascension_mode":true,"campfire_choices":[{"floor":7.0,"key":"REST"},{"floor":12.0,"key":"REST"},{"floor":15.0,"key":"REST"}],"neow_cost":"NONE","seed_source_timestamp":694175030164906,"circlet_count":0,"master_deck":["AscendersBane","Strike_R","Strike_R","Strike_R","Defend_R","Defend_R","Defend_R","Defend_R","Bash","Fiend Fire","Heavy Blade","Spot Weakness","Twin Strike","True Grit","Entrench","Power Through","Second Wind","Body Slam","Flame Barrier","Feed","Headbutt+1","J.A.X."],"special_seed":0,"relics":["Burning Blood","Omamori","Lantern","Regal Pillow","Odd Mushroom","Champion Belt","Mark of Pain"],"potions_floor_usage":[],"damage_taken":[{"damage":8.0,"enemies":"2 Louse","floor":1.0,"turns":3.0},{"damage":9.0,"enemies":"Jaw Worm","floor":2.0,"turns":3.0},{"damage":11.0,"enemies":"Small Slimes","floor":4.0,"turns":3.0},{"damage":55.0,"enemies":"Lagavulin","floor":6.0,"turns":6.0},{"damage":20.0,"enemies":"Exordium Wildlife","floor":8.0,"turns":4.0},{"damage":11.0,"enemies":"Looter","floor":10.0,"turns":3.0},{"damage":10.0,"enemies":"Gremlin Nob","floor":11.0,"turns":3.0},{"damage":36.0,"enemies":"The Mushroom Lair","floor":13.0,"turns":6.0},{"damage":21.0,"enemies":"Gremlin Nob","floor":14.0,"turns":4.0},{"damage":27.0,"enemies":"The Guardian","floor":16.0,"turns":12.0},{"damage":33.0,"enemies":"Chosen","floor":18.0,"turns":5.0},{"damage":26.0,"enemies":"Spheric Guardian","floor":19.0,"turns":8.0},{"damage":20,"enemies":"Shelled Parasite and Fungi","floor":22,"turns":3}],"seed_played":"-894341787886088890","potions_obtained":[{"floor":2.0,"key":"Ancient Potion"},{"floor":4.0,"key":"BloodPotion"},{"floor":10.0,"key":"Regen Potion"},{"floor":11.0,"key":"Strength Potion"},{"floor":16.0,"key":"EssenceOfSteel"},{"floor":19.0,"key":"Strength Potion"}],"is_trial":false,"path_per_floor":["M","M","?","M","$","E","R","M","T","M","E","R","?","?","R","B",null,"M","M","?","?","M"],"character_chosen":"IRONCLAD","items_purchased":["Strength Potion"],"campfire_rested":3,"item_purchase_floors":[5],"current_hp_per_floor":[66,63,63,58,58,16,38,24,24,19,24,61,31,16,53,32,64,37,20,20,20,0],"gold":318,"neow_bonus":"ONE_RANDOM_RARE_CARD","is_prod":false,"is_daily":false,"chose_seed":false,"campfire_upgraded":0,"win_rate":0,"timestamp":1552310950,"path_taken":["M","M","?","M","$","E","R","M","T","M","E","R","?","?","R","BOSS","M","M","?","?","M"],"build_version":"2019-01-23","purchased_purges":0,"victory":false,"max_hp_per_floor":[75,75,75,75,75,75,75,75,75,75,75,75,75,75,75,75,75,75,78,78,78,78],"card_choices":[{"not_picked":["Pommel Strike","Bloodletting"],"picked":"Heavy Blade","floor":1.0},{"not_picked":["Flex","Disarm"],"picked":"Spot Weakness","floor":2.0},{"not_picked":["Anger","Warcry"],"picked":"Twin Strike","floor":4.0},{"not_picked":["Uppercut","Hemokinesis"],"picked":"True Grit","floor":6.0},{"not_picked":["Searing Blow","Warcry"],"picked":"Entrench","floor":8.0},{"not_picked":["Immolate","Sword Boomerang"],"picked":"Power Through","floor":10.0},{"not_picked":["Burning Pact","Rupture"],"picked":"Second Wind","floor":11.0},{"not_picked":["Perfected Strike","Heavy Blade"],"picked":"Body Slam","floor":13.0},{"not_picked":["Bludgeon","Warcry"],"picked":"Flame Barrier","floor":14.0},{"not_picked":["Juggernaut","Immolate"],"picked":"Feed","floor":16.0},{"not_picked":["Clash","Flex","Uppercut"],"picked":"SKIP","floor":18.0},{"not_picked":["Second Wind","Flex"],"picked":"Headbutt+1","floor":19.0}],"player_experience":288871,"relics_obtained":[{"floor":6.0,"key":"Omamori"},{"floor":9.0,"key":"Lantern"},{"floor":11.0,"key":"Regal Pillow"},{"floor":13.0,"key":"Odd Mushroom"},{"floor":14.0,"key":"Champion Belt"}],"event_choices":[{"cards_removed":["Strike_R"],"damage_healed":0.0,"max_hp_gain":0.0,"max_hp_loss":0.0,"gold_gain":0.0,"event_name":"The Cleric","player_choice":"Card Removal","floor":3.0,"gold_loss":75.0,"damage_taken":0.0},{"damage_healed":0.0,"max_hp_gain":0.0,"max_hp_loss":0.0,"gold_gain":0.0,"event_name":"Mushrooms","player_choice":"Fought Mushrooms","floor":13.0,"gold_loss":0.0,"damage_taken":0.0},{"damage_healed":0.0,"max_hp_gain":0.0,"max_hp_loss":0.0,"gold_gain":30.0,"event_name":"Dead Adventurer","player_choice":"Searched \u00272\u0027 times","floor":14.0,"gold_loss":0.0,"damage_taken":0.0},{"damage_healed":0.0,"max_hp_gain":0.0,"max_hp_loss":0.0,"gold_gain":0.0,"event_name":"Drug Dealer","player_choice":"Obtain J.A.X.","floor":20.0,"gold_loss":0.0,"damage_taken":0.0,"cards_obtained":["J.A.X."]},{"cards_removed":["Strike_R"],"damage_healed":0.0,"max_hp_gain":0.0,"max_hp_loss":0.0,"gold_gain":0.0,"event_name":"Bonfire Elementals","player_choice":"Offered Basic","floor":21.0,"gold_loss":0.0,"damage_taken":0.0}],"is_beta":false,"boss_relics":[{"not_picked":["Eternal Feather","Orrery"],"picked":"Mark of Pain"}],"items_purged_floors":[],"is_endless":false,"potions_floor_spawned":[2,4,10,11,16,19],"killed_by":"Shelled Parasite and Fungi","ascension_level":17}