{"gold_per_floor":[366,376,526,132,152,152,179,22,49,81,81,101,1,101,101,173,173,183,201,201,201,201],"floor_reached":22,"playtime":942,"items_purged":["Doubt","Strike_R"],"score":409,"play_id":"10da6ceb-f215-47cb-8dcf-eacf75d00680","local_time":"20190318151158","is_ascension_mode":true,"campfire_choices":[{"data":"Anger","floor":6,"key":"SMITH"},{"floor":11,"key":"REST"},{"data":"Bash","floor":15,"key":"SMITH"}],"neow_cost":"PERCENT_DAMAGE","seed_source_timestamp":987283452577712,"circlet_count":0,"master_deck":["AscendersBane","Defend_R","Defend_R+1","Defend_R","Defend_R","Bash+1","Shockwave+1","Disarm","Anger+1","Metallicize","Inflame","Demon Form","Sword Boomerang+1","Bite","Bite","Bite","Bite","Bite"],"relics":["Burning Blood","Orichalcum","Centennial Puzzle","War Paint","Question Card","Eternal Feather"],"potions_floor_usage":[10,19,20],"damage_taken":[{"damage":9,"enemies":"Small Slimes","floor":1,"turns":4},{"damage":9,"enemies":"Jaw Worm","floor":2,"turns":5},{"damage":0,"enemies":"2 Louse","floor":5,"turns":3},{"damage":18,"enemies":"Lagavulin","floor":7,"turns":7},{"damage":13,"enemies":"3 Sentries","floor":10,"turns":6},{"damage":10,"enemies":"Gremlin Gang","floor":12,"turns":5},{"damage":33,"enemies":"The Guardian","floor":16,"turns":9},{"damage":18,"enemies":"Spheric Guardian","floor":18,"turns":6},{"damage":6,"enemies":"Chosen","floor":19,"turns":6},{"damage":46,"enemies":"Colosseum Slavers","floor":20,"turns":5},{"damage":27,"enemies":"Snake Plant","floor":22,"turns":2}],"seed_played":"-3161025681610197688","potions_obtained":[{"floor":2,"key":"Ancient Potion"},{"floor":16,"key":"PowerPotion"}],"is_trial":false,"path_per_floor":["M","M","?","$","M","R","E","$","T","E","R","M","$","?","R","B",null,"M","M","?","?","M"],"character_chosen":"IRONCLAD","items_purchased":["Orichalcum","Disarm","Anger","Strength Potion","War Paint"],"campfire_rested":1,"item_purchase_floors":[4,4,4,4,8],"current_hp_per_floor":[47,44,44,44,50,50,38,38,38,33,55,53,53,53,53,28,63,53,55,17,17,0],"gold":201,"neow_bonus":"TWO_FIFTY_GOLD","is_prod":false,"is_daily":false,"chose_seed":false,"campfire_upgraded":2,"win_rate":0,"timestamp":1552889518,"path_taken":["M","M","?","$","M","R","E","$","T","E","R","M","?","?","R","BOSS","M","?","?","?","M"],"build_version":"2019-01-23","purchased_purges":2,"victory":false,"max_hp_per_floor":[75,75,75,75,75,75,75,75,75,75,75,75,75,75,75,75,75,75,75,75,75,75],"card_choices":[{"not_picked":["Flex","True Grit","Evolve"],"picked":"SKIP","floor":1},{"not_picked":["Cleave","Warcry"],"picked":"Shockwave","floor":2},{"not_picked":["Cleave","Clash"],"picked":"Metallicize","floor":5},{"not_picked":["Armaments","Cleave"],"picked":"Inflame","floor":7},{"not_picked":["Infernal Blade","Entrench","Thunderclap"],"picked":"SKIP","floor":10},{"not_picked":["Ghostly Armor","Intimidate","Infernal Blade","Sever Soul"],"picked":"SKIP","floor":12},{"not_picked":["Barricade","Berserk","Fiend Fire"],"picked":"Demon Form","floor":16},{"not_picked":["Flex","Clash","Power Through"],"picked":"Sword Boomerang+1","floor":18},{"not_picked":["Headbutt","Fire Breathing+1","Sentinel+1","Reckless Charge+1"],"picked":"SKIP","floor":19}],"player_experience":740006,"relics_obtained":[{"floor":7,"key":"Centennial Puzzle"},{"floor":9,"key":"Blood Vial"},{"floor":10,"key":"Question Card"}],"event_choices":[{"damage_healed":0,"gold_gain":150,"player_choice":"AGREE","damage_taken":0,"max_hp_gain":0,"max_hp_loss":0,"event_name":"Liars Game","floor":3,"gold_loss":0,"cards_obtained":["Doubt"]},{"damage_healed":0,"gold_gain":100,"player_choice":"Gold","damage_taken":0,"max_hp_gain":0,"max_hp_loss":0,"event_name":"Wheel of Change","floor":14,"gold_loss":0},{"damage_healed":0,"gold_gain":0,"player_choice":"Fight","damage_taken":0,"max_hp_gain":0,"max_hp_loss":0,"event_name":"Colosseum","floor":20,"gold_loss":0},{"damage_healed":0,"gold_gain":0,"player_choice":"Fled From Nobs","damage_taken":0,"max_hp_gain":0,"max_hp_loss":0,"event_name":"Colosseum","floor":20,"gold_loss":0},{"damage_healed":0,"gold_gain":0,"player_choice":"Became a vampire (Vial)","damage_taken":0,"max_hp_gain":0,"max_hp_loss":0,"event_name":"Vampires","floor":21,"relics_lost":["Blood Vial"],"gold_loss":0,"cards_obtained":["Bite","Bite","Bite","Bite","Bite"]}],"is_beta":false,"boss_relics":[{"not_picked":["Empty Cage","Coffee Dripper"],"picked":"Eternal Feather"}],"items_purged_floors":[4,13],"is_endless":false,"potions_floor_spawned":[2,5,16,20],"killed_by":"Snake Plant","ascension_level":20}