{"gold_per_floor":[219,219,229,242,242,276,276,276,276,305,305,318,352,370,370,471,471,488,110,81,92,109,109,123,123,123,123,123,136,36,54,54,158,158,171,191,191,206,206,206,221,238,264,264,264,23,23,39,39,39],"floor_reached":51,"playtime":5641,"items_purged":["Defend_B","Strike_B"],"score":775,"play_id":"03a2f40f-3218-4bb0-9c52-031812a550df","local_time":"20190320233017","is_ascension_mode":true,"campfire_choices":[{"floor":8.0,"key":"REST"},{"floor":11.0,"key":"REST"},{"floor":15.0,"key":"REST"},{"floor":23.0,"key":"REST"},{"data":"Defragment","floor":25.0,"key":"SMITH"},{"floor":32,"key":"REST"},{"floor":40,"key":"REST"},{"floor":44,"key":"REST"},{"floor":47,"key":"REST"},{"data":"Double Energy","floor":49,"key":"SMITH"}],"neow_cost":"NONE","seed_source_timestamp":0,"circlet_count":0,"master_deck":["Strike_B+1","Defend_B+1","Defend_B+1","Zap","Dualcast+1","Melter","Coolheaded","Glacier","Cold Snap","Rebound","Conserve Battery","Gash","Reboot","Doom and Gloom+1","Biased Cognition+1","Capacitor","Conserve Battery","Defragment+1","Static Discharge","Loop","Creative AI","Go for the Eyes","Machine Learning","Redo+1","Compile Driver+1","Double Energy+1"],"special_seed":0,"relics":["Cracked Core","Dodecahedron","Bottled Flame","Omamori","War Paint","Question Card","Astrolabe","Calipers","Cables","Busted Crown","Blue Candle","Potion Belt","Mummified Hand"],"potions_floor_usage":[31,31,36,48,50,50],"damage_taken":[{"damage":1.0,"enemies":"2 Louse","floor":1.0,"turns":3.0},{"damage":7.0,"enemies":"Jaw Worm","floor":3.0,"turns":3.0},{"damage":0.0,"enemies":"Small Slimes","floor":4.0,"turns":3.0},{"damage":3.0,"enemies":"Lagavulin","floor":6.0,"turns":7.0},{"damage":12.0,"enemies":"3 Sentries","floor":10.0,"turns":8.0},{"damage":8.0,"enemies":"Exordium Wildlife","floor":12.0,"turns":3.0},{"damage":28.0,"enemies":"Gremlin Nob","floor":13.0,"turns":5.0},{"damage":8.0,"enemies":"Gremlin Gang","floor":14.0,"turns":7.0},{"damage":47.0,"enemies":"Slime Boss","floor":16.0,"turns":17.0},{"damage":0.0,"enemies":"Chosen","floor":18.0,"turns":5.0},{"damage":21.0,"enemies":"2 Thieves","floor":20.0,"turns":5.0},{"damage":18.0,"enemies":"3 Cultists","floor":21.0,"turns":5.0},{"damage":7.0,"enemies":"Shelled Parasite and Fungi","floor":22.0,"turns":6.0},{"damage":2.0,"enemies":"Snecko","floor":24.0,"turns":7.0},{"damage":13.0,"enemies":"Centurion and Healer","floor":29.0,"turns":7.0},{"damage":15,"enemies":"Shelled Parasite and Fungi","floor":31,"turns":7},{"damage":2,"enemies":"Champ","floor":33,"turns":18},{"damage":20,"enemies":"3 Darklings","floor":35,"turns":4},{"damage":14,"enemies":"Orb Walker","floor":36,"turns":3},{"damage":0,"enemies":"Writhing Mass","floor":38,"turns":10},{"damage":20,"enemies":"Transient","floor":41,"turns":5},{"damage":22,"enemies":"Maw","floor":42,"turns":7},{"damage":0,"enemies":"Sphere and 2 Shapes","floor":48,"turns":6},{"damage":30,"enemies":"Time Eater","floor":50,"turns":10}],"seed_played":"1980589929681149795","potions_obtained":[{"floor":3.0,"key":"Poison Potion"},{"floor":4.0,"key":"EssenceOfSteel"},{"floor":10.0,"key":"Ancient Potion"},{"floor":13.0,"key":"Energy Potion"},{"floor":18.0,"key":"LiquidBronze"},{"floor":22.0,"key":"Weak Potion"},{"floor":29.0,"key":"Fruit Juice"},{"floor":33,"key":"Swift Potion"},{"floor":42,"key":"AttackPotion"},{"floor":45,"key":"LiquidBronze"},{"floor":45,"key":"SpeedPotion"},{"floor":45,"key":"Regen Potion"},{"floor":48,"key":"GamblersBrew"}],"is_trial":false,"path_per_floor":["M","?","M","M","?","E","?","R","T","E","R","M","E","M","R","B",null,"M","$","M","M","M","R","M","R","T","?","?","M","$","M","R","B",null,"M","M","?","M","T","R","M","M","T","R","?","$","R","M","R","B",null],"character_chosen":"DEFECT","items_purchased":["Calipers","Mummified Hand"],"campfire_rested":8,"item_purchase_floors":[19,46],"current_hp_per_floor":[74,59,52,52,27,24,42,64,64,52,74,66,38,30,52,5,72,72,72,51,33,26,47,45,45,45,45,45,32,32,22,45,43,77,57,43,43,43,43,66,46,24,24,47,47,47,70,70,70,40],"gold":39,"neow_bonus":"HUNDRED_GOLD","is_prod":false,"is_daily":false,"chose_seed":false,"campfire_upgraded":2,"win_rate":0,"timestamp":1553121017,"path_taken":["M","?","M","M","?","E","?","R","T","E","R","M","E","?","R","BOSS","M","$","M","M","?","R","M","R","T","?","?","M","$","M","R","BOSS","M","M","?","M","?","R","M","?","T","R","?","$","R","M","R","BOSS"],"build_version":"2019-01-23","purchased_purges":2,"victory":true,"max_hp_per_floor":[75,75,75,75,75,75,75,75,75,75,75,75,75,75,75,75,72,72,72,72,72,72,72,72,72,72,72,72,72,72,77,77,77,77,77,77,77,77,77,77,77,77,77,77,77,77,77,77,77,77],"card_choices":[{"not_picked":["Turbo","Hello World"],"picked":"Melter","floor":1.0},{"not_picked":["Force Field","Barrage"],"picked":"Coolheaded","floor":3.0},{"not_picked":["Beam Cell","Streamline"],"picked":"Glacier","floor":4.0},{"not_picked":["Reprogram","Melter"],"picked":"Cold Snap","floor":6.0},{"not_picked":["Ball Lightning","Streamline"],"picked":"Rebound","floor":10.0},{"not_picked":["Rebound","Leap","Scrape"],"picked":"SKIP","floor":12.0},{"not_picked":["Rainbow","Beam Cell"],"picked":"Conserve Battery","floor":13.0},{"not_picked":["Stack","Turbo","Streamline"],"picked":"Gash","floor":14.0},{"not_picked":["Amplify","Seek","Multi-Cast"],"picked":"Reboot","floor":16.0},{"not_picked":["Rebound","Ball Lightning","Stack"],"picked":"Capacitor","floor":18.0},{"not_picked":["Hello World+1","Genetic Algorithm","Rebound"],"picked":"Conserve Battery","floor":20.0},{"not_picked":["Streamline","Compile Driver","Steam"],"picked":"Defragment","floor":21.0},{"not_picked":["Rip and Tear","Beam Cell","Coolheaded"],"picked":"Static Discharge","floor":22.0},{"not_picked":["Steam Power","Stack","Undo"],"picked":"Loop","floor":24.0},{"not_picked":["Coolheaded","Cold Snap","Recycle"],"picked":"Creative AI","floor":29.0},{"not_picked":["Rebound","Lockon","Conserve Battery"],"picked":"Go for the Eyes","floor":31},{"not_picked":["Reboot","Amplify","Core Surge"],"picked":"Machine Learning","floor":33},{"not_picked":["FTL+1"],"picked":"Redo+1","floor":35},{"not_picked":["Self Repair","Beam Cell"],"picked":"SKIP","floor":36},{"not_picked":["Sweeping Beam","Rebound"],"picked":"SKIP","floor":38},{"not_picked":["Undo"],"picked":"Compile Driver+1","floor":41},{"not_picked":["Turbo"],"picked":"Double Energy","floor":42},{"not_picked":["Turbo+1","Compile Driver+1"],"picked":"SKIP","floor":48}],"player_experience":403805,"relics_obtained":[{"floor":6.0,"key":"Bottled Flame"},{"floor":9.0,"key":"Omamori"},{"floor":10.0,"key":"War Paint"},{"floor":13.0,"key":"Question Card"},{"floor":26.0,"key":"Cables"},{"floor":39,"key":"Blue Candle"},{"floor":43,"key":"Potion Belt"}],"event_choices":[{"damage_healed":0.0,"max_hp_gain":0.0,"max_hp_loss":0.0,"gold_gain":0.0,"event_name":"Shining Light","player_choice":"Entered Light","floor":2.0,"gold_loss":0.0,"damage_taken":15.0,"cards_upgraded":["Defend_B","Strike_B"]},{"damage_healed":0.0,"max_hp_gain":0.0,"max_hp_loss":0.0,"gold_gain":0.0,"event_name":"Scrap Ooze","player_choice":"Success","floor":5.0,"gold_loss":0.0,"damage_taken":25.0,"relics_obtained":["Dodecahedron"]},{"damage_healed":18.0,"max_hp_gain":0.0,"max_hp_loss":0.0,"gold_gain":0.0,"event_name":"Mushrooms","player_choice":"Healed and dodged fight","floor":7.0,"gold_loss":0.0,"damage_taken":0.0,"cards_obtained":["Parasite"]},{"cards_removed":["Defend_B"],"damage_healed":0.0,"max_hp_gain":0.0,"max_hp_loss":0.0,"gold_gain":0.0,"event_name":"Back to Basics","player_choice":"Elegance","floor":27.0,"gold_loss":0.0,"damage_taken":0.0},{"damage_healed":0.0,"max_hp_gain":0.0,"max_hp_loss":0.0,"gold_gain":0.0,"event_name":"Cursed Tome","player_choice":"Ignored","floor":28.0,"gold_loss":0.0,"damage_taken":0.0},{"damage_healed":0,"gold_gain":0,"player_choice":"Ignored","damage_taken":0,"max_hp_gain":0,"max_hp_loss":0,"event_name":"Mysterious Sphere","floor":37,"gold_loss":0},{"damage_healed":0,"gold_gain":0,"player_choice":"Got Potions","damage_taken":0,"max_hp_gain":0,"max_hp_loss":0,"event_name":"Lab","floor":45,"gold_loss":0}],"is_beta":false,"boss_relics":[{"not_picked":["Velvet Choker","Coffee Dripper"],"picked":"Astrolabe"},{"not_picked":["Fusion Hammer","Runic Dome"],"picked":"Busted Crown"}],"items_purged_floors":[19,30],"is_endless":false,"potions_floor_spawned":[3,4,10,13,18,22,29,33,42,48],"ascension_level":4}