{"gold_per_floor":[117,117,16,41,41,41,57,57,57,57,76,89,89,104,104,195,195,215,233,158,173,173,173,123,136,136,161,161],"floor_reached":28,"playtime":591,"items_purged":["Strike_G"],"score":424,"play_id":"0097f818-5161-4986-a0cc-3d1d909a84bd","local_time":"20190319012236","is_ascension_mode":true,"campfire_choices":[{"data":"Poisoned Stab","floor":6,"key":"SMITH"},{"data":"Quick Slash","floor":8,"key":"SMITH"},{"data":"Backstab","floor":10,"key":"SMITH"},{"data":"Calculated Gamble","floor":15,"key":"SMITH"},{"data":"Concentrate","floor":23,"key":"SMITH"}],"neow_cost":"NONE","seed_source_timestamp":437236120971500,"circlet_count":0,"master_deck":["AscendersBane","Defend_G","Defend_G","Defend_G","Defend_G","Strike_G","Strike_G","Strike_G","Survivor","Neutralize+1","Eviscerate","Poisoned Stab+1","Quick Slash+1","Backstab+1","Noxious Fumes","Calculated Gamble+1","Concentrate+1","Backflip","Adrenaline","Dash+1","Deadly Poison+1","All Out Attack+1","Dodge and Roll"],"special_seed":0,"relics":["Ring of the Snake","NeowsBlessing","Golden Idol","Ornamental Fan","White Beast Statue","Letter Opener"],"potions_floor_usage":[18,19,21,25,27,28],"damage_taken":[{"damage":0,"enemies":"Jaw Worm","floor":1,"turns":1},{"damage":0,"enemies":"2 Louse","floor":4,"turns":1},{"damage":0,"enemies":"Cultist","floor":7,"turns":1},{"damage":0,"enemies":"2 Fungi Beasts","floor":11,"turns":2},{"damage":0,"enemies":"Exordium Wildlife","floor":12,"turns":2},{"damage":1,"enemies":"Looter","floor":14,"turns":3},{"damage":9,"enemies":"The Guardian","floor":16,"turns":11},{"damage":5,"enemies":"2 Thieves","floor":18,"turns":4},{"damage":0,"enemies":"Shell Parasite","floor":19,"turns":3},{"damage":38,"enemies":"Shelled Parasite and Fungi","floor":21,"turns":5},{"damage":12,"enemies":"Cultist and Chosen","floor":25,"turns":5},{"damage":6,"enemies":"3 Cultists","floor":27,"turns":4},{"damage":26,"enemies":"Gremlin Leader","floor":28,"turns":4}],"seed_played":"2793697581772802984","potions_obtained":[{"floor":1,"key":"GamblersBrew"},{"floor":16,"key":"Regen Potion"},{"floor":18,"key":"Energy Potion"},{"floor":19,"key":"Regen Potion"},{"floor":21,"key":"Swift Potion"},{"floor":25,"key":"Energy Potion"},{"floor":27,"key":"SteroidPotion"}],"is_trial":false,"path_per_floor":["M","?","$","M","?","R","M","R","T","R","M","M","?","M","R","B",null,"M","M","?","M","?","R","?","M","T","M","E"],"character_chosen":"THE_SILENT","items_purchased":["Poisoned Stab"],"campfire_rested":0,"item_purchase_floors":[3],"current_hp_per_floor":[59,36,36,36,36,36,36,36,36,36,36,36,36,35,35,26,56,63,63,63,39,39,39,39,27,27,21,0],"gold":161,"neow_bonus":"THREE_ENEMY_KILL","is_prod":false,"is_daily":false,"chose_seed":false,"campfire_upgraded":5,"win_rate":0,"timestamp":1552926156,"path_taken":["M","?","$","M","?","R","M","R","T","R","M","?","?","M","R","BOSS","M","M","?","M","?","R","?","M","T","?","E"],"build_version":"2019-01-23","purchased_purges":1,"victory":false,"max_hp_per_floor":[66,66,66,66,66,66,66,66,66,66,66,66,66,66,66,66,66,66,66,66,66,66,66,66,66,66,66,66],"card_choices":[{"not_picked":["Flechettes","Slice"],"picked":"Eviscerate","floor":1},{"not_picked":["Cloak And Dagger","Sucker Punch"],"picked":"Quick Slash","floor":4},{"not_picked":["Deadly Poison","Distraction"],"picked":"Backstab","floor":7},{"not_picked":["Sucker Punch","Bane"],"picked":"Noxious Fumes","floor":11},{"not_picked":["Acrobatics","Prepared"],"picked":"Calculated Gamble","floor":12},{"not_picked":["Finisher","Bane"],"picked":"Backflip","floor":14},{"not_picked":["Bullet Time","After Image"],"picked":"Adrenaline","floor":16},{"not_picked":["Well Laid Plans","Backflip"],"picked":"Dash+1","floor":18},{"not_picked":["Setup","Poisoned Stab"],"picked":"Deadly Poison+1","floor":19},{"not_picked":["All Out Attack+1","Poisoned Stab","Flying Knee"],"picked":"SKIP","floor":21},{"not_picked":["Poisoned Stab","Flying Knee"],"picked":"All Out Attack+1","floor":21},{"not_picked":["Predator","Slice"],"picked":"Dodge and Roll","floor":25},{"not_picked":["Distraction","Flechettes","Quick Slash"],"picked":"SKIP","floor":27}],"player_experience":4565371,"relics_obtained":[{"floor":9,"key":"Ornamental Fan"},{"floor":26,"key":"Letter Opener"}],"event_choices":[{"damage_healed":0,"gold_gain":0,"player_choice":"Take Damage","damage_taken":23,"relics_obtained":["Golden Idol"],"max_hp_gain":0,"max_hp_loss":0,"event_name":"Golden Idol","floor":2,"gold_loss":0},{"damage_healed":0,"gold_gain":0,"player_choice":"Upgraded","damage_taken":0,"max_hp_gain":0,"max_hp_loss":0,"event_name":"Upgrade Shrine","floor":5,"gold_loss":0,"cards_upgraded":["Neutralize"]},{"damage_healed":0,"gold_gain":0,"cards_transformed":["Strike_G"],"player_choice":"Change","damage_taken":0,"max_hp_gain":0,"max_hp_loss":0,"event_name":"Living Wall","floor":13,"gold_loss":0,"cards_obtained":["Concentrate"]},{"cards_removed":["Defend_G"],"damage_healed":0,"gold_gain":0,"player_choice":"Gave Gold","damage_taken":0,"max_hp_gain":0,"max_hp_loss":0,"event_name":"Beggar","floor":20,"gold_loss":75},{"damage_healed":0,"gold_gain":0,"player_choice":"Ignored","damage_taken":0,"max_hp_gain":0,"max_hp_loss":0,"event_name":"The Mausoleum","floor":22,"gold_loss":0},{"damage_healed":0,"gold_gain":0,"player_choice":"Bet on Murderer","damage_taken":0,"max_hp_gain":0,"max_hp_loss":0,"event_name":"The Joust","floor":24,"gold_loss":50}],"is_beta":false,"boss_relics":[{"not_picked":["Fusion Hammer","Runic Dome"],"picked":"White Beast Statue"}],"items_purged_floors":[3],"is_endless":false,"potions_floor_spawned":[1,16,18,19,21,25,27],"killed_by":"Gremlin Leader","ascension_level":20}