{"gold_per_floor":[119,132,48,48,48,48,48,61,61,25,39,39,52,77,77,151,151,168,168,185,204,204,204,234,234],"floor_reached":25,"playtime":895,"items_purged":[],"score":492,"play_id":"9a55568d-4e35-4876-bb5a-6f9ca48c50ff","local_time":"20190318012610","is_ascension_mode":true,"campfire_choices":[{"data":"Bash","floor":6,"key":"SMITH"},{"data":"Demon Form","floor":12,"key":"SMITH"},{"data":"Heavy Blade","floor":15,"key":"SMITH"},{"floor":23,"key":"REST"}],"neow_cost":"PERCENT_DAMAGE","seed_source_timestamp":937780738079117,"circlet_count":0,"master_deck":["AscendersBane","Strike_R+1","Strike_R+1","Strike_R+1","Strike_R+1","Defend_R+1","Defend_R+1","Defend_R+1","Defend_R+1","Bash+1","Clothesline","Evolve","Demon Form+1","Shockwave","Heavy Blade+1","Seeing Red","Reaper","Warcry","Shrug It Off","Decay","Shockwave"],"relics":["Burning Blood","Peace Pipe","PreservedInsect","Velvet Choker","StoneCalendar"],"potions_floor_usage":[8,8,11,14,16,20,24],"damage_taken":[{"damage":0,"enemies":"2 Louse","floor":1,"turns":2},{"damage":4,"enemies":"Cultist","floor":2,"turns":4},{"damage":4,"enemies":"Small Slimes","floor":8,"turns":3},{"damage":6,"enemies":"Red Slaver","floor":11,"turns":3},{"damage":28,"enemies":"Large Slime","floor":13,"turns":6},{"damage":3,"enemies":"Lagavulin","floor":14,"turns":5},{"damage":28,"enemies":"Slime Boss","floor":16,"turns":4},{"damage":66,"enemies":"3 Byrds","floor":18,"turns":6},{"damage":13,"enemies":"Shell Parasite","floor":20,"turns":5},{"damage":39,"enemies":"Shelled Parasite and Fungi","floor":21,"turns":5},{"damage":32,"enemies":"Gremlin Leader","floor":24,"turns":7},{"damage":27,"enemies":"Snecko","floor":25,"turns":4}],"seed_played":"-5554390020108134535","potions_obtained":[{"floor":2,"key":"Explosive Potion"},{"floor":7,"key":"EntropicBrew"},{"floor":8,"key":"SteroidPotion"},{"floor":11,"key":"Poison Potion"},{"floor":18,"key":"Fire Potion"},{"floor":20,"key":"LiquidBronze"},{"floor":24,"key":"Poison Potion"}],"is_trial":false,"path_per_floor":["M","M","$","?","$","R","?","M","T","$","M","R","M","E","R","B",null,"M","?","M","M","?","R","E","M"],"character_chosen":"IRONCLAD","items_purchased":["Evolve","Shockwave"],"campfire_rested":1,"item_purchase_floors":[3,10],"current_hp_per_floor":[56,58,58,58,58,58,58,60,60,60,60,60,38,41,41,19,61,22,22,34,21,21,43,17,0],"gold":234,"neow_bonus":"ONE_RARE_RELIC","is_prod":false,"is_daily":false,"chose_seed":false,"campfire_upgraded":3,"win_rate":0,"timestamp":1552839970,"path_taken":["M","M","$","?","?","R","?","M","T","$","M","R","M","E","R","BOSS","M","?","M","M","?","R","E","M"],"build_version":"2019-01-23","purchased_purges":0,"victory":false,"max_hp_per_floor":[75,75,75,75,75,75,75,75,75,75,75,75,75,75,75,75,75,75,75,75,75,75,75,75,75],"card_choices":[{"not_picked":["Twin Strike","Anger"],"picked":"Clothesline","floor":1},{"not_picked":["Heavy Blade","Dropkick","Rampage"],"picked":"SKIP","floor":2},{"not_picked":["Warcry","Dropkick"],"picked":"Demon Form","floor":8},{"not_picked":["Headbutt","Pummel","Twin Strike"],"picked":"SKIP","floor":11},{"not_picked":["Clash","Carnage"],"picked":"Heavy Blade","floor":13},{"not_picked":["Twin Strike","Corruption"],"picked":"Seeing Red","floor":14},{"not_picked":["Impervious","Dark Embrace"],"picked":"Reaper","floor":16},{"not_picked":["Thunderclap","Wild Strike","Perfected Strike"],"picked":"SKIP","floor":18},{"not_picked":["Armaments+1","Headbutt"],"picked":"Warcry","floor":20},{"not_picked":["Body Slam","Armaments"],"picked":"Shrug It Off","floor":21},{"not_picked":["Warcry","Disarm+1"],"picked":"Shockwave","floor":24}],"player_experience":728727,"relics_obtained":[{"floor":14,"key":"PreservedInsect"},{"floor":24,"key":"StoneCalendar"}],"event_choices":[{"cards_removed":["Strike_R"],"damage_healed":0,"gold_gain":0,"player_choice":"Purged","damage_taken":0,"max_hp_gain":0,"max_hp_loss":0,"event_name":"Purifier","floor":4,"gold_loss":0},{"damage_healed":0,"gold_gain":0,"player_choice":"Got Potions","damage_taken":0,"max_hp_gain":0,"max_hp_loss":0,"event_name":"Lab","floor":7,"gold_loss":0},{"damage_healed":0,"gold_gain":0,"player_choice":"Simplicity","damage_taken":0,"max_hp_gain":0,"max_hp_loss":0,"event_name":"Back to Basics","floor":19,"gold_loss":0,"cards_upgraded":["Strike_R","Strike_R","Strike_R","Strike_R","Defend_R","Defend_R","Defend_R","Defend_R"]},{"damage_healed":0,"gold_gain":0,"player_choice":"Smashed Altar","damage_taken":0,"max_hp_gain":0,"max_hp_loss":0,"event_name":"Forgotten Altar","floor":22,"gold_loss":0,"cards_obtained":["Decay"]}],"is_beta":false,"boss_relics":[{"not_picked":["Pandora\u0027s Box","Runic Pyramid"],"picked":"Velvet Choker"}],"items_purged_floors":[],"is_endless":false,"potions_floor_spawned":[2,8,11,18,20,24],"killed_by":"Snecko","ascension_level":20}