{"gold_per_floor":[216,232,157,169,119,119,134,151,177,177,177,177,194,94,94,190,190,200,200,200,145,20,20,33,48,48,48,48,62,62,77,77,174,174,193,211,229,79,79,112,112,112,112,112,112,127,127,127,127,127],"floor_reached":51,"playtime":2045,"items_purged":["Strike_R","Strike_R","Strike_R","Defend_R"],"score":765,"play_id":"21acc554-0c4a-4cfd-bd57-d0a4d89c03bd","local_time":"20190223031116","is_ascension_mode":false,"campfire_choices":[{"data":"Anger","floor":6,"key":"SMITH"},{"data":"Bash","floor":11,"key":"SMITH"},{"floor":15,"key":"REST"},{"data":"J.A.X.","floor":23,"key":"SMITH"},{"data":"Double Tap","floor":30,"key":"SMITH"},{"floor":32,"key":"REST"},{"data":"Burning Pact","floor":41,"key":"SMITH"},{"data":"Defend_R","floor":44,"key":"SMITH"},{"floor":49,"key":"REST"}],"neow_cost":"NONE","seed_source_timestamp":4992467250400,"circlet_count":0,"master_deck":["Strike_R+1","Defend_R+1","Defend_R+1","Bash+1","Anger+1","Double Tap+1","J.A.X.+1","Burning Pact+1"],"relics":["Black Blood","Bronze Scales","Centennial Puzzle","Runic Pyramid","Tiny Chest","Mummified Hand","Self Forming Clay","Art of War","Red Skull","Pear","Bottled Flame"],"potions_floor_usage":[16,16,33,33,35,40,40,40,40],"damage_taken":[{"damage":6,"enemies":"Cultist","floor":1,"turns":3},{"damage":0,"enemies":"2 Louse","floor":2,"turns":2},{"damage":11,"enemies":"Jaw Worm","floor":4,"turns":2},{"damage":13,"enemies":"2 Fungi Beasts","floor":7,"turns":3},{"damage":10,"enemies":"Looter","floor":8,"turns":3},{"damage":5,"enemies":"Exordium Wildlife","floor":13,"turns":4},{"damage":22,"enemies":"Slime Boss","floor":16,"turns":8},{"damage":5,"enemies":"3 Byrds","floor":18,"turns":4},{"damage":18,"enemies":"2 Thieves","floor":24,"turns":3},{"damage":15,"enemies":"3 Cultists","floor":25,"turns":3},{"damage":16,"enemies":"Shelled Parasite and Fungi","floor":29,"turns":3},{"damage":8,"enemies":"Cultist and Chosen","floor":31,"turns":3},{"damage":14,"enemies":"Collector","floor":33,"turns":4},{"damage":18,"enemies":"3 Darklings","floor":35,"turns":4},{"damage":5,"enemies":"Orb Walker","floor":36,"turns":2},{"damage":12,"enemies":"Transient","floor":37,"turns":5},{"damage":33,"enemies":"Nemesis","floor":40,"turns":3},{"damage":11,"enemies":"Maw","floor":46,"turns":3},{"damage":74,"enemies":"Donu and Deca","floor":50,"turns":7}],"seed_played":"1405129317204930922","potions_obtained":[{"floor":2,"key":"AttackPotion"},{"floor":7,"key":"EssenceOfSteel"},{"floor":8,"key":"Explosive Potion"},{"floor":13,"key":"SteroidPotion"},{"floor":25,"key":"Weak Potion"},{"floor":31,"key":"Swift Potion"},{"floor":33,"key":"Dexterity Potion"},{"floor":35,"key":"EntropicBrew"},{"floor":36,"key":"Energy Potion"}],"is_trial":false,"path_per_floor":["M","M","$","M","?","R","M","M","T","?","R","?","M","$","R","B",null,"M","?","?","?","$","R","M","M","T","T","$","M","R","M","R","B",null,"M","M","M","$","T","E","R","T","T","R","$","M","?","$","R","B",null],"character_chosen":"IRONCLAD","items_purchased":[],"campfire_rested":3,"item_purchase_floors":[],"current_hp_per_floor":[80,80,80,75,75,75,68,64,64,46,46,30,31,31,55,39,80,80,80,80,80,80,80,68,59,59,59,59,49,49,47,71,63,80,72,77,75,75,75,57,57,67,67,67,67,66,66,66,90,26],"gold":127,"neow_bonus":"HUNDRED_GOLD","is_prod":false,"is_daily":false,"chose_seed":false,"campfire_upgraded":6,"win_rate":0,"timestamp":1550887876,"path_taken":["M","?","$","M","?","R","M","M","T","?","R","?","M","?","R","BOSS","M","?","?","?","$","R","M","M","T","?","$","?","R","M","R","BOSS","M","M","M","$","?","E","R","?","T","R","$","M","?","?","R","BOSS"],"build_version":"2019-01-23","purchased_purges":4,"victory":true,"max_hp_per_floor":[80,80,80,80,80,80,80,80,80,80,80,80,80,80,80,80,80,80,80,80,80,80,80,80,80,80,80,80,80,80,80,80,80,80,80,80,80,80,80,80,80,90,90,90,90,90,90,90,90,90],"card_choices":[{"not_picked":["Sword Boomerang","Twin Strike","Iron Wave"],"picked":"SKIP","floor":1},{"not_picked":["Combust","Feel No Pain"],"picked":"Anger","floor":2},{"not_picked":["Wild Strike","Power Through","Thunderclap"],"picked":"SKIP","floor":4},{"not_picked":["Sever Soul","Body Slam","Uppercut"],"picked":"SKIP","floor":7},{"not_picked":["Flex","Entrench","Armaments"],"picked":"SKIP","floor":8},{"not_picked":["Offering","Sword Boomerang","Combust"],"picked":"SKIP","floor":13},{"not_picked":["Dark Embrace","Offering"],"picked":"Double Tap","floor":16},{"not_picked":["Iron Wave","Armaments","Cleave"],"picked":"SKIP","floor":18},{"not_picked":["Perfected Strike","Shrug It Off"],"picked":"Burning Pact","floor":24},{"not_picked":["Pommel Strike","Fire Breathing","Searing Blow"],"picked":"SKIP","floor":25},{"not_picked":["Perfected Strike","Warcry","Disarm+1"],"picked":"SKIP","floor":29},{"not_picked":["Second Wind+1","Cleave","Iron Wave"],"picked":"SKIP","floor":31},{"not_picked":["Feel No Pain+1","Battle Trance+1","Pommel Strike+1"],"picked":"SKIP","floor":35},{"not_picked":["Iron Wave","Inflame+1","Havoc"],"picked":"SKIP","floor":36},{"not_picked":["Body Slam+1","Iron Wave+1","Warcry+1"],"picked":"SKIP","floor":37},{"not_picked":["True Grit+1","Blood for Blood","Pommel Strike"],"picked":"SKIP","floor":40},{"not_picked":["Entrench","Body Slam","Warcry+1"],"picked":"SKIP","floor":46}],"player_experience":367273,"relics_obtained":[{"floor":9,"key":"Bronze Scales"},{"floor":26,"key":"Mummified Hand"},{"floor":27,"key":"Self Forming Clay"},{"floor":39,"key":"Art of War"},{"floor":40,"key":"Red Skull"},{"floor":42,"key":"Pear"},{"floor":43,"key":"Bottled Flame"}],"event_choices":[{"cards_removed":["Strike_R"],"damage_healed":0,"gold_gain":0,"player_choice":"Card Removal","damage_taken":0,"max_hp_gain":0,"max_hp_loss":0,"event_name":"The Cleric","floor":5,"gold_loss":50},{"damage_healed":0,"gold_gain":0,"player_choice":"Success","damage_taken":18,"relics_obtained":["Centennial Puzzle"],"max_hp_gain":0,"max_hp_loss":0,"event_name":"Scrap Ooze","floor":10,"gold_loss":0},{"damage_healed":0,"gold_gain":0,"player_choice":"Entered Light","damage_taken":16,"max_hp_gain":0,"max_hp_loss":0,"event_name":"Shining Light","floor":12,"gold_loss":0,"cards_upgraded":["Defend_R","Strike_R"]},{"cards_removed":["Defend_R"],"damage_healed":0,"gold_gain":0,"player_choice":"Elegance","damage_taken":0,"max_hp_gain":0,"max_hp_loss":0,"event_name":"Back to Basics","floor":19,"gold_loss":0},{"damage_healed":0,"gold_gain":0,"player_choice":"Obtain J.A.X.","damage_taken":0,"max_hp_gain":0,"max_hp_loss":0,"event_name":"Drug Dealer","floor":20,"gold_loss":0,"cards_obtained":["J.A.X."]},{"damage_healed":0,"gold_gain":0,"player_choice":"Obtained Relic","damage_taken":0,"relics_obtained":["Tiny Chest"],"max_hp_gain":0,"max_hp_loss":0,"event_name":"Addict","floor":21,"gold_loss":85},{"damage_healed":0,"gold_gain":0,"player_choice":"Ignored","damage_taken":0,"max_hp_gain":0,"max_hp_loss":0,"event_name":"Mysterious Sphere","floor":47,"gold_loss":0}],"is_beta":false,"boss_relics":[{"not_picked":["Fusion Hammer","Cursed Key"],"picked":"Runic Pyramid"},{"not_picked":["Orrery","Black Star"],"picked":"Black Blood"}],"items_purged_floors":[3,14,22,38],"is_endless":false,"potions_floor_spawned":[2,7,8,13,25,31,33,35,36],"ascension_level":0}