{"gold_per_floor":[19,38,3,13,13,13,25,25,25,50,76,109,46,121,121,121],"floor_reached":16,"playtime":454,"items_purged":["Strike_R"],"score":92,"play_id":"b514dd3a-d820-4d6b-b4c5-233b6b43e313","local_time":"20190223023645","is_ascension_mode":false,"campfire_choices":[{"data":"Heavy Blade","floor":6,"key":"SMITH"},{"data":"Bash","floor":15,"key":"SMITH"}],"neow_cost":"NO_GOLD","seed_source_timestamp":4526079920400,"circlet_count":0,"master_deck":["Strike_R","Strike_R","Strike_R","Defend_R","Defend_R","Defend_R","Bash+1","Heavy Blade+1"],"relics":["Burning Blood","Golden Idol","Oddly Smooth Stone","MawBank"],"potions_floor_usage":[7,11],"damage_taken":[{"damage":9,"enemies":"2 Louse","floor":1,"turns":3},{"damage":13,"enemies":"Jaw Worm","floor":2,"turns":3},{"damage":7,"enemies":"Small Slimes","floor":4,"turns":3},{"damage":10,"enemies":"Looter","floor":7,"turns":2},{"damage":10,"enemies":"Gremlin Gang","floor":11,"turns":5},{"damage":15,"enemies":"Red Slaver","floor":12,"turns":4},{"damage":59,"enemies":"The Guardian","floor":16,"turns":11}],"seed_played":"-7997871917913980572","potions_obtained":[{"floor":2,"key":"Fire Potion"},{"floor":4,"key":"FearPotion"},{"floor":11,"key":"SteroidPotion"}],"is_trial":false,"path_per_floor":["M","M","?","M","?","R","M","?","T","T","M","M","$","?","R","B"],"character_chosen":"IRONCLAD","items_purchased":[],"campfire_rested":0,"item_purchase_floors":[],"current_hp_per_floor":[77,70,80,79,84,84,80,79,79,79,75,66,66,55,55,0],"gold":121,"neow_bonus":"REMOVE_TWO","is_prod":false,"is_daily":false,"chose_seed":false,"campfire_upgraded":2,"win_rate":0,"timestamp":1550885805,"path_taken":["M","M","?","M","?","R","M","?","T","?","?","M","?","?","R","BOSS"],"build_version":"2019-01-23","purchased_purges":1,"victory":false,"max_hp_per_floor":[80,80,80,80,85,85,85,79,79,79,79,79,79,79,79,79],"card_choices":[{"not_picked":["Warcry","Metallicize","Flex"],"picked":"SKIP","floor":1},{"not_picked":["Havoc","Pommel Strike","Body Slam"],"picked":"SKIP","floor":2},{"not_picked":["True Grit","Iron Wave"],"picked":"Heavy Blade","floor":4},{"not_picked":["Twin Strike","Hemokinesis","Uppercut"],"picked":"SKIP","floor":7},{"not_picked":["Rage","Clash","Disarm"],"picked":"SKIP","floor":11},{"not_picked":["Perfected Strike","Cleave","Havoc"],"picked":"SKIP","floor":12}],"player_experience":366819,"relics_obtained":[{"floor":9,"key":"Oddly Smooth Stone"},{"floor":10,"key":"MawBank"}],"event_choices":[{"damage_healed":20,"gold_gain":0,"player_choice":"Healed","damage_taken":0,"max_hp_gain":0,"max_hp_loss":0,"event_name":"The Cleric","floor":3,"gold_loss":35},{"damage_healed":0,"gold_gain":0,"player_choice":"Donut","damage_taken":0,"max_hp_gain":5,"max_hp_loss":0,"event_name":"Big Fish","floor":5,"gold_loss":0},{"damage_healed":0,"gold_gain":0,"player_choice":"Lose Max HP","damage_taken":0,"relics_obtained":["Golden Idol"],"max_hp_gain":0,"max_hp_loss":6,"event_name":"Golden Idol","floor":8,"gold_loss":0},{"damage_healed":0,"gold_gain":75,"player_choice":"Gather Gold","damage_taken":11,"max_hp_gain":0,"max_hp_loss":0,"event_name":"World of Goop","floor":14,"gold_loss":0}],"is_beta":false,"boss_relics":[],"items_purged_floors":[13],"is_endless":false,"potions_floor_spawned":[2,4,11],"killed_by":"The Guardian","ascension_level":0}