{"gold_per_floor":[112,187,187,202,51,51,71,86,86,86,86,86,100,100,100,196,196,221,221,146,156,0,0,16,16],"floor_reached":25,"playtime":1030,"items_purged":["Strike_B"],"score":382,"play_id":"fa41aa1f-6f1e-4dd9-9a38-d77954115021","local_time":"20190322220249","is_ascension_mode":true,"campfire_choices":[{"data":"Defragment","floor":6.0,"key":"SMITH"},{"data":"Sunder","floor":10.0,"key":"SMITH"},{"floor":12.0,"key":"REST"},{"data":"Capacitor","floor":15.0,"key":"SMITH"},{"floor":23.0,"key":"REST"}],"neow_cost":"NONE","seed_source_timestamp":16691220692424,"circlet_count":0,"master_deck":["AscendersBane","Strike_B","Strike_B","Strike_B","Defend_B","Defend_B","Defend_B","Defend_B","Zap","Dualcast","Gash","Tempest+1","Defragment+1","BootSequence","Sunder+1","Capacitor+1","Creative AI","White Noise","Coolheaded"],"special_seed":0,"relics":["Cracked Core","Darkstone Periapt","Calipers","Bloody Idol","Nuclear Battery"],"potions_floor_usage":[25],"damage_taken":[{"damage":4.0,"enemies":"Jaw Worm","floor":1.0,"turns":4.0},{"damage":0.0,"enemies":"Cultist","floor":4.0,"turns":3.0},{"damage":7.0,"enemies":"Small Slimes","floor":7.0,"turns":3.0},{"damage":0.0,"enemies":"3 Louse","floor":8.0,"turns":2.0},{"damage":3.0,"enemies":"Blue Slaver","floor":13.0,"turns":2.0},{"damage":42.0,"enemies":"The Guardian","floor":16.0,"turns":12.0},{"damage":23.0,"enemies":"2 Thieves","floor":18.0,"turns":3.0},{"damage":38.0,"enemies":"Shell Parasite","floor":21.0,"turns":5.0},{"damage":6.0,"enemies":"Centurion and Healer","floor":24.0,"turns":5.0},{"damage":43,"enemies":"Shelled Parasite and Fungi","floor":25,"turns":3}],"seed_played":"-8552106519420860374","potions_obtained":[{"floor":1.0,"key":"SkillPotion"},{"floor":7.0,"key":"SpeedPotion"},{"floor":8.0,"key":"Block Potion"},{"floor":16.0,"key":"SpeedPotion"},{"floor":18.0,"key":"Poison Potion"},{"floor":24.0,"key":"EssenceOfSteel"}],"is_trial":false,"path_per_floor":["M","?","?","M","$","R","M","M","T","R","?","R","M","?","R","B",null,"M","?","?","M","?","R","M","M"],"character_chosen":"DEFECT","items_purchased":["BootSequence"],"campfire_rested":2,"item_purchase_floors":[5],"current_hp_per_floor":[60,49,49,49,49,49,42,42,42,42,37,58,55,61,61,19,63,40,40,40,7,7,30,29,0],"gold":16,"neow_bonus":"THREE_CARDS","is_prod":false,"is_daily":false,"chose_seed":false,"campfire_upgraded":3,"win_rate":0,"timestamp":1553306569,"path_taken":["M","?","?","M","$","R","?","M","T","R","?","R","M","?","R","BOSS","M","?","?","M","?","R","M","M"],"build_version":"2019-01-23","purchased_purges":1,"victory":false,"max_hp_per_floor":[71,71,71,71,71,71,71,71,71,71,71,71,71,77,77,77,77,77,77,77,77,77,77,77,77],"card_choices":[{"not_picked":["Conserve Battery","Streamline"],"picked":"Gash","floor":0.0},{"not_picked":["Turbo","Static Discharge"],"picked":"Tempest","floor":1.0},{"not_picked":["Auto Shields","Rip and Tear"],"picked":"Defragment","floor":4.0},{"not_picked":["Static Discharge","Force Field"],"picked":"Sunder","floor":7.0},{"not_picked":["Ball Lightning","Steam","Lockon"],"picked":"SKIP","floor":8.0},{"not_picked":["Redo","Static Discharge"],"picked":"Capacitor","floor":13.0},{"not_picked":["Amplify","Fission"],"picked":"Creative AI","floor":16.0},{"not_picked":["Skim","Conserve Battery"],"picked":"White Noise","floor":18.0},{"not_picked":["Go for the Eyes","Beam Cell"],"picked":"Coolheaded","floor":21.0},{"not_picked":["Scrape","Reprogram","Turbo"],"picked":"SKIP","floor":24.0}],"player_experience":563977,"relics_obtained":[{"floor":9.0,"key":"Darkstone Periapt"}],"event_choices":[{"damage_healed":0.0,"max_hp_gain":0.0,"max_hp_loss":0.0,"gold_gain":75.0,"event_name":"World of Goop","player_choice":"Gather Gold","floor":2.0,"gold_loss":0.0,"damage_taken":11.0},{"damage_healed":0.0,"max_hp_gain":0.0,"max_hp_loss":0.0,"gold_gain":0.0,"event_name":"Upgrade Shrine","player_choice":"Upgraded","floor":3.0,"gold_loss":0.0,"damage_taken":0.0,"cards_upgraded":["Tempest"]},{"damage_healed":0.0,"max_hp_gain":0.0,"max_hp_loss":0.0,"gold_gain":0.0,"event_name":"Scrap Ooze","player_choice":"Success","floor":11.0,"gold_loss":0.0,"damage_taken":5.0,"relics_obtained":["Calipers"]},{"damage_healed":0.0,"max_hp_gain":0.0,"max_hp_loss":0.0,"gold_gain":0.0,"event_name":"Golden Idol","player_choice":"Take Wound","floor":14.0,"gold_loss":0.0,"damage_taken":0.0,"relics_obtained":["Golden Idol"],"cards_obtained":["Injury"]},{"damage_healed":0.0,"max_hp_gain":0.0,"max_hp_loss":0.0,"gold_gain":0.0,"event_name":"Forgotten Altar","player_choice":"Gave Idol","floor":19.0,"relics_lost":["Golden Idol"],"gold_loss":0.0,"damage_taken":0.0,"relics_obtained":["Bloody Idol"]},{"cards_removed":["Injury"],"damage_healed":0.0,"max_hp_gain":0.0,"max_hp_loss":0.0,"gold_gain":0.0,"event_name":"Beggar","player_choice":"Gave Gold","floor":20.0,"gold_loss":75.0,"damage_taken":0.0},{"damage_healed":0.0,"max_hp_gain":0.0,"max_hp_loss":0.0,"gold_gain":0.0,"event_name":"Masked Bandits","player_choice":"Paid Fearfully","floor":22.0,"gold_loss":156.0,"damage_taken":0.0}],"is_beta":false,"boss_relics":[{"not_picked":["Ectoplasm","Runic Dome"],"picked":"Nuclear Battery"}],"items_purged_floors":[5],"is_endless":false,"potions_floor_spawned":[1,7,8,16,18,24],"killed_by":"Shelled Parasite and Fungi","ascension_level":20}