{"gold_per_floor":[113,113,188,44,44,44,79,93,93,113,129,152,166,180,180,180],"floor_reached":16,"playtime":479,"items_purged":["Defend_B"],"score":159,"play_id":"397de4e8-b370-4242-a9db-13b53c610895","local_time":"20190106203544","is_ascension_mode":true,"campfire_choices":[{"data":"Capacitor","floor":6.0,"key":"SMITH"},{"floor":15.0,"key":"REST"}],"neow_cost":"NONE","seed_source_timestamp":1379194934582213,"circlet_count":0,"master_deck":["Strike_B","Strike_B","Strike_B","Defend_B","Defend_B","Defend_B","Zap","Dualcast","Sweeping Beam","Capacitor+1","Doom and Gloom","Barrage","Hologram","Cold Snap","Double Energy"],"special_seed":0,"relics":["Cracked Core","NeowsBlessing","Golden Idol","Matryoshka","Potion Belt","Gremlin Horn","Mummified Hand"],"potions_floor_usage":[16],"damage_taken":[{"damage":0.0,"enemies":"Jaw Worm","floor":1.0,"turns":1.0},{"damage":0.0,"enemies":"3 Sentries","floor":7.0,"turns":1.0},{"damage":0.0,"enemies":"Small Slimes","floor":8.0,"turns":1.0},{"damage":9.0,"enemies":"2 Louse","floor":10.0,"turns":2.0},{"damage":10.0,"enemies":"Looter","floor":11.0,"turns":4.0},{"damage":6.0,"enemies":"Lots of Slimes","floor":13.0,"turns":2.0},{"damage":8.0,"enemies":"3 Louse","floor":14.0,"turns":2.0},{"damage":31,"enemies":"The Guardian","floor":16,"turns":7}],"seed_played":"-7002392527099845436","potions_obtained":[{"floor":1.0,"key":"EssenceOfSteel"},{"floor":8.0,"key":"Dexterity Potion"},{"floor":14.0,"key":"Poison Potion"}],"is_trial":false,"path_per_floor":["M","?","?","$","?","R","E","M","T","M","M","T","M","M","R","B"],"character_chosen":"DEFECT","items_purchased":["Capacitor"],"campfire_rested":1,"item_purchase_floors":[4],"current_hp_per_floor":[75,68,57,57,39,39,39,39,39,30,20,20,14,6,28,0],"gold":180,"neow_bonus":"THREE_ENEMY_KILL","is_prod":false,"is_daily":false,"chose_seed":false,"campfire_upgraded":1,"win_rate":0,"timestamp":1546824944,"path_taken":["M","?","?","$","?","R","E","M","T","M","M","?","M","M","R","BOSS"],"build_version":"2019-01-03v4","purchased_purges":1,"victory":false,"max_hp_per_floor":[75,75,75,75,75,75,75,75,75,75,75,75,75,75,75,75],"card_choices":[{"not_picked":["Recycle","Steam"],"picked":"Sweeping Beam","floor":1.0},{"not_picked":["Gash","Seek"],"picked":"Doom and Gloom","floor":7.0},{"not_picked":["Rip and Tear","Steam"],"picked":"Barrage","floor":8.0},{"not_picked":["Hello World","Ball Lightning"],"picked":"Hologram","floor":10.0},{"not_picked":["Streamline","Stack"],"picked":"Cold Snap","floor":11.0},{"not_picked":["Streamline","Turbo","Rebound"],"picked":"SKIP","floor":13.0},{"not_picked":["Stack","Steam"],"picked":"Double Energy","floor":14.0}],"player_experience":310080,"relics_obtained":[{"floor":7.0,"key":"Matryoshka"},{"floor":9.0,"key":"Potion Belt"},{"floor":9.0,"key":"Gremlin Horn"},{"floor":12.0,"key":"Mummified Hand"}],"event_choices":[{"cards_removed":["Strike_B"],"damage_healed":0.0,"max_hp_gain":0.0,"max_hp_loss":0.0,"gold_gain":0.0,"event_name":"Golden Wing","player_choice":"Card Removal","floor":2.0,"gold_loss":0.0,"damage_taken":7.0},{"damage_healed":0.0,"max_hp_gain":0.0,"max_hp_loss":0.0,"gold_gain":75.0,"event_name":"World of Goop","player_choice":"Gather Gold","floor":3.0,"gold_loss":0.0,"damage_taken":11.0},{"damage_healed":0.0,"max_hp_gain":0.0,"max_hp_loss":0.0,"gold_gain":0.0,"event_name":"Golden Idol","player_choice":"Take Damage","floor":5.0,"gold_loss":0.0,"damage_taken":18.0,"relics_obtained":["Golden Idol"]}],"is_beta":false,"boss_relics":[],"items_purged_floors":[4],"is_endless":false,"potions_floor_spawned":[1,8,14],"killed_by":"The Guardian","ascension_level":5}