{"gold_per_floor":[214,214,214,53,71,102,102,131,131,131,144,219,219,235,235,311,311,330,330,230,242,442,442,130,130,157,219,231,243],"floor_reached":29,"playtime":733,"items_purged":["Strike_B","Normality","Writhe"],"score":454,"play_id":"0ab00ee9-bbfe-45d3-b05a-516c0b1d0dd0","local_time":"20190109014505","is_ascension_mode":true,"campfire_choices":[{"floor":7.0,"key":"REST"},{"data":"Defend_B","floor":10.0,"key":"PURGE"},{"data":"Strike_B","floor":13.0,"key":"PURGE"},{"data":"Defend_B","floor":15.0,"key":"PURGE"},{"data":"Doubt","floor":23,"key":"PURGE"},{"data":"Zap","floor":28,"key":"PURGE"}],"neow_cost":"NONE","seed_source_timestamp":0,"circlet_count":0,"master_deck":["AscendersBane","Strike_B+1","Defend_B+1","Defend_B","Dualcast","Gash","Streamline","Hologram","Beam Cell","Skim","Biased Cognition","Gash","Coolheaded"],"special_seed":0,"relics":["Cracked Core","Mango","Meat on the Bone","Peace Pipe","Calling Bell","Juzu Bracelet","Blue Candle","WingedGreaves","DataDisk","MawBank"],"potions_floor_usage":[21],"damage_taken":[{"damage":0.0,"enemies":"Small Slimes","floor":1.0,"turns":3.0},{"damage":2.0,"enemies":"2 Louse","floor":5.0,"turns":2.0},{"damage":19.0,"enemies":"Lagavulin","floor":6.0,"turns":7.0},{"damage":34.0,"enemies":"3 Sentries","floor":8.0,"turns":9.0},{"damage":3.0,"enemies":"Cultist","floor":11.0,"turns":3.0},{"damage":4.0,"enemies":"Gremlin Gang","floor":14.0,"turns":4.0},{"damage":38.0,"enemies":"Slime Boss","floor":16.0,"turns":6.0},{"damage":38,"enemies":"Shell Parasite","floor":18,"turns":4},{"damage":26,"enemies":"Chosen","floor":21,"turns":4},{"damage":29,"enemies":"Snake Plant","floor":29,"turns":3}],"seed_played":"-3822729437741634735","potions_obtained":[{"floor":8.0,"key":"Swift Potion"},{"floor":14.0,"key":"FairyPotion"},{"floor":18,"key":"Poison Potion"}],"is_trial":false,"path_per_floor":["M","?","?","$","M","E","R","E","T","R","M","?","R","M","R","B",null,"M","?","$","M","?","R","$","T","T","?","R","M"],"character_chosen":"DEFECT","items_purchased":["Streamline","Hologram","Coolheaded","DataDisk"],"campfire_rested":1,"item_purchase_floors":[4,4,24,24],"current_hp_per_floor":[64,43,36,36,34,29,54,20,20,20,29,18,18,26,26,20,69,43,43,43,29,29,29,29,29,29,29,29,0],"gold":243,"neow_bonus":"HUNDRED_GOLD","is_prod":false,"is_daily":false,"chose_seed":false,"campfire_upgraded":0,"win_rate":0,"timestamp":1546965905,"path_taken":["M","?","?","$","M","E","R","E","T","R","M","?","R","M","R","BOSS","M","?","?","M","?","R","$","?","T","?","R","M"],"build_version":"2019-01-03v4","purchased_purges":3,"victory":false,"max_hp_per_floor":[71,71,71,71,71,85,85,85,85,85,85,85,85,85,85,85,85,85,85,85,85,85,85,85,85,85,85,85,85],"card_choices":[{"not_picked":["Coolheaded","Go for the Eyes"],"picked":"Gash","floor":1.0},{"not_picked":["Compile Driver","Reprogram"],"picked":"Beam Cell","floor":5.0},{"not_picked":["Amplify","Cold Snap","Streamline"],"picked":"SKIP","floor":6.0},{"not_picked":["Rebound","Gash"],"picked":"Skim","floor":8.0},{"not_picked":["Sweeping Beam","Ball Lightning","Cold Snap"],"picked":"SKIP","floor":11.0},{"not_picked":["Self Repair","Steam","Stack"],"picked":"SKIP","floor":14.0},{"not_picked":["Rainbow","Echo Form"],"picked":"Biased Cognition","floor":16.0},{"not_picked":["Defragment","Turbo","Storm"],"picked":"SKIP","floor":18},{"not_picked":["Go for the Eyes","Tempest+1"],"picked":"Gash","floor":21}],"player_experience":4022203,"relics_obtained":[{"floor":6.0,"key":"Mango"},{"floor":8.0,"key":"Meat on the Bone"},{"floor":9.0,"key":"Peace Pipe"},{"floor":17,"key":"Juzu Bracelet"},{"floor":17,"key":"Blue Candle"},{"floor":17,"key":"WingedGreaves"},{"floor":26,"key":"MawBank"}],"event_choices":[{"damage_healed":0.0,"max_hp_gain":0.0,"max_hp_loss":0.0,"gold_gain":0.0,"event_name":"Shining Light","player_choice":"Entered Light","floor":2.0,"gold_loss":0.0,"damage_taken":21.0,"cards_upgraded":["Defend_B","Strike_B"]},{"cards_removed":["Strike_B"],"damage_healed":0.0,"max_hp_gain":0.0,"max_hp_loss":0.0,"gold_gain":0.0,"event_name":"Golden Wing","player_choice":"Card Removal","floor":3.0,"gold_loss":0.0,"damage_taken":7.0},{"damage_healed":0.0,"max_hp_gain":0.0,"max_hp_loss":0.0,"gold_gain":75.0,"event_name":"World of Goop","player_choice":"Gather Gold","floor":12.0,"gold_loss":0.0,"damage_taken":11.0},{"damage_healed":0,"gold_gain":0,"player_choice":"0 cards matched","damage_taken":0,"max_hp_gain":0,"max_hp_loss":0,"event_name":"Match and Keep!","floor":19,"gold_loss":0,"cards_obtained":[]},{"damage_healed":0,"gold_gain":250,"player_choice":"Bet on Owner","damage_taken":0,"max_hp_gain":0,"max_hp_loss":0,"event_name":"The Joust","floor":22,"gold_loss":50},{"damage_healed":0,"gold_gain":50,"player_choice":"Stole From Cult","damage_taken":0,"max_hp_gain":0,"max_hp_loss":0,"event_name":"Nest","floor":27,"gold_loss":0}],"is_beta":false,"boss_relics":[{"not_picked":["Nuclear Battery","Fusion Hammer"],"picked":"Calling Bell"}],"items_purged_floors":[4,20,24],"is_endless":false,"potions_floor_spawned":[8,14,18],"killed_by":"Snake Plant","ascension_level":20}