{"gold_per_floor":[110,110,128,148,166,166,182,202,232,202,202,230,241,66,66,66],"floor_reached":16,"playtime":764,"items_purged":["Strike_R"],"score":208,"play_id":"a566dbcb-175e-4bcd-932a-37b20b8fc2b0","local_time":"20190315120247","is_ascension_mode":true,"campfire_choices":[{"data":"Armaments","floor":6,"key":"SMITH"},{"floor":11,"key":"REST"},{"floor":15,"key":"REST"}],"neow_cost":"NONE","seed_source_timestamp":716907931504404,"circlet_count":0,"master_deck":["AscendersBane","Strike_R","Strike_R","Strike_R","Strike_R","Defend_R","Defend_R","Defend_R","Defend_R","Bash","Limit Break","Headbutt","Decay","Armaments+1","Shrug It Off","Reaper","Second Wind","Feel No Pain","Rampage","Shrug It Off"],"relics":["Burning Blood","Tiny Chest","Blue Candle"],"potions_floor_usage":[16,16],"damage_taken":[{"damage":21,"enemies":"Jaw Worm","floor":1,"turns":6},{"damage":3,"enemies":"Cultist","floor":3,"turns":3},{"damage":1,"enemies":"2 Louse","floor":4,"turns":4},{"damage":21,"enemies":"Gremlin Gang","floor":5,"turns":8},{"damage":20,"enemies":"Large Slime","floor":7,"turns":7},{"damage":21,"enemies":"2 Fungi Beasts","floor":8,"turns":5},{"damage":53,"enemies":"3 Sentries","floor":12,"turns":15},{"damage":7,"enemies":"3 Louse","floor":13,"turns":6},{"damage":46,"enemies":"Hexaghost","floor":16,"turns":9}],"seed_played":"-6771110073901836734","potions_obtained":[{"floor":5,"key":"FearPotion"},{"floor":7,"key":"LiquidBronze"}],"is_trial":false,"path_per_floor":["M","?","M","M","M","R","M","M","T","?","R","E","M","$","R","B"],"character_chosen":"IRONCLAD","items_purchased":["Rampage","Shrug It Off"],"campfire_rested":2,"item_purchase_floors":[14,14],"current_hp_per_floor":[53,53,56,61,46,46,32,24,24,24,46,14,13,13,35,0],"gold":66,"neow_bonus":"ONE_RANDOM_RARE_CARD","is_prod":false,"is_daily":false,"chose_seed":false,"campfire_upgraded":1,"win_rate":0,"timestamp":1552618967,"path_taken":["M","?","?","M","M","R","M","M","T","?","R","E","M","$","R","BOSS"],"build_version":"2019-01-23","purchased_purges":1,"victory":false,"max_hp_per_floor":[75,75,75,75,75,75,75,75,75,75,75,75,75,75,75,75],"card_choices":[{"not_picked":["Iron Wave","Anger"],"picked":"Headbutt","floor":1},{"not_picked":["Twin Strike","Heavy Blade"],"picked":"Armaments","floor":3},{"not_picked":["Headbutt","Sword Boomerang"],"picked":"Shrug It Off","floor":4},{"not_picked":["Feel No Pain","Rage","Sever Soul"],"picked":"SKIP","floor":5},{"not_picked":["Fire Breathing","True Grit"],"picked":"Reaper","floor":7},{"not_picked":["Body Slam","Armaments","Entrench"],"picked":"SKIP","floor":8},{"not_picked":["Sentinel","Dark Embrace"],"picked":"Second Wind","floor":12},{"not_picked":["Blood for Blood","Sever Soul"],"picked":"Feel No Pain","floor":13}],"player_experience":706819,"relics_obtained":[{"floor":9,"key":"Tiny Chest"},{"floor":12,"key":"Blue Candle"}],"event_choices":[{"damage_healed":0,"gold_gain":0,"player_choice":"Cursed","damage_taken":0,"max_hp_gain":0,"max_hp_loss":0,"event_name":"Wheel of Change","floor":2,"gold_loss":0,"cards_obtained":["Decay"]},{"damage_healed":0,"gold_gain":0,"player_choice":"Bought 2 Potions","damage_taken":0,"max_hp_gain":0,"max_hp_loss":0,"event_name":"The Woman in Blue","floor":10,"gold_loss":0}],"is_beta":false,"boss_relics":[],"items_purged_floors":[14],"is_endless":false,"potions_floor_spawned":[5,7,12],"killed_by":"Hexaghost","ascension_level":20}