{"gold_per_floor":[112,112,132,132,132,132,164,164,164,184,245,301,324,338,338,433,433,447,457,457,472,492,492,492,525,825,825,837,854,854,868,868,868],"floor_reached":33,"playtime":2117,"items_purged":[],"score":296,"play_id":"0c4b2e8d-b159-45ff-9f18-0824ca008dfa","local_time":"20190127170327","is_ascension_mode":true,"campfire_choices":[{"floor":6.0,"key":"REST"},{"floor":8.0,"key":"REST"},{"data":"Streamline","floor":15.0,"key":"SMITH"},{"floor":23.0,"key":"REST"},{"data":"Skim","floor":30.0,"key":"SMITH"},{"floor":32.0,"key":"REST"}],"neow_cost":"NONE","seed_source_timestamp":0,"circlet_count":0,"master_deck":["Strike_B+1","Strike_B","Strike_B","Strike_B+1","Defend_B","Defend_B","Defend_B","Defend_B","Zap+1","Dualcast+1","Conserve Battery","Gash","Conserve Battery","Streamline+1","Skim+1","Sweeping Beam","All For One","Beam Cell","Rebound+1","Redo+1","Leap","Rainbow","Turbo","Gash+1"],"special_seed":0,"relics":["Cracked Core","Centennial Puzzle","Turnip","Tiny Chest","Smiling Mask","Bag of Preparation","White Beast Statue","Red Mask","Old Coin","Emotion Chip"],"potions_floor_usage":[33,33],"damage_taken":[{"damage":2.0,"enemies":"Jaw Worm","floor":1.0,"turns":3.0},{"damage":0.0,"enemies":"Small Slimes","floor":3.0,"turns":2.0},{"damage":27.0,"enemies":"Lagavulin","floor":7.0,"turns":7.0},{"damage":0.0,"enemies":"2 Louse","floor":10.0,"turns":2.0},{"damage":15.0,"enemies":"3 Sentries","floor":11.0,"turns":6.0},{"damage":13.0,"enemies":"3 Sentries","floor":12.0,"turns":7.0},{"damage":4.0,"enemies":"Large Slime","floor":14.0,"turns":6.0},{"damage":27.0,"enemies":"Slime Boss","floor":16.0,"turns":8.0},{"damage":10.0,"enemies":"2 Thieves","floor":18.0,"turns":3.0},{"damage":7.0,"enemies":"Chosen","floor":19.0,"turns":3.0},{"damage":10.0,"enemies":"Sentry and Sphere","floor":21.0,"turns":4.0},{"damage":24.0,"enemies":"Cultist and Chosen","floor":22.0,"turns":5.0},{"damage":10.0,"enemies":"Masked Bandits","floor":25.0,"turns":3.0},{"damage":6.0,"enemies":"3 Cultists","floor":28.0,"turns":3.0},{"damage":6.0,"enemies":"Sentry and Sphere","floor":29.0,"turns":3.0},{"damage":15.0,"enemies":"Centurion and Healer","floor":31.0,"turns":4.0},{"damage":57,"enemies":"Automaton","floor":33,"turns":8}],"seed_played":"-7660122415227127454","potions_obtained":[{"floor":3.0,"key":"Energy Potion"},{"floor":10.0,"key":"AttackPotion"},{"floor":12.0,"key":"Poison Potion"},{"floor":16.0,"key":"Fire Potion"},{"floor":18.0,"key":"FocusPotion"},{"floor":19.0,"key":"SkillPotion"},{"floor":21.0,"key":"Fire Potion"},{"floor":22.0,"key":"Swift Potion"},{"floor":25.0,"key":"FearPotion"},{"floor":28.0,"key":"FearPotion"},{"floor":29.0,"key":"EssenceOfSteel"},{"floor":31.0,"key":"Weak Potion"}],"is_trial":false,"path_per_floor":["M","?","M","?","?","R","E","R","T","M","E","?","T","M","R","B",null,"M","M","?","M","M","R","?","?","T","T","M","M","R","M","R","B"],"character_chosen":"DEFECT","items_purchased":[],"campfire_rested":4,"item_purchase_floors":[],"current_hp_per_floor":[73,73,73,58,58,75,48,70,70,70,55,42,42,38,38,11,75,65,58,58,48,24,46,71,61,61,61,55,49,49,34,56,0],"gold":868,"neow_bonus":"UPGRADE_CARD","is_prod":false,"is_daily":false,"chose_seed":false,"campfire_upgraded":2,"win_rate":0,"timestamp":1548605007,"path_taken":["M","?","M","?","?","R","E","R","T","M","E","?","?","M","R","BOSS","M","M","?","M","M","R","?","?","T","?","?","M","R","M","R","BOSS"],"build_version":"2019-01-23","purchased_purges":0,"victory":false,"max_hp_per_floor":[75,75,75,75,75,75,75,75,75,75,75,75,75,75,75,75,75,75,75,75,75,75,75,75,75,75,75,75,75,75,75,75,75],"card_choices":[{"not_picked":["Redo","Barrage"],"picked":"Conserve Battery","floor":1.0},{"not_picked":["Stack","Compile Driver","Go for the Eyes"],"picked":"SKIP","floor":3.0},{"not_picked":["Streamline","Machine Learning"],"picked":"Gash","floor":7.0},{"not_picked":["Coolheaded","Doom and Gloom"],"picked":"Conserve Battery","floor":10.0},{"not_picked":["Loop","Chaos"],"picked":"Streamline","floor":11.0},{"not_picked":["Thunder Strike","Sweeping Beam"],"picked":"Skim","floor":12.0},{"not_picked":["Chill","Rip and Tear"],"picked":"Sweeping Beam","floor":14.0},{"not_picked":["Rainbow","Echo Form"],"picked":"All For One","floor":16.0},{"not_picked":["Ball Lightning","Streamline","Melter"],"picked":"SKIP","floor":18.0},{"not_picked":["Barrage","Undo"],"picked":"Beam Cell","floor":19.0},{"not_picked":["Auto Shields","Beam Cell"],"picked":"Rebound+1","floor":21.0},{"not_picked":["Sunder","Compile Driver"],"picked":"Redo+1","floor":22.0},{"not_picked":["Blizzard","Stack"],"picked":"Leap","floor":25.0},{"not_picked":["Loop","Beam Cell"],"picked":"Rainbow","floor":28.0},{"not_picked":["Steam","Chaos"],"picked":"Turbo","floor":29.0},{"not_picked":["Darkness","Loop"],"picked":"Gash+1","floor":31.0}],"player_experience":301430,"relics_obtained":[{"floor":7.0,"key":"Centennial Puzzle"},{"floor":9.0,"key":"Turnip"},{"floor":11.0,"key":"Tiny Chest"},{"floor":12.0,"key":"Smiling Mask"},{"floor":13.0,"key":"Bag of Preparation"},{"floor":25.0,"key":"Red Mask"},{"floor":26.0,"key":"Old Coin"},{"floor":27.0,"key":"Emotion Chip"}],"event_choices":[{"damage_healed":0.0,"max_hp_gain":0.0,"max_hp_loss":0.0,"gold_gain":0.0,"event_name":"Liars Game","player_choice":"Ignored","floor":2.0,"gold_loss":0.0,"damage_taken":0.0},{"damage_healed":0.0,"max_hp_gain":0.0,"max_hp_loss":0.0,"gold_gain":0.0,"event_name":"Shining Light","player_choice":"Entered Light","floor":4.0,"gold_loss":0.0,"damage_taken":15.0,"cards_upgraded":["Strike_B","Strike_B"]},{"damage_healed":0.0,"max_hp_gain":0.0,"max_hp_loss":0.0,"gold_gain":0.0,"event_name":"Living Wall","player_choice":"Grow","floor":5.0,"gold_loss":0.0,"damage_taken":0.0,"cards_upgraded":["Zap"]},{"damage_healed":0.0,"max_hp_gain":0.0,"max_hp_loss":0.0,"gold_gain":0.0,"event_name":"Dead Adventurer","player_choice":"Searched \u00272\u0027 times","floor":12.0,"gold_loss":0.0,"damage_taken":0.0},{"damage_healed":0.0,"max_hp_gain":0.0,"max_hp_loss":0.0,"gold_gain":0.0,"event_name":"Vampires","player_choice":"Ignored","floor":20.0,"gold_loss":0.0,"damage_taken":0.0},{"damage_healed":25.0,"max_hp_gain":0.0,"max_hp_loss":0.0,"gold_gain":0.0,"event_name":"The Library","player_choice":"Heal","floor":24.0,"gold_loss":0.0,"damage_taken":0.0},{"damage_healed":0.0,"max_hp_gain":0.0,"max_hp_loss":0.0,"gold_gain":0.0,"event_name":"Masked Bandits","player_choice":"Fought Bandits","floor":25.0,"gold_loss":0.0,"damage_taken":0.0}],"is_beta":false,"boss_relics":[{"not_picked":["Inserter","Calling Bell"],"picked":"White Beast Statue"}],"items_purged_floors":[],"is_endless":false,"potions_floor_spawned":[3,10,12,16,18,19,21,22,25,28,29,31],"killed_by":"Automaton","ascension_level":3}