{"gold_per_floor":[116,116,143,218,218,252,252,269,293,293,313,328,393,409,409,484,484,501,520,213,213,213],"floor_reached":22,"playtime":813,"items_purged":["Decay"],"score":410,"play_id":"2cca264e-c2ec-47e1-8991-430d4b460135","local_time":"20190116021936","is_ascension_mode":true,"campfire_choices":[{"data":"Dualcast","floor":7,"key":"SMITH"},{"data":"Strike_B+1","floor":10,"key":"SMITH"},{"floor":15,"key":"REST"}],"neow_cost":"NONE","seed_source_timestamp":462394155493975,"circlet_count":0,"master_deck":["AscendersBane","Strike_B+2","Defend_B+1","Dualcast+1","Reboot","Rebound","Rainbow","Beam Cell","Hologram","Core Surge","ReplayTheSpireMod:Doomed","Defragment+1","Self Repair","ReplaySolidLightProjector","ReplayTheSpireMod:Calculation Training"],"relics":["Cracked Core","Replay:Rubber Ducky","ReplayTheSpireMod:TigerMarble","Simple Rune","Baseball","Kintsugi","DataDisk"],"potions_floor_usage":[13,16,22],"damage_taken":[{"damage":2,"enemies":"Jaw Worm","floor":1,"turns":3},{"damage":40,"enemies":"3 Sentries","floor":6,"turns":9},{"damage":0,"enemies":"Small Slimes","floor":8,"turns":3},{"damage":0,"enemies":"2 Louse","floor":11,"turns":1},{"damage":0,"enemies":"Looter","floor":12,"turns":2},{"damage":20,"enemies":"3 Sentries","floor":13,"turns":7},{"damage":0,"enemies":"Blue Slaver","floor":14,"turns":1},{"damage":0,"enemies":"Slime Boss","floor":16,"turns":3},{"damage":11,"enemies":"Chosen","floor":18,"turns":3},{"damage":25,"enemies":"Shell Parasite","floor":19,"turns":5},{"damage":39,"enemies":"Chosen and Byrds","floor":22,"turns":6}],"seed_played":"1140266031480294663","potions_obtained":[{"floor":6,"key":"FearPotion"},{"floor":8,"key":"Elixir"},{"floor":11,"key":"Fire Potion"},{"floor":14,"key":"GamblersBrew"},{"floor":18,"key":"SpeedPotion"}],"is_trial":false,"path_per_floor":["M","?","T","?","?","E","R","M","T","R","M","M","?","M","R","B",null,"M","M","$","?","M"],"character_chosen":"DEFECT","items_purchased":["DataDisk","Self Repair"],"campfire_rested":1,"item_purchase_floors":[20,20],"current_hp_per_floor":[62,51,51,40,63,23,23,23,23,23,23,23,3,3,24,24,59,48,23,23,23,0],"gold":213,"neow_bonus":"ONE_RANDOM_RARE_CARD","is_prod":false,"is_daily":false,"chose_seed":false,"campfire_upgraded":2,"win_rate":0,"timestamp":1547572776,"path_taken":["M","?","?","?","?","E","R","M","T","R","M","M","?","M","R","BOSS","M","M","$","?","M"],"build_version":"2019-01-10","purchased_purges":1,"victory":false,"max_hp_per_floor":[71,71,71,71,71,71,71,71,71,71,71,71,71,71,71,71,71,71,71,71,71,71],"card_choices":[{"not_picked":["Go for the Eyes","Compile Driver"],"picked":"Rebound","floor":1},{"not_picked":["Meteor Strike","Sweeping Beam"],"picked":"Rainbow","floor":6},{"not_picked":["Turbo","Hello World"],"picked":"Beam Cell","floor":8},{"not_picked":["Sweeping Beam","Heatsinks","Blizzard"],"picked":"SKIP","floor":11},{"not_picked":["Hello World","Darkness","Cold Snap"],"picked":"SKIP","floor":12},{"not_picked":["Ball Lightning","Hello World"],"picked":"Hologram","floor":14},{"not_picked":["Fission","Creative AI"],"picked":"Core Surge","floor":16},{"not_picked":["ReplayTheSpireMod:Calculation Training+1","Conserve Battery"],"picked":"Defragment+1","floor":18},{"not_picked":["Storm","Scrape+1","Redo"],"picked":"SKIP","floor":19}],"player_experience":4093326,"relics_obtained":[{"floor":6,"key":"ReplayTheSpireMod:TigerMarble"},{"floor":9,"key":"Simple Rune"},{"floor":13,"key":"Baseball"}],"event_choices":[{"damage_healed":0,"gold_gain":0,"player_choice":"Success","damage_taken":11,"relics_obtained":["Replay:Rubber Ducky"],"max_hp_gain":0,"max_hp_loss":0,"event_name":"Scrap Ooze","floor":2,"gold_loss":0},{"damage_healed":0,"gold_gain":75,"player_choice":"Gather Gold","damage_taken":11,"max_hp_gain":0,"max_hp_loss":0,"event_name":"World of Goop","floor":4,"gold_loss":0},{"damage_healed":23,"gold_gain":0,"player_choice":"Banana","damage_taken":0,"max_hp_gain":0,"max_hp_loss":0,"event_name":"Big Fish","floor":5,"gold_loss":0},{"damage_healed":0,"gold_gain":0,"player_choice":"Searched \u00271\u0027 times","damage_taken":0,"max_hp_gain":0,"max_hp_loss":0,"event_name":"Dead Adventurer","floor":13,"gold_loss":0},{"damage_healed":0,"gold_gain":0,"cards_transformed":["Zap","Defend_B"],"player_choice":"Became Test Subject","damage_taken":0,"max_hp_gain":0,"max_hp_loss":0,"event_name":"Drug Dealer","floor":21,"gold_loss":0,"cards_obtained":["ReplaySolidLightProjector","ReplayTheSpireMod:Calculation Training"]}],"is_beta":false,"boss_relics":[{"not_picked":["Snecko Eye","Sozu"],"picked":"Kintsugi"}],"items_purged_floors":[20],"is_endless":false,"potions_floor_spawned":[6,8,11,14,18],"killed_by":"Chosen and Byrds","ascension_level":15}