{"gold_per_floor":[18,38,54,54,69,69,104,77,103,103,137,287,562,562,562,562],"floor_reached":16,"playtime":594,"items_purged":[],"score":224,"play_id":"fd9c392d-4851-41ee-8ae9-d395327165cd","local_time":"20190101002016","is_ascension_mode":true,"campfire_choices":[{"data":"Uppercut","floor":6,"key":"SMITH"},{"data":"Fiend Fire","floor":10,"key":"SMITH"},{"data":"Havoc","floor":15,"key":"SMITH"}],"neow_cost":"NO_GOLD","seed_source_timestamp":32580971090823,"circlet_count":0,"master_deck":["AscendersBane","Strike_R","Strike_R","Strike_R","Strike_R","Strike_R","Defend_R","Defend_R","Defend_R","Defend_R","Bash","Enlightenment","Panacea","Feel No Pain","Evolve","Uppercut+1","Fiend Fire+1","Havoc+1","Barricade"],"relics":["Burning Blood","Champion Belt","Omamori","Anchor"],"potions_floor_usage":[5,7,14,16],"damage_taken":[{"damage":0,"enemies":"Small Slimes","floor":1,"turns":3},{"damage":6,"enemies":"2 Louse","floor":2,"turns":5},{"damage":4,"enemies":"Cultist","floor":3,"turns":4},{"damage":10,"enemies":"Lots of Slimes","floor":5,"turns":5},{"damage":19,"enemies":"3 Sentries","floor":7,"turns":7},{"damage":17,"enemies":"Exordium Thugs","floor":8,"turns":4},{"damage":40,"enemies":"Lagavulin","floor":11,"turns":10},{"damage":0,"enemies":"2 Fungi Beasts","floor":14,"turns":2},{"damage":27,"enemies":"The Guardian","floor":16,"turns":6}],"seed_played":"-2135502757996087061","potions_obtained":[{"floor":1,"key":"AttackPotion"},{"floor":3,"key":"Dexterity Potion"},{"floor":5,"key":"SteroidPotion"},{"floor":7,"key":"SmokeBomb"}],"is_trial":false,"path_per_floor":["M","M","M","?","M","R","E","M","T","R","E","?","?","M","R","B"],"character_chosen":"IRONCLAD","items_purchased":[],"campfire_rested":0,"item_purchase_floors":[],"current_hp_per_floor":[74,74,75,80,76,76,63,52,52,52,18,18,18,24,24,0],"gold":562,"neow_bonus":"RANDOM_COLORLESS_2","is_prod":false,"is_daily":false,"chose_seed":false,"campfire_upgraded":3,"win_rate":0,"timestamp":1546269616,"path_taken":["M","M","M","?","M","R","E","M","T","R","E","?","?","?","R","BOSS"],"build_version":"2018-12-20","purchased_purges":0,"victory":false,"max_hp_per_floor":[75,75,75,80,80,80,80,80,80,80,80,80,80,80,80,80],"card_choices":[{"not_picked":["Whirlwind","Intimidate"],"picked":"Feel No Pain","floor":1},{"not_picked":["Rampage","Clash"],"picked":"Evolve","floor":2},{"not_picked":["Wild Strike","Corruption"],"picked":"Uppercut","floor":3},{"not_picked":["Heavy Blade","Iron Wave","Warcry"],"picked":"SKIP","floor":5},{"not_picked":["Evolve","Rampage"],"picked":"Fiend Fire","floor":7},{"not_picked":["Clash","Spot Weakness"],"picked":"Havoc","floor":8},{"not_picked":["Shockwave","Uppercut"],"picked":"Barricade","floor":11}],"player_experience":3945954,"relics_obtained":[{"floor":7,"key":"Champion Belt"},{"floor":9,"key":"Omamori"},{"floor":11,"key":"Anchor"}],"event_choices":[{"damage_healed":0,"gold_gain":0,"player_choice":"Donut","damage_taken":0,"max_hp_gain":5,"max_hp_loss":0,"event_name":"Big Fish","floor":4,"gold_loss":0},{"damage_healed":0,"gold_gain":150,"player_choice":"AGREE","damage_taken":0,"max_hp_gain":0,"max_hp_loss":0,"event_name":"Liars Game","floor":12,"gold_loss":0,"cards_obtained":["Doubt"]},{"damage_healed":0,"gold_gain":275,"player_choice":"Desecrate","damage_taken":0,"max_hp_gain":0,"max_hp_loss":0,"event_name":"Golden Shrine","floor":13,"gold_loss":0,"cards_obtained":["Regret"]}],"is_beta":false,"boss_relics":[],"items_purged_floors":[],"is_endless":false,"potions_floor_spawned":[1,3,5,7],"killed_by":"The Guardian","ascension_level":20}