{"gold_per_floor":[113,132,149,149,159,159,5,5,5,30,30,45,45,45],"floor_reached":14,"playtime":431,"items_purged":["Strike_G"],"score":180,"play_id":"da463051-15b5-4099-82e6-34e5eca41e83","local_time":"20190305003231","is_ascension_mode":true,"campfire_choices":[{"floor":6,"key":"REST"},{"data":"Noxious Fumes","floor":8,"key":"SMITH"}],"neow_cost":"NONE","seed_source_timestamp":1592399318952600,"circlet_count":0,"master_deck":["AscendersBane","Defend_G","Defend_G","Defend_G","Defend_G","Defend_G","Strike_G","Strike_G","Strike_G","Strike_G","Survivor","Neutralize+1","Backflip","Dagger Spray","Quick Slash","Crippling Poison","Noxious Fumes+1","Backflip","Terror","Die Die Die","Deflect","Backflip"],"relics":["Ring of the Snake","Question Card","Prayer Wheel"],"potions_floor_usage":[10,12],"damage_taken":[{"damage":6,"enemies":"Small Slimes","floor":1,"turns":5},{"damage":9,"enemies":"Cultist","floor":2,"turns":7},{"damage":2,"enemies":"Jaw Worm","floor":3,"turns":7},{"damage":34,"enemies":"Exordium Thugs","floor":5,"turns":7},{"damage":13,"enemies":"Lagavulin","floor":10,"turns":7},{"damage":12,"enemies":"Gremlin Gang","floor":12,"turns":4},{"damage":5,"enemies":"Blue Slaver","floor":14,"turns":2}],"seed_played":"-8104057472430212137","potions_obtained":[{"floor":5,"key":"Poison Potion"},{"floor":10,"key":"GamblersBrew"}],"is_trial":false,"path_per_floor":["M","M","M","?","M","R","$","R","T","E","?","M","$","M"],"character_chosen":"THE_SILENT","items_purchased":["Noxious Fumes"],"campfire_rested":1,"item_purchase_floors":[7],"current_hp_per_floor":[53,44,42,42,8,27,27,27,27,14,14,2,2,0],"gold":45,"neow_bonus":"UPGRADE_CARD","is_prod":false,"is_daily":false,"chose_seed":false,"campfire_upgraded":1,"win_rate":0,"timestamp":1551713551,"path_taken":["M","M","M","?","M","R","$","R","T","E","?","?","?","M"],"build_version":"2019-01-23","purchased_purges":1,"victory":false,"max_hp_per_floor":[66,66,66,66,66,66,66,66,66,66,66,66,66,66],"card_choices":[{"not_picked":["Dodge and Roll","PiercingWail"],"picked":"Backflip","floor":1},{"not_picked":["Dagger Throw","PiercingWail"],"picked":"Dagger Spray","floor":2},{"not_picked":["Caltrops","Slice"],"picked":"Quick Slash","floor":3},{"not_picked":["Heel Hook","Slice"],"picked":"Crippling Poison","floor":5},{"not_picked":["Expertise","Deflect","Prepared"],"picked":"Backflip","floor":10},{"not_picked":["Riddle With Holes","Outmaneuver","Bouncing Flask"],"picked":"Deflect","floor":12},{"not_picked":["Dodge and Roll","Riddle With Holes","Underhanded Strike"],"picked":"Backflip","floor":12}],"player_experience":4465588,"relics_obtained":[{"floor":9,"key":"Question Card"},{"floor":10,"key":"Prayer Wheel"}],"event_choices":[{"damage_healed":0,"gold_gain":0,"player_choice":"Ignored","damage_taken":0,"max_hp_gain":0,"max_hp_loss":0,"event_name":"Golden Idol","floor":4,"gold_loss":0},{"damage_healed":0,"gold_gain":0,"player_choice":"2 cards matched","damage_taken":0,"max_hp_gain":0,"max_hp_loss":0,"event_name":"Match and Keep!","floor":11,"gold_loss":0,"cards_obtained":["Terror","Die Die Die"]}],"is_beta":false,"boss_relics":[],"items_purged_floors":[7],"is_endless":false,"potions_floor_spawned":[5,10],"killed_by":"Blue Slaver","ascension_level":20}