{"gold_per_floor":[111,111,36,36,61,61,81,125,125,125,125,300,125,156,156,279,279,294,219,19,39,55,90,90,128,128,144,59,59,79,94,94,225,225,239,239,254,104,154,154,177,211,211,231,231,17,17,42,42,42],"floor_reached":51,"playtime":3122,"items_purged":["Strike_B","Doubt","Strike_B","Strike_B","Clumsy"],"score":1171,"play_id":"b78ee5eb-1c05-4b57-a15c-eb8c29cf4b45","local_time":"20190119224225","is_ascension_mode":true,"campfire_choices":[{"data":"Go for the Eyes","floor":6,"key":"SMITH"},{"floor":10,"key":"REST"},{"floor":15,"key":"REST"},{"floor":24,"key":"REST"},{"floor":32,"key":"REST"},{"data":"Defragment","floor":40,"key":"SMITH"},{"data":"Rainbow","floor":47,"key":"SMITH"},{"data":"Capacitor","floor":49,"key":"SMITH"}],"neow_cost":"NONE","seed_source_timestamp":98335435509274,"circlet_count":0,"master_deck":["AscendersBane","Defend_B","Defend_B","Defend_B+1","Zap","Dualcast+1","Go for the Eyes+1","Chill+1","Reboot","Defragment+1","FTL","Rainbow+1","Loop","Loop","Conserve Battery","Doom and Gloom+1","Sunder","Leap","Self Repair+1","Coolheaded+1","Fission+1","Capacitor+1","Core Surge","Compile Driver+1","Clumsy","Loop+1","Loop"],"relics":["Cracked Core","Golden Idol","Incense Burner","Bottled Flame","Unceasing Top","Sozu","Centennial Puzzle","Bag of Preparation","Toxic Egg 2","War Paint","Cursed Key","Potion Belt","Calipers","FossilizedHelix"],"potions_floor_usage":[16,18],"damage_taken":[{"damage":0,"enemies":"Small Slimes","floor":1,"turns":2},{"damage":0,"enemies":"2 Louse","floor":5,"turns":1},{"damage":2,"enemies":"Jaw Worm","floor":7,"turns":3},{"damage":18,"enemies":"Lagavulin","floor":8,"turns":8},{"damage":60,"enemies":"Gremlin Nob","floor":14,"turns":6},{"damage":26,"enemies":"The Guardian","floor":16,"turns":11},{"damage":2,"enemies":"2 Thieves","floor":18,"turns":4},{"damage":15,"enemies":"3 Byrds","floor":21,"turns":4},{"damage":0,"enemies":"Centurion and Healer","floor":22,"turns":7},{"damage":16,"enemies":"Book of Stabbing","floor":23,"turns":5},{"damage":25,"enemies":"Slavers","floor":25,"turns":9},{"damage":0,"enemies":"Snecko","floor":27,"turns":4},{"damage":7,"enemies":"Snake Plant","floor":30,"turns":6},{"damage":11,"enemies":"3 Cultists","floor":31,"turns":4},{"damage":55,"enemies":"Champ","floor":33,"turns":14},{"damage":4,"enemies":"Orb Walker","floor":35,"turns":4},{"damage":9,"enemies":"3 Darklings","floor":37,"turns":6},{"damage":9,"enemies":"Jaw Worm Horde","floor":41,"turns":3},{"damage":0,"enemies":"Nemesis","floor":42,"turns":7},{"damage":1,"enemies":"Sphere and 2 Shapes","floor":44,"turns":6},{"damage":0,"enemies":"Spire Growth","floor":48,"turns":6},{"damage":34,"enemies":"Awakened One","floor":50,"turns":13}],"seed_played":"-5197886486606274446","potions_obtained":[{"floor":1,"key":"FairyPotion"},{"floor":14,"key":"Regen Potion"},{"floor":16,"key":"GamblersBrew"}],"is_trial":false,"path_per_floor":["M","?","$","?","M","R","M","E","T","R","?","?","$","E","R","B",null,"M","?","$","M","M","E","R","E","T","M","?","$","M","M","R","B",null,"M","?","M","$","T","R","M","E","T","M","?","$","R","M","R","B",null],"character_chosen":"DEFECT","items_purchased":["Defragment","Loop","Loop"],"campfire_rested":4,"item_purchase_floors":[13,20,46],"current_hp_per_floor":[68,50,50,50,50,50,48,30,30,52,57,57,57,8,32,21,65,63,63,63,48,48,32,56,31,31,31,31,31,34,33,57,12,63,69,69,70,70,70,70,71,80,80,80,76,76,76,76,76,52],"gold":42,"neow_bonus":"UPGRADE_CARD","is_prod":false,"is_daily":false,"chose_seed":false,"campfire_upgraded":4,"win_rate":0,"timestamp":1547955745,"path_taken":["M","?","$","?","?","R","M","E","T","R","?","?","$","E","R","BOSS","M","?","$","M","M","E","R","E","T","M","?","?","?","M","R","BOSS","M","?","M","$","?","R","M","E","T","M","?","$","R","M","R","BOSS"],"build_version":"2019-01-17v2","purchased_purges":5,"victory":true,"max_hp_per_floor":[75,75,75,75,75,75,75,75,75,75,80,80,80,80,80,80,80,80,80,80,80,80,80,80,80,80,80,80,80,80,80,80,80,80,80,80,80,80,80,80,80,80,80,80,76,76,76,76,76,76],"card_choices":[{"not_picked":["Compile Driver","Leap"],"picked":"Go for the Eyes","floor":1},{"not_picked":["Sweeping Beam","Turbo","Barrage"],"picked":"SKIP","floor":5},{"not_picked":["Coolheaded","Hologram"],"picked":"Chill","floor":7},{"not_picked":["Skim","Turbo"],"picked":"Reboot","floor":8},{"not_picked":["Beam Cell","Streamline"],"picked":"FTL","floor":14},{"not_picked":["Amplify","Thunder Strike"],"picked":"Rainbow","floor":16},{"not_picked":["Fusion","Steam Power+1"],"picked":"Loop","floor":18},{"not_picked":["Hello World","Rebound"],"picked":"Conserve Battery","floor":21},{"not_picked":["Skim","Beam Cell"],"picked":"Doom and Gloom+1","floor":22},{"not_picked":["Tempest","Steam Power"],"picked":"Sunder","floor":23},{"not_picked":["FTL","Sunder+1"],"picked":"Leap","floor":25},{"not_picked":["Beam Cell","Redo+1"],"picked":"Self Repair+1","floor":27},{"not_picked":["Streamline","Ball Lightning","Gash+1"],"picked":"SKIP","floor":30},{"not_picked":["Stack+1","Cold Snap"],"picked":"Coolheaded+1","floor":31},{"not_picked":["All For One","Hyperbeam"],"picked":"Fission+1","floor":33},{"not_picked":["Static Discharge+1","Consume+1"],"picked":"Capacitor","floor":35},{"not_picked":["Fusion+1","Skim+1"],"picked":"Compile Driver+1","floor":37},{"not_picked":["Redo+1","Heatsinks+1"],"picked":"Loop+1","floor":41},{"not_picked":["Conserve Battery+1","Streamline+1","Compile Driver"],"picked":"SKIP","floor":42},{"not_picked":["Stack+1","Gash+1","Go for the Eyes"],"picked":"SKIP","floor":44},{"not_picked":["Compile Driver+1","Self Repair","Steam Power+1"],"picked":"SKIP","floor":48}],"player_experience":441502,"relics_obtained":[{"floor":8,"key":"Incense Burner"},{"floor":9,"key":"Bottled Flame"},{"floor":14,"key":"Unceasing Top"},{"floor":23,"key":"Centennial Puzzle"},{"floor":25,"key":"Bag of Preparation"},{"floor":26,"key":"Toxic Egg 2"},{"floor":39,"key":"Potion Belt"},{"floor":42,"key":"Calipers"},{"floor":43,"key":"FossilizedHelix"}],"event_choices":[{"damage_healed":0,"gold_gain":0,"player_choice":"Take Damage","damage_taken":18,"relics_obtained":["Golden Idol"],"max_hp_gain":0,"max_hp_loss":0,"event_name":"Golden Idol","floor":2,"gold_loss":0},{"cards_removed":["Defend_B"],"damage_healed":0,"gold_gain":0,"player_choice":"Forget","damage_taken":0,"max_hp_gain":0,"max_hp_loss":0,"event_name":"Living Wall","floor":4,"gold_loss":0},{"damage_healed":0,"gold_gain":0,"player_choice":"Donut","damage_taken":0,"max_hp_gain":5,"max_hp_loss":0,"event_name":"Big Fish","floor":11,"gold_loss":0},{"damage_healed":0,"gold_gain":175,"player_choice":"AGREE","damage_taken":0,"max_hp_gain":0,"max_hp_loss":0,"event_name":"Liars Game","floor":12,"gold_loss":0,"cards_obtained":["Doubt"]},{"cards_removed":["Strike_B"],"damage_healed":0,"gold_gain":0,"player_choice":"Gave Gold","damage_taken":0,"max_hp_gain":0,"max_hp_loss":0,"event_name":"Beggar","floor":19,"gold_loss":75},{"damage_healed":0,"gold_gain":0,"player_choice":"Obtained Relic","damage_taken":0,"relics_obtained":["War Paint"],"max_hp_gain":0,"max_hp_loss":0,"event_name":"Addict","floor":28,"gold_loss":85},{"damage_healed":0,"gold_gain":0,"player_choice":"1 cards matched","damage_taken":0,"max_hp_gain":0,"max_hp_loss":0,"event_name":"Match and Keep!","floor":36,"gold_loss":0,"cards_obtained":["Core Surge"]},{"damage_healed":0,"gold_gain":0,"player_choice":"Max HP","damage_taken":0,"max_hp_gain":0,"max_hp_loss":4,"event_name":"Winding Halls","floor":45,"gold_loss":0}],"is_beta":false,"boss_relics":[{"not_picked":["Coffee Dripper","Lizard Tail"],"picked":"Sozu"},{"not_picked":["Runic Dome","Nuclear Battery"],"picked":"Cursed Key"}],"items_purged_floors":[3,13,20,38,46],"is_endless":false,"potions_floor_spawned":[1,14,16,21,22,23,30,33,37,48],"ascension_level":11}