{"gold_per_floor":[114,39,39,39,57,83,83,110,135,148,148,165,440,466,466,466],"floor_reached":16,"playtime":650,"items_purged":[],"score":236,"play_id":"19cea379-a2f5-4618-ba13-21465ed03509","local_time":"20190101040932","is_ascension_mode":true,"campfire_choices":[{"floor":7,"key":"REST"},{"data":"True Grit","floor":11,"key":"SMITH"},{"data":"Rampage","floor":15,"key":"SMITH"}],"neow_cost":"NONE","seed_source_timestamp":46281209456600,"circlet_count":0,"master_deck":["AscendersBane","Strike_R","Strike_R","Strike_R","Strike_R","Strike_R","Defend_R","Defend_R+1","Defend_R","Bash","Panacea","Shrug It Off+1","Pain","Iron Wave","Battle Trance","Bludgeon","True Grit+1","Rampage+1"],"relics":["Burning Blood","WarpedTongs","War Paint","Bottled Lightning","Omamori","Potion Belt"],"potions_floor_usage":[16,16,16],"damage_taken":[{"damage":4,"enemies":"Jaw Worm","floor":1,"turns":4},{"damage":7,"enemies":"Small Slimes","floor":5,"turns":4},{"damage":28,"enemies":"Gremlin Nob","floor":6,"turns":5},{"damage":44,"enemies":"Lagavulin","floor":8,"turns":8},{"damage":2,"enemies":"Cultist","floor":10,"turns":3},{"damage":1,"enemies":"Looter","floor":12,"turns":4},{"damage":16,"enemies":"3 Sentries","floor":14,"turns":8},{"damage":38,"enemies":"Hexaghost","floor":16,"turns":9}],"seed_played":"-8980499600637562153","potions_obtained":[{"floor":5,"key":"Dexterity Potion"},{"floor":8,"key":"GamblersBrew"},{"floor":14,"key":"BloodPotion"}],"is_trial":false,"path_per_floor":["M","?","?","?","M","E","R","E","T","M","R","M","?","E","R","B"],"character_chosen":"IRONCLAD","items_purchased":[],"campfire_rested":1,"item_purchase_floors":[],"current_hp_per_floor":[70,70,70,70,69,47,69,31,31,35,35,40,40,30,30,0],"gold":466,"neow_bonus":"RANDOM_COLORLESS","is_prod":false,"is_daily":false,"chose_seed":false,"campfire_upgraded":2,"win_rate":0,"timestamp":1546283372,"path_taken":["M","?","?","?","M","E","R","E","T","?","R","M","?","E","R","BOSS"],"build_version":"2018-12-20","purchased_purges":0,"victory":false,"max_hp_per_floor":[75,75,75,75,75,75,75,75,75,75,75,75,75,75,75,75],"card_choices":[{"not_picked":["Rupture","Heavy Blade"],"picked":"Shrug It Off","floor":1},{"not_picked":["Body Slam","Thunderclap"],"picked":"Iron Wave","floor":5},{"not_picked":["Shockwave","Armaments"],"picked":"Battle Trance","floor":6},{"not_picked":["Rage","Clash"],"picked":"Bludgeon","floor":8},{"not_picked":["Iron Wave","Perfected Strike"],"picked":"True Grit","floor":10},{"not_picked":["Power Through","Sword Boomerang","Burning Pact"],"picked":"SKIP","floor":12},{"not_picked":["Uppercut","Ghostly Armor"],"picked":"Rampage","floor":14}],"player_experience":3958034,"relics_obtained":[{"floor":6,"key":"War Paint"},{"floor":8,"key":"Bottled Lightning"},{"floor":9,"key":"Omamori"},{"floor":14,"key":"Potion Belt"}],"event_choices":[{"cards_removed":["Defend_R"],"damage_healed":0,"gold_gain":0,"player_choice":"Card Removal","damage_taken":0,"max_hp_gain":0,"max_hp_loss":0,"event_name":"The Cleric","floor":2,"gold_loss":75},{"damage_healed":0,"gold_gain":0,"player_choice":"Ignored","damage_taken":0,"max_hp_gain":0,"max_hp_loss":0,"event_name":"Liars Game","floor":3,"gold_loss":0},{"damage_healed":0,"gold_gain":0,"player_choice":"Rummage","damage_taken":0,"relics_obtained":["WarpedTongs"],"max_hp_gain":0,"max_hp_loss":0,"event_name":"Accursed Blacksmith","floor":4,"gold_loss":0,"cards_obtained":["Pain"]},{"damage_healed":0,"gold_gain":275,"player_choice":"Desecrate","damage_taken":0,"max_hp_gain":0,"max_hp_loss":0,"event_name":"Golden Shrine","floor":13,"gold_loss":0,"cards_obtained":["Regret"]}],"is_beta":false,"boss_relics":[],"items_purged_floors":[],"is_endless":false,"potions_floor_spawned":[5,8,14],"killed_by":"Hexaghost","ascension_level":20}