{"gold_per_floor":[109,128,128,143,143,143,218,218,218,247,12,35,35,45,45,122,122,134,144,161,61,61,61,111,125,125,143,158,176,176,87,87,160,160,175,175,191,208,219,248,248,21,74,74,74,91,117,136,136,136,136,136,136,24,50,50],"floor_reached":56,"playtime":2610,"items_purged":["Strike_R","Defend_R","Strike_R"],"score":1818,"play_id":"5a2bcac7-6a75-43e2-b98e-fa316d5fc4b3","local_time":"20190211004028","daily_mods":["Diverse"],"is_ascension_mode":true,"campfire_choices":[{"data":"Streamline","floor":6.0,"key":"SMITH"},{"data":"Battle Trance","floor":13.0,"key":"SMITH"},{"data":"Conserve Battery","floor":15.0,"key":"SMITH"},{"data":"Cloak And Dagger","floor":23.0,"key":"SMITH"},{"floor":30.0,"key":"REST"},{"data":"Burning Pact","floor":32.0,"key":"SMITH"},{"data":"Feel No Pain","floor":41.0,"key":"SMITH"},{"floor":45.0,"key":"REST"},{"floor":49.0,"key":"RECALL"},{"data":"Demon Form","floor":53.0,"key":"SMITH"}],"neow_cost":"","seed_source_timestamp":0,"circlet_count":0,"master_deck":["AscendersBane","Strike_R+1","Strike_R+1","Defend_R","Defend_R+1","Defend_R+1","Bash","Streamline+1","Conserve Battery+1","Cloak And Dagger+1","Battle Trance+1","Bullet Time","Trip","Feel No Pain+1","Feel No Pain","Burning Pact+1","Demon Form+1","Bandage Up+1","True Grit+1","Core Surge","Feel No Pain","Acrobatics","Pain","Turbo","Cloak And Dagger"],"special_seed":0,"relics":["Burning Blood","PrismaticShard","Calling Bell","Calipers","Singing Bowl","War Paint","Sundial","Ornamental Fan","Whetstone","Bag of Marbles","Centennial Puzzle","White Beast Statue","Letter Opener","Cursed Key","PreservedInsect","Oddly Smooth Stone","Pear"],"potions_floor_usage":[55,56],"damage_taken":[{"damage":10.0,"enemies":"2 Louse","floor":1.0,"turns":5.0},{"damage":11.0,"enemies":"Cultist","floor":2.0,"turns":4.0},{"damage":4.0,"enemies":"Small Slimes","floor":4.0,"turns":5.0},{"damage":27.0,"enemies":"Lagavulin","floor":10.0,"turns":7.0},{"damage":0.0,"enemies":"2 Fungi Beasts","floor":14.0,"turns":3.0},{"damage":9.0,"enemies":"The Guardian","floor":16.0,"turns":9.0},{"damage":2.0,"enemies":"Shell Parasite","floor":18.0,"turns":4.0},{"damage":7.0,"enemies":"2 Thieves","floor":19.0,"turns":3.0},{"damage":6.0,"enemies":"Centurion and Healer","floor":20.0,"turns":5.0},{"damage":9.0,"enemies":"3 Cultists","floor":25.0,"turns":6.0},{"damage":0.0,"enemies":"Sentry and Sphere","floor":27.0,"turns":6.0},{"damage":53.0,"enemies":"Cultist and Chosen","floor":28.0,"turns":7.0},{"damage":12.0,"enemies":"Chosen and Byrds","floor":29.0,"turns":6.0},{"damage":4.0,"enemies":"Champ","floor":33.0,"turns":9.0},{"damage":41.0,"enemies":"3 Darklings","floor":35.0,"turns":6.0},{"damage":6.0,"enemies":"Orb Walker","floor":37.0,"turns":2.0},{"damage":12.0,"enemies":"Spire Growth","floor":38.0,"turns":6.0},{"damage":16.0,"enemies":"Jaw Worm Horde","floor":39.0,"turns":4.0},{"damage":13.0,"enemies":"Reptomancer","floor":40.0,"turns":5.0},{"damage":5.0,"enemies":"Transient","floor":46.0,"turns":6.0},{"damage":20.0,"enemies":"Giant Head","floor":47.0,"turns":7.0},{"damage":6.0,"enemies":"3 Darklings","floor":48.0,"turns":6.0},{"damage":18.0,"enemies":"Awakened One","floor":50.0,"turns":17.0},{"damage":19.0,"enemies":"Donu and Deca","floor":51.0,"turns":11.0},{"damage":76,"enemies":"Shield and Spear","floor":55,"turns":8},{"damage":65,"enemies":"The Heart","floor":56,"turns":6}],"seed_played":"4847834867425953666","potions_obtained":[{"floor":1.0,"key":"SmokeBomb"},{"floor":16.0,"key":"SpeedPotion"},{"floor":18.0,"key":"Strength Potion"},{"floor":19.0,"key":"LiquidBronze"},{"floor":20.0,"key":"SkillPotion"},{"floor":25.0,"key":"SpeedPotion"},{"floor":27.0,"key":"FearPotion"},{"floor":29.0,"key":"Strength Potion"},{"floor":33.0,"key":"Ancient Potion"},{"floor":35.0,"key":"SpeedPotion"},{"floor":37.0,"key":"Regen Potion"},{"floor":38.0,"key":"SpeedPotion"},{"floor":39.0,"key":"PowerPotion"},{"floor":40.0,"key":"FearPotion"},{"floor":46.0,"key":"PowerPotion"},{"floor":47.0,"key":"EntropicBrew"},{"floor":48.0,"key":"Strength Potion"},{"floor":55,"key":"Regen Potion"}],"is_trial":true,"path_per_floor":["M","M","?","M","?","R","?","?","T","E","$","T","R","M","R","B",null,"M","M","M","$","?","R","?","M","T","M","M","M","R","$","R","B",null,"M","?","M","M","M","E","R","$","T","T","R","M","E","M","R","B","B",null,"R","$","E","B"],"character_chosen":"IRONCLAD","items_purchased":["Bag of Marbles","Burning Pact","Feel No Pain","Acrobatics","Turbo","Energy Potion"],"campfire_rested":2,"item_purchase_floors":[11,31,42,42,54,54],"current_hp_per_floor":[64,59,59,61,54,54,43,43,43,22,22,22,22,30,30,27,65,71,70,72,72,72,72,72,71,71,77,30,26,51,51,51,53,77,44,44,46,54,50,49,49,49,49,49,75,84,78,86,86,80,73,90,90,90,36,0],"gold":50,"neow_bonus":"","is_prod":false,"is_daily":false,"chose_seed":false,"campfire_upgraded":7,"win_rate":0,"timestamp":1549813228,"path_taken":["M","M","?","?","?","R","?","?","T","E","$","?","R","M","R","BOSS","M","M","M","$","?","R","?","M","T","M","M","?","R","?","R","BOSS","M","?","M","?","?","E","R","?","T","?","R","M","E","?","R","BOSS","BOSS","R","$","E","BOSS"],"build_version":"2019-01-23","purchased_purges":3,"victory":false,"max_hp_per_floor":[75,75,75,75,75,75,75,75,75,75,75,75,75,77,77,77,77,79,79,81,81,81,81,81,83,83,83,83,85,85,85,85,85,85,87,87,89,89,89,89,89,89,89,89,89,91,93,95,95,95,95,95,95,95,105,105],"card_choices":[{"not_picked":["Sword Boomerang","Sweeping Beam"],"picked":"Streamline","floor":1.0},{"not_picked":["Prepared","Turbo"],"picked":"Conserve Battery","floor":2.0},{"not_picked":["Underhanded Strike","Calculated Gamble"],"picked":"Cloak And Dagger","floor":4.0},{"not_picked":["Flex","Corruption"],"picked":"Battle Trance","floor":10.0},{"not_picked":["Pommel Strike","Fission","Cleave"],"picked":"Singing Bowl","floor":14.0},{"not_picked":["Limit Break","Envenom"],"picked":"Bullet Time","floor":16.0},{"not_picked":["Wild Strike","Capacitor","Slice"],"picked":"Singing Bowl","floor":18.0},{"not_picked":["Dodge and Roll","Redo"],"picked":"Trip","floor":19.0},{"not_picked":["Rebound","Reflex","Sever Soul"],"picked":"Singing Bowl","floor":20.0},{"not_picked":["Thunderclap","All Out Attack","Blade Dance"],"picked":"Singing Bowl","floor":25.0},{"not_picked":["Chrysalis","Iron Wave"],"picked":"Feel No Pain","floor":27.0},{"not_picked":["Ball Lightning","Dodge and Roll"],"picked":"Feel No Pain","floor":28.0},{"not_picked":["Cleave","Dropkick","Redo"],"picked":"Singing Bowl","floor":29.0},{"not_picked":["Berserk","Night Terror"],"picked":"Demon Form","floor":33.0},{"not_picked":["Prepared","Bane","Slice+1"],"picked":"Singing Bowl","floor":35.0},{"not_picked":["Pommel Strike+1","Deflect","Darkness+1"],"picked":"Singing Bowl","floor":37.0},{"not_picked":["PiercingWail","All Out Attack+1"],"picked":"Bandage Up+1","floor":38.0},{"not_picked":["Heavy Blade","Sword Boomerang"],"picked":"True Grit+1","floor":39.0},{"not_picked":["Mind Blast","Jack Of All Trades+1"],"picked":"Core Surge","floor":40.0},{"not_picked":["Ball Lightning","Shrug It Off+1","Flex"],"picked":"Singing Bowl","floor":46.0},{"not_picked":["Whirlwind","Rebound","Outmaneuver+1"],"picked":"Singing Bowl","floor":47.0},{"not_picked":["Perfected Strike+1","Machine Learning","Deflect"],"picked":"Singing Bowl","floor":48.0},{"not_picked":["Carnage","Gash"],"picked":"Cloak And Dagger","floor":55}],"player_experience":4250412,"relics_obtained":[{"floor":0.0,"key":"Calipers"},{"floor":0.0,"key":"Singing Bowl"},{"floor":0.0,"key":"War Paint"},{"floor":9.0,"key":"Ornamental Fan"},{"floor":10.0,"key":"Whetstone"},{"floor":12.0,"key":"Centennial Puzzle"},{"floor":26.0,"key":"Letter Opener"},{"floor":40.0,"key":"PreservedInsect"},{"floor":47.0,"key":"Oddly Smooth Stone"},{"floor":55,"key":"Pear"}],"event_choices":[{"damage_healed":0.0,"max_hp_gain":0.0,"max_hp_loss":0.0,"gold_gain":0.0,"event_name":"WeMeetAgain","player_choice":"Gave Potion","floor":3.0,"gold_loss":0.0,"damage_taken":0.0,"relics_obtained":["Sundial"]},{"cards_removed":["Doubt"],"damage_healed":0.0,"max_hp_gain":0.0,"max_hp_loss":0.0,"gold_gain":0.0,"event_name":"Golden Wing","player_choice":"Card Removal","floor":5.0,"gold_loss":0.0,"damage_taken":7.0},{"damage_healed":0.0,"max_hp_gain":0.0,"max_hp_loss":0.0,"gold_gain":75.0,"event_name":"World of Goop","player_choice":"Gather Gold","floor":7.0,"gold_loss":0.0,"damage_taken":11.0},{"cards_removed":["Decay"],"damage_healed":0.0,"max_hp_gain":0.0,"max_hp_loss":0.0,"gold_gain":0.0,"event_name":"Living Wall","player_choice":"Forget","floor":8.0,"gold_loss":0.0,"damage_taken":0.0},{"cards_removed":["Strike_R"],"damage_healed":0.0,"max_hp_gain":0.0,"max_hp_loss":0.0,"gold_gain":0.0,"event_name":"Back to Basics","player_choice":"Elegance","floor":22.0,"gold_loss":0.0,"damage_taken":0.0},{"damage_healed":0.0,"max_hp_gain":0.0,"max_hp_loss":0.0,"gold_gain":50.0,"event_name":"Golden Shrine","player_choice":"Pray","floor":24.0,"gold_loss":0.0,"damage_taken":0.0},{"cards_removed":["Clumsy"],"damage_healed":0.0,"max_hp_gain":0.0,"max_hp_loss":0.0,"gold_gain":0.0,"event_name":"Fountain of Cleansing","player_choice":"Removed Curses","floor":36.0,"gold_loss":0.0,"damage_taken":0.0}],"is_beta":false,"boss_relics":[{"not_picked":["Runic Cube","Fusion Hammer"],"picked":"White Beast Statue"},{"not_picked":["Snecko Eye","Tiny House"],"picked":"Cursed Key"}],"items_purged_floors":[11,21,42],"is_endless":false,"potions_floor_spawned":[1,16,18,19,20,25,27,28,29,33,35,37,38,39,40,46,47,48,55],"killed_by":"The Heart","ascension_level":20}