{"gold_per_floor":[111,261,21,21,32,32,43,43,43,43,43,43],"floor_reached":12,"playtime":228,"items_purged":["Doubt"],"score":132,"play_id":"7a236d1c-55a7-44d5-acdd-31fea8c3fb0f","local_time":"20190203025934","is_ascension_mode":true,"campfire_choices":[{"data":"Neutralize","floor":6,"key":"SMITH"},{"data":"Sucker Punch","floor":8,"key":"SMITH"}],"neow_cost":"NONE","seed_source_timestamp":288759229821700,"circlet_count":0,"master_deck":["AscendersBane","Defend_G","Defend_G","Defend_G","Defend_G","Strike_G","Strike_G+1","Strike_G","Strike_G","Strike_G+1","Survivor","Neutralize+1","Sucker Punch+1","Blur"],"relics":["Ring of the Snake","Whetstone","Pantograph","Gambling Chip","Shuriken"],"potions_floor_usage":[12],"damage_taken":[{"damage":0,"enemies":"Jaw Worm","floor":1,"turns":6},{"damage":1,"enemies":"Small Slimes","floor":5,"turns":3},{"damage":0,"enemies":"2 Louse","floor":7,"turns":3},{"damage":31,"enemies":"3 Sentries","floor":12,"turns":8}],"seed_played":"2380300142602162031","potions_obtained":[{"floor":5,"key":"Weak Potion"}],"is_trial":false,"path_per_floor":["M","?","$","?","M","R","M","R","T","?","T","E"],"character_chosen":"THE_SILENT","items_purchased":["Whetstone"],"campfire_rested":0,"item_purchase_floors":[3],"current_hp_per_floor":[65,65,65,39,38,38,38,38,38,31,31,0],"gold":43,"neow_bonus":"TEN_PERCENT_HP_BONUS","is_prod":false,"is_daily":false,"chose_seed":false,"campfire_upgraded":2,"win_rate":0,"timestamp":1549130374,"path_taken":["M","?","$","?","M","R","M","R","T","?","?","E"],"build_version":"2019-01-23","purchased_purges":1,"victory":false,"max_hp_per_floor":[72,72,72,72,72,72,72,72,72,72,72,72],"card_choices":[{"not_picked":["Acrobatics","Deflect"],"picked":"Sucker Punch","floor":1},{"not_picked":["Flechettes","Deflect","Dodge and Roll"],"picked":"SKIP","floor":5},{"not_picked":["Quick Slash","Underhanded Strike"],"picked":"Blur","floor":7}],"player_experience":4199581,"relics_obtained":[{"floor":9,"key":"Gambling Chip"},{"floor":11,"key":"Shuriken"}],"event_choices":[{"damage_healed":0,"gold_gain":150,"player_choice":"AGREE","damage_taken":0,"max_hp_gain":0,"max_hp_loss":0,"event_name":"Liars Game","floor":2,"gold_loss":0,"cards_obtained":["Doubt"]},{"damage_healed":0,"gold_gain":0,"player_choice":"Success","damage_taken":26,"relics_obtained":["Pantograph"],"max_hp_gain":0,"max_hp_loss":0,"event_name":"Scrap Ooze","floor":4,"gold_loss":0},{"cards_removed":["Defend_G"],"damage_healed":0,"gold_gain":0,"player_choice":"Card Removal","damage_taken":7,"max_hp_gain":0,"max_hp_loss":0,"event_name":"Golden Wing","floor":10,"gold_loss":0}],"is_beta":false,"boss_relics":[],"items_purged_floors":[3],"is_endless":false,"potions_floor_spawned":[5],"killed_by":"3 Sentries","ascension_level":20}