{"gold_per_floor":[117,130,147,147,162,162,122,133,186,21,21,77,77,88,88,88],"floor_reached":16,"playtime":811,"items_purged":[],"score":170,"play_id":"aaba145a-085e-4380-8880-085938bc154c","local_time":"20190308141147","is_ascension_mode":true,"campfire_choices":[{"data":"True Grit","floor":6,"key":"SMITH"},{"floor":11,"key":"REST"},{"floor":13,"key":"REST"},{"floor":15,"key":"REST"}],"neow_cost":"CURSE","seed_source_timestamp":15244470829044,"circlet_count":0,"master_deck":["AscendersBane","Strike_R","Strike_R","Strike_R","Strike_R","Defend_R","Defend_R","Defend_R","Defend_R","Bash","Pain","True Grit+1","Second Wind","Pommel Strike","Armaments","Flex","Evolve","Impervious","Juggernaut"],"relics":["Burning Blood","Ginger","Lantern","Bottled Lightning"],"potions_floor_usage":[5,12],"damage_taken":[{"damage":16,"enemies":"2 Louse","floor":1,"turns":3},{"damage":12,"enemies":"Jaw Worm","floor":2,"turns":4},{"damage":19,"enemies":"Small Slimes","floor":3,"turns":5},{"damage":16,"enemies":"3 Louse","floor":5,"turns":3},{"damage":5,"enemies":"Looter","floor":7,"turns":4},{"damage":19,"enemies":"2 Fungi Beasts","floor":8,"turns":5},{"damage":29,"enemies":"3 Sentries","floor":12,"turns":9},{"damage":12,"enemies":"3 Louse","floor":14,"turns":5},{"damage":55,"enemies":"The Guardian","floor":16,"turns":7}],"seed_played":"2311157103229091088","potions_obtained":[{"floor":3,"key":"Explosive Potion"},{"floor":8,"key":"SteroidPotion"}],"is_trial":false,"path_per_floor":["M","M","M","?","M","R","M","M","T","$","R","?","R","M","R","B"],"character_chosen":"IRONCLAD","items_purchased":["Evolve","Impervious"],"campfire_rested":3,"item_purchase_floors":[10,10],"current_hp_per_floor":[58,52,39,39,29,29,30,17,17,17,39,16,38,32,54,0],"gold":88,"neow_bonus":"ONE_RARE_RELIC","is_prod":false,"is_daily":false,"chose_seed":false,"campfire_upgraded":1,"win_rate":0,"timestamp":1552021907,"path_taken":["M","M","M","?","M","R","M","M","T","$","R","?","R","M","R","BOSS"],"build_version":"2019-01-23","purchased_purges":0,"victory":false,"max_hp_per_floor":[75,75,75,75,75,75,75,75,75,75,75,75,75,75,75,75],"card_choices":[{"not_picked":["Wild Strike","Clothesline"],"picked":"True Grit","floor":1},{"not_picked":["Twin Strike","Battle Trance"],"picked":"Second Wind","floor":2},{"not_picked":["Cleave","Pummel"],"picked":"Pommel Strike","floor":3},{"not_picked":["Flex","True Grit"],"picked":"Armaments","floor":5},{"not_picked":["Perfected Strike","Dropkick","Twin Strike"],"picked":"SKIP","floor":7},{"not_picked":["Clash","Thunderclap"],"picked":"Flex","floor":8},{"not_picked":["Clothesline","Armaments"],"picked":"Juggernaut","floor":14}],"player_experience":267382,"relics_obtained":[{"floor":9,"key":"Lantern"},{"floor":12,"key":"Bottled Lightning"}],"event_choices":[{"cards_removed":["Strike_R"],"damage_healed":0,"gold_gain":0,"player_choice":"Forget","damage_taken":0,"max_hp_gain":0,"max_hp_loss":0,"event_name":"Living Wall","floor":4,"gold_loss":0},{"damage_healed":0,"gold_gain":0,"player_choice":"Searched \u00271\u0027 times","damage_taken":0,"max_hp_gain":0,"max_hp_loss":0,"event_name":"Dead Adventurer","floor":12,"gold_loss":0}],"is_beta":false,"boss_relics":[],"items_purged_floors":[],"is_endless":false,"potions_floor_spawned":[3,8],"killed_by":"The Guardian","ascension_level":17}