{"gold_per_floor":[364,364,381,381,381,381,396,396,473,498,508,54,81,91,91,165,165,177,177,177,92,92,92,119,19,72,72,84,101,101,121,121,193,193,210,210,263,363,363,363,373,373,452,45,72,90,104,119,119,119,119,119,119,12,45,45],"floor_reached":57,"playtime":2861,"items_purged":["Strike_B","Hello World","Amplify"],"score":2591,"play_id":"188e3d22-1d93-4a0b-81a0-a5c2a88fdd6a","local_time":"20190311015635","is_ascension_mode":true,"campfire_choices":[{"data":"Darkness","floor":6,"key":"SMITH"},{"data":"Hologram","floor":8,"key":"SMITH"},{"floor":15,"key":"REST"},{"floor":23,"key":"REST"},{"data":"Conserve Battery","floor":27,"key":"SMITH"},{"data":"Redo","floor":30,"key":"SMITH"},{"data":"Echo Form","floor":32,"key":"SMITH"},{"floor":40,"key":"RECALL"},{"floor":49,"key":"DIG"},{"floor":53,"key":"DIG"}],"neow_cost":"TEN_PERCENT_HP_LOSS","seed_source_timestamp":286830209131900,"circlet_count":0,"master_deck":["AscendersBane","Zap","Dualcast","Darkness+1","Compile Driver","Hologram+1","Finesse","Redo+1","Conserve Battery+1","Electrodynamics","Echo Form+1","Chill","Double Energy","Cold Snap","Go for the Eyes","BootSequence","Self Repair","Skim","Echo Form","Conserve Battery","Redo+1","Undo","Master of Strategy","Finesse","Defragment","Hologram","Gash"],"relics":["Cracked Core","Bag of Preparation","Pear","Art of War","Pandora\u0027s Box","Meat on the Bone","Enchiridion","Anchor","Bronze Scales","Fusion Hammer","Shovel","StoneCalendar","Ornamental Fan","Pantograph","Bottled Tornado","Blood Vial","Kunai","Sundial"],"potions_floor_usage":[10,13,14,31,37,50,56,56],"damage_taken":[{"damage":2,"enemies":"Jaw Worm","floor":1,"turns":4},{"damage":1,"enemies":"Cultist","floor":3,"turns":3},{"damage":2,"enemies":"2 Louse","floor":7,"turns":3},{"damage":12,"enemies":"Gremlin Nob","floor":10,"turns":3},{"damage":30,"enemies":"Large Slime","floor":11,"turns":8},{"damage":26,"enemies":"3 Sentries","floor":13,"turns":6},{"damage":7,"enemies":"2 Fungi Beasts","floor":14,"turns":4},{"damage":26,"enemies":"Slime Boss","floor":16,"turns":5},{"damage":6,"enemies":"3 Byrds","floor":18,"turns":4},{"damage":1,"enemies":"Gremlin Leader","floor":24,"turns":6},{"damage":0,"enemies":"Chosen","floor":28,"turns":3},{"damage":1,"enemies":"Centurion and Healer","floor":29,"turns":3},{"damage":18,"enemies":"Snecko","floor":31,"turns":4},{"damage":46,"enemies":"Automaton","floor":33,"turns":8},{"damage":0,"enemies":"Orb Walker","floor":35,"turns":3},{"damage":47,"enemies":"2 Orb Walkers","floor":37,"turns":5},{"damage":0,"enemies":"Mind Bloom Boss Battle","floor":38,"turns":5},{"damage":1,"enemies":"3 Shapes","floor":41,"turns":4},{"damage":7,"enemies":"Giant Head","floor":45,"turns":8},{"damage":0,"enemies":"3 Darklings","floor":46,"turns":4},{"damage":0,"enemies":"Maw","floor":47,"turns":5},{"damage":25,"enemies":"Spire Growth","floor":48,"turns":4},{"damage":81,"enemies":"Time Eater","floor":50,"turns":8},{"damage":13,"enemies":"Donu and Deca","floor":51,"turns":7},{"damage":10,"enemies":"Shield and Spear","floor":55,"turns":11},{"damage":93,"enemies":"The Heart","floor":56,"turns":11}],"seed_played":"-5807139372718470020","potions_obtained":[{"floor":1,"key":"AttackPotion"},{"floor":3,"key":"SkillPotion"},{"floor":11,"key":"Strength Potion"},{"floor":13,"key":"Regen Potion"},{"floor":18,"key":"Weak Potion"},{"floor":31,"key":"Fruit Juice"},{"floor":38,"key":"Regen Potion"},{"floor":45,"key":"SpeedPotion"}],"is_trial":false,"path_per_floor":["M","?","M","?","?","R","M","R","T","E","M","$","E","M","R","B",null,"M","?","?","?","?","R","E","$","T","R","M","M","R","M","R","B",null,"M","?","?","?","?","R","M","?","T","$","E","M","M","M","R","B","B",null,"R","$","E","B",null],"character_chosen":"DEFECT","items_purchased":["Pear","Finesse","Pantograph","Regen Potion","Hologram"],"campfire_rested":2,"item_purchase_floors":[12,12,44,54,54],"current_hp_per_floor":[62,67,66,66,66,66,64,64,64,52,22,32,6,11,34,8,61,55,55,32,32,11,36,47,47,47,47,47,46,46,52,52,25,73,87,87,66,80,80,80,85,75,75,75,75,82,85,67,67,42,63,80,80,80,85,26],"gold":45,"neow_bonus":"TWO_FIFTY_GOLD","is_prod":false,"is_daily":false,"chose_seed":false,"campfire_upgraded":5,"win_rate":0,"timestamp":1552236995,"path_taken":["M","?","M","?","?","R","M","R","T","E","?","$","E","?","R","BOSS","M","?","?","?","?","R","E","?","T","R","M","M","R","M","R","BOSS","M","?","?","?","?","R","M","?","T","$","E","M","M","M","R","BOSS","BOSS","R","$","E","BOSS"],"build_version":"2019-01-23","purchased_purges":3,"victory":true,"max_hp_per_floor":[64,69,69,69,69,69,69,69,69,69,69,79,79,79,79,79,79,79,79,84,84,84,84,84,84,84,84,84,84,84,89,89,89,89,89,89,89,89,85,85,85,85,85,85,85,85,85,85,85,85,85,85,85,85,85,85],"card_choices":[{"not_picked":["Storm","Lockon"],"picked":"Darkness","floor":1},{"not_picked":["Ball Lightning","Heatsinks"],"picked":"Compile Driver","floor":3},{"not_picked":["Skim","Streamline"],"picked":"Hologram","floor":7},{"not_picked":["Hello World","Reprogram","Blizzard"],"picked":"SKIP","floor":10},{"not_picked":["Melter","Beam Cell","Coolheaded"],"picked":"SKIP","floor":11},{"not_picked":["Rebound","Turbo"],"picked":"Redo","floor":13},{"not_picked":["BootSequence","Undo"],"picked":"Conserve Battery","floor":14},{"not_picked":["Fission","Rainbow"],"picked":"Electrodynamics","floor":16},{"not_picked":["Cold Snap","Undo"],"picked":"BootSequence","floor":18},{"not_picked":["Stack","Redo","Reprogram"],"picked":"SKIP","floor":24},{"not_picked":["Recycle","Leap","Barrage"],"picked":"SKIP","floor":28},{"not_picked":["Gash","Blizzard"],"picked":"Self Repair","floor":29},{"not_picked":["Reprogram","Scrape"],"picked":"Skim","floor":31},{"not_picked":["Hyperbeam","Rainbow"],"picked":"Echo Form","floor":33},{"not_picked":["Reprogram","Leap"],"picked":"Conserve Battery","floor":35},{"not_picked":["Sweeping Beam","Rebound"],"picked":"Redo+1","floor":37},{"not_picked":["Conserve Battery","Redo"],"picked":"Undo","floor":41},{"not_picked":["Violence","Panache"],"picked":"Master of Strategy","floor":42},{"not_picked":["Jack Of All Trades","Forethought"],"picked":"Finesse","floor":42},{"not_picked":["Tempest+1","Cold Snap","Amplify"],"picked":"SKIP","floor":45},{"not_picked":["Tempest+1","Cold Snap","Amplify"],"picked":"SKIP","floor":45},{"not_picked":["Beam Cell","Chaos","Ball Lightning"],"picked":"SKIP","floor":46},{"not_picked":["Scrape","Go for the Eyes","Cold Snap"],"picked":"SKIP","floor":47},{"not_picked":["Sweeping Beam","Compile Driver"],"picked":"Defragment","floor":48},{"not_picked":["Conserve Battery","Streamline"],"picked":"Gash","floor":55}],"player_experience":4509939,"relics_obtained":[{"floor":10,"key":"Bag of Preparation"},{"floor":13,"key":"Art of War"},{"floor":22,"key":"Enchiridion"},{"floor":24,"key":"Anchor"},{"floor":26,"key":"Bronze Scales"},{"floor":37,"key":"Shovel"},{"floor":38,"key":"StoneCalendar"},{"floor":43,"key":"Ornamental Fan"},{"floor":45,"key":"Bottled Tornado"},{"floor":49,"key":"Blood Vial"},{"floor":53,"key":"Kunai"},{"floor":55,"key":"Sundial"}],"event_choices":[{"damage_healed":0,"gold_gain":0,"player_choice":"Donut","damage_taken":0,"max_hp_gain":5,"max_hp_loss":0,"event_name":"Big Fish","floor":2,"gold_loss":0},{"damage_healed":0,"gold_gain":0,"player_choice":"Ignored","damage_taken":0,"max_hp_gain":0,"max_hp_loss":0,"event_name":"Liars Game","floor":4,"gold_loss":0},{"damage_healed":0,"gold_gain":0,"cards_transformed":["Strike_B"],"player_choice":"Change","damage_taken":0,"max_hp_gain":0,"max_hp_loss":0,"event_name":"Living Wall","floor":5,"gold_loss":0,"cards_obtained":["Amplify"]},{"damage_healed":0,"gold_gain":0,"player_choice":"Ignored","damage_taken":0,"max_hp_gain":0,"max_hp_loss":0,"event_name":"The Mausoleum","floor":19,"gold_loss":0},{"damage_healed":0,"gold_gain":0,"player_choice":"Shed Blood","damage_taken":28,"max_hp_gain":5,"max_hp_loss":0,"event_name":"Forgotten Altar","floor":20,"gold_loss":0},{"damage_healed":0,"gold_gain":0,"player_choice":"Obtained Relic","damage_taken":0,"relics_obtained":["Meat on the Bone"],"max_hp_gain":0,"max_hp_loss":0,"event_name":"Addict","floor":21,"gold_loss":85},{"damage_healed":0,"gold_gain":0,"player_choice":"Obtained Book","damage_taken":21,"max_hp_gain":0,"max_hp_loss":0,"event_name":"Cursed Tome","floor":22,"gold_loss":0},{"damage_healed":0,"gold_gain":0,"player_choice":"Ignored","damage_taken":0,"max_hp_gain":0,"max_hp_loss":0,"event_name":"Tomb of Lord Red Mask","floor":36,"gold_loss":0},{"damage_healed":0,"gold_gain":0,"player_choice":"Fight","damage_taken":0,"max_hp_gain":0,"max_hp_loss":0,"event_name":"Mysterious Sphere","floor":37,"gold_loss":0},{"damage_healed":0,"gold_gain":0,"player_choice":"Fight","damage_taken":0,"max_hp_gain":0,"max_hp_loss":0,"event_name":"MindBloom","floor":38,"gold_loss":0},{"damage_healed":0,"gold_gain":0,"player_choice":"Max HP","damage_taken":0,"max_hp_gain":0,"max_hp_loss":4,"event_name":"Winding Halls","floor":39,"gold_loss":0},{"damage_healed":0,"gold_gain":0,"player_choice":"Memory 3","damage_taken":10,"max_hp_gain":0,"max_hp_loss":0,"event_name":"SensoryStone","floor":42,"gold_loss":0}],"is_beta":false,"boss_relics":[{"not_picked":["Runic Dome","Coffee Dripper"],"picked":"Pandora\u0027s Box"},{"not_picked":["Black Star","FrozenCore"],"picked":"Fusion Hammer"}],"items_purged_floors":[12,25,44],"is_endless":false,"potions_floor_spawned":[1,3,11,13,18,31,38,45,46,47,55],"ascension_level":20}