{"gold_per_floor":[114,134,134,149,6,6,35,35,88,88,88,99,5,5],"floor_reached":14,"playtime":834,"items_purged":[],"score":154,"play_id":"ef79beb7-5702-479e-b903-d89b22ff9766","local_time":"20190308185917","is_ascension_mode":true,"campfire_choices":[{"floor":6,"key":"REST"},{"floor":10,"key":"REST"}],"neow_cost":"TEN_PERCENT_HP_LOSS","seed_source_timestamp":486306126484262,"circlet_count":0,"master_deck":["AscendersBane","Strike_B+1","Strike_B+1","Strike_B","Strike_B","Defend_B","Defend_B","Defend_B","Defend_B","Zap+1","Dualcast","Purity+1","Magnetism+1","Turbo","Reprogram","Reprogram","Rainbow","Consume+1","Panacea+1"],"relics":["Cracked Core","Whetstone","Shuriken","Toxic Egg 2","PreservedInsect"],"potions_floor_usage":[14],"damage_taken":[{"damage":4,"enemies":"Small Slimes","floor":1,"turns":3},{"damage":1,"enemies":"Cultist","floor":2,"turns":4},{"damage":15,"enemies":"2 Louse","floor":4,"turns":2},{"damage":40,"enemies":"Lagavulin","floor":7,"turns":9},{"damage":20,"enemies":"Exordium Thugs","floor":12,"turns":5},{"damage":18,"enemies":"Gremlin Nob","floor":14,"turns":2}],"seed_played":"-6260369899757897344","potions_obtained":[{"floor":12,"key":"SkillPotion"}],"is_trial":false,"path_per_floor":["M","M","?","M","$","R","E","T","T","R","?","M","$","E"],"character_chosen":"DEFECT","items_purchased":["Whetstone","Panacea+1"],"campfire_rested":2,"item_purchase_floors":[5,13],"current_hp_per_floor":[60,59,59,44,44,63,23,23,23,42,23,3,3,0],"gold":5,"neow_bonus":"RANDOM_COLORLESS_2","is_prod":false,"is_daily":false,"chose_seed":false,"campfire_upgraded":0,"win_rate":0,"timestamp":1552039157,"path_taken":["M","M","?","?","$","R","E","?","T","R","?","?","?","E"],"build_version":"2019-01-23","purchased_purges":0,"victory":false,"max_hp_per_floor":[64,64,64,64,64,64,64,64,64,64,64,64,64,64],"card_choices":[{"not_picked":["Barrage","Redo"],"picked":"Turbo","floor":1},{"not_picked":["Streamline","Ball Lightning"],"picked":"Reprogram","floor":2},{"not_picked":["Leap","Go for the Eyes"],"picked":"Reprogram","floor":4},{"not_picked":["Ball Lightning","White Noise"],"picked":"Rainbow","floor":7},{"not_picked":["Beam Cell","Doom and Gloom"],"picked":"Consume+1","floor":12}],"player_experience":1050651,"relics_obtained":[{"floor":7,"key":"Shuriken"},{"floor":8,"key":"Toxic Egg 2"},{"floor":9,"key":"PreservedInsect"}],"event_choices":[{"damage_healed":0,"gold_gain":0,"player_choice":"Upgraded","damage_taken":0,"max_hp_gain":0,"max_hp_loss":0,"event_name":"Upgrade Shrine","floor":3,"gold_loss":0,"cards_upgraded":["Purity"]},{"damage_healed":0,"gold_gain":0,"player_choice":"Entered Light","damage_taken":19,"max_hp_gain":0,"max_hp_loss":0,"event_name":"Shining Light","floor":11,"gold_loss":0,"cards_upgraded":["Magnetism","Zap"]}],"is_beta":false,"boss_relics":[],"items_purged_floors":[],"is_endless":false,"potions_floor_spawned":[12],"killed_by":"Gremlin Nob","ascension_level":15}