{"gold_per_floor":[110,123,143,159,178,178,207,207,207,235,245,280,280,294,294,368,418,429,164,89,89,106,106,131,131,131,131,131,150,150,63,63,137,137,153,103,121,71,71,71],"floor_reached":40,"playtime":1111,"items_purged":["Strike_R","Strike_R","Strike_R+1","Bash"],"score":848,"play_id":"75288ca5-fa33-4415-b73b-437565abd48c","local_time":"20190212025420","is_ascension_mode":true,"campfire_choices":[{"data":"Carnage","floor":6.0,"key":"SMITH"},{"floor":8.0,"key":"REST"},{"data":"Fiend Fire","floor":13.0,"key":"SMITH"},{"data":"Anger","floor":15.0,"key":"SMITH"},{"data":"Rage","floor":23.0,"key":"SMITH"},{"floor":28.0,"key":"REST"},{"floor":32.0,"key":"REST"}],"neow_cost":"PERCENT_DAMAGE","seed_source_timestamp":1065061668322600,"circlet_count":0,"master_deck":["AscendersBane","Defend_R","Defend_R","Anger+1","Whirlwind","Carnage+1","Headbutt","Thunderclap","Pummel","Flame Barrier","Shrug It Off","Fiend Fire+1","Battle Trance","Exhume","Intimidate","Rage+1","Pommel Strike","Twin Strike","Inflame","Feed","Seeing Red+1"],"special_seed":0,"relics":["Burning Blood","Unceasing Top","Gremlin Horn","Smiling Mask","Happy Flower","Mummified Hand","Tiny House","Brimstone","Bag of Marbles","Ancient Tea Set","Runic Dome"],"potions_floor_usage":[33,37,40],"damage_taken":[{"damage":12.0,"enemies":"Cultist","floor":1.0,"turns":4.0},{"damage":5.0,"enemies":"2 Louse","floor":2.0,"turns":3.0},{"damage":0.0,"enemies":"Small Slimes","floor":3.0,"turns":2.0},{"damage":6.0,"enemies":"3 Louse","floor":4.0,"turns":2.0},{"damage":16.0,"enemies":"Blue Slaver","floor":5.0,"turns":4.0},{"damage":15.0,"enemies":"Lagavulin","floor":7.0,"turns":5.0},{"damage":8.0,"enemies":"Gremlin Nob","floor":10.0,"turns":3.0},{"damage":0.0,"enemies":"Large Slime","floor":11.0,"turns":2.0},{"damage":12.0,"enemies":"3 Sentries","floor":12.0,"turns":5.0},{"damage":0.0,"enemies":"Looter","floor":14.0,"turns":3.0},{"damage":50.0,"enemies":"Hexaghost","floor":16.0,"turns":9.0},{"damage":32.0,"enemies":"Shell Parasite","floor":18.0,"turns":5.0},{"damage":0.0,"enemies":"Spheric Guardian","floor":22.0,"turns":2.0},{"damage":22.0,"enemies":"Gremlin Leader","floor":24.0,"turns":4.0},{"damage":13.0,"enemies":"Snake Plant","floor":29.0,"turns":2.0},{"damage":18,"enemies":"Automaton","floor":33,"turns":4},{"damage":0,"enemies":"3 Shapes","floor":35,"turns":1},{"damage":0,"enemies":"Orb Walker","floor":37,"turns":1},{"damage":93,"enemies":"Time Eater","floor":40,"turns":4}],"seed_played":"8804961644520333979","potions_obtained":[{"floor":1.0,"key":"Weak Potion"},{"floor":2.0,"key":"Block Potion"},{"floor":7.0,"key":"Strength Potion"},{"floor":14.0,"key":"Explosive Potion"},{"floor":17.0,"key":"Strength Potion"},{"floor":18.0,"key":"FearPotion"},{"floor":33,"key":"Energy Potion"}],"is_trial":false,"path_per_floor":["M","M","M","M","M","R","E","R","T","E","M","E","R","M","R","B",null,"M","$","?","?","M","R","E","?","T","?","R","M","?","$","R","B",null,"M","$","M","$","?","B"],"character_chosen":"IRONCLAD","items_purchased":["Brimstone","Inflame"],"campfire_rested":3,"item_purchase_floors":[19,31],"current_hp_per_floor":[44,45,51,51,41,41,32,54,54,52,58,52,52,58,58,14,65,39,39,39,39,45,45,29,29,29,29,53,46,23,23,48,36,73,79,79,85,85,85,0],"gold":71,"neow_bonus":"ONE_RARE_RELIC","is_prod":false,"is_daily":false,"chose_seed":false,"campfire_upgraded":4,"win_rate":0,"timestamp":1549907660,"path_taken":["M","M","M","M","M","R","E","R","T","E","M","E","R","M","R","BOSS","M","?","?","?","M","R","E","?","T","?","R","?","?","$","R","BOSS","M","$","M","$","?","BOSS"],"build_version":"2019-01-23","purchased_purges":4,"victory":false,"max_hp_per_floor":[75,75,75,75,75,75,75,75,75,75,75,75,75,75,75,75,80,80,80,80,80,80,80,80,80,80,80,80,80,85,85,85,85,85,85,85,85,85,85,85],"card_choices":[{"not_picked":["Infernal Blade","Cleave"],"picked":"Anger","floor":1.0},{"not_picked":["Infernal Blade","Thunderclap"],"picked":"Whirlwind","floor":2.0},{"not_picked":["Armaments","Sentinel"],"picked":"Carnage","floor":3.0},{"not_picked":["Shrug It Off","Wild Strike"],"picked":"Headbutt","floor":4.0},{"not_picked":["Rage","Rampage"],"picked":"Thunderclap","floor":5.0},{"not_picked":["Whirlwind","Wild Strike"],"picked":"Pummel","floor":7.0},{"not_picked":["Havoc","Brutality"],"picked":"Flame Barrier","floor":10.0},{"not_picked":["Body Slam","Ghostly Armor"],"picked":"Shrug It Off","floor":11.0},{"not_picked":["Cleave","Shrug It Off"],"picked":"Fiend Fire","floor":12.0},{"not_picked":["Blood for Blood","Searing Blow"],"picked":"Battle Trance","floor":14.0},{"not_picked":["Brutality","Juggernaut"],"picked":"Exhume","floor":16.0},{"not_picked":["Searing Blow","Uppercut"],"picked":"Intimidate","floor":18.0},{"not_picked":["Clothesline","Pommel Strike"],"picked":"Rage","floor":22.0},{"not_picked":["Infernal Blade","Carnage","Flame Barrier"],"picked":"SKIP","floor":24.0},{"not_picked":["Headbutt","Twin Strike","Shrug It Off"],"picked":"SKIP","floor":29.0},{"not_picked":["Brutality","Berserk"],"picked":"Feed","floor":33},{"not_picked":["Anger","Rampage"],"picked":"Seeing Red+1","floor":35},{"not_picked":["Clash","Clothesline","Pommel Strike"],"picked":"SKIP","floor":37}],"player_experience":4269188,"relics_obtained":[{"floor":7.0,"key":"Gremlin Horn"},{"floor":9.0,"key":"Smiling Mask"},{"floor":10.0,"key":"Happy Flower"},{"floor":12.0,"key":"Mummified Hand"},{"floor":24.0,"key":"Bag of Marbles"},{"floor":26.0,"key":"Ancient Tea Set"}],"event_choices":[{"cards_removed":["Strike_R"],"damage_healed":0.0,"max_hp_gain":0.0,"max_hp_loss":0.0,"gold_gain":0.0,"event_name":"Beggar","player_choice":"Gave Gold","floor":20.0,"gold_loss":75.0,"damage_taken":0.0},{"damage_healed":0.0,"max_hp_gain":0.0,"max_hp_loss":0.0,"gold_gain":0.0,"event_name":"Vampires","player_choice":"Ignored","floor":21.0,"gold_loss":0.0,"damage_taken":0.0},{"damage_healed":0.0,"max_hp_gain":0.0,"max_hp_loss":0.0,"gold_gain":0.0,"cards_transformed":["Defend_R","Defend_R"],"event_name":"Drug Dealer","player_choice":"Became Test Subject","floor":25.0,"gold_loss":0.0,"damage_taken":0.0,"cards_obtained":["Pommel Strike","Twin Strike"]},{"cards_removed":["Strike_R"],"damage_healed":0.0,"max_hp_gain":0.0,"max_hp_loss":0.0,"gold_gain":0.0,"event_name":"Back to Basics","player_choice":"Elegance","floor":27.0,"gold_loss":0.0,"damage_taken":0.0},{"damage_healed":0.0,"max_hp_gain":5.0,"max_hp_loss":0.0,"gold_gain":0.0,"event_name":"Forgotten Altar","player_choice":"Shed Blood","floor":30.0,"gold_loss":0.0,"damage_taken":28.0},{"damage_healed":0,"gold_gain":0,"player_choice":"Took Portal","damage_taken":0,"max_hp_gain":0,"max_hp_loss":0,"event_name":"SecretPortal","floor":39,"gold_loss":0}],"is_beta":false,"boss_relics":[{"not_picked":["Snecko Eye","Eternal Feather"],"picked":"Tiny House"},{"not_picked":["Calling Bell","Busted Crown"],"picked":"Runic Dome"}],"items_purged_floors":[19,31,36,38],"is_endless":false,"potions_floor_spawned":[1,2,7,14,18,33,35],"killed_by":"Time Eater","ascension_level":20}