{"gold_per_floor":[118,118,118,43,62,62,96,149,149,167,186,216,216,244,244,322,322,333,20,33,45,45,75,75,100,170,190,201,213,128,147,147,219,219,233,245,263,263,263,293,293,319,342,342,373,391,391,97,97,97,97,97,97,13,42,42],"floor_reached":57,"playtime":2970,"items_purged":["Strike_B","Injury","Writhe"],"score":2875,"play_id":"d947cb90-5aa1-4e5c-a251-0043b14d366e","local_time":"20190107013748","is_ascension_mode":true,"campfire_choices":[{"data":"Defragment","floor":6.0,"key":"SMITH"},{"data":"Zap","floor":13.0,"key":"SMITH"},{"data":"Tempest","floor":15.0,"key":"SMITH"},{"data":"Consume","floor":24.0,"key":"SMITH"},{"data":"Chaos","floor":32.0,"key":"SMITH"},{"floor":41.0,"key":"REST"},{"floor":44.0,"key":"RECALL"},{"data":"Thunder Strike","floor":49.0,"key":"SMITH"},{"data":"Conserve Battery","floor":53.0,"key":"SMITH"}],"neow_cost":"PERCENT_DAMAGE","seed_source_timestamp":427053643445809,"circlet_count":0,"master_deck":["AscendersBane","Zap+1","Dualcast","Ball Lightning","Defragment+1","Chill","Leap","Cold Snap","Tempest+1","Thunder Strike+1","Conserve Battery+1","Chaos+1","Consume+1","Chill","Core Surge","Core Surge","Rebound","BootSequence","White Noise","Sweeping Beam","Self Repair","Static Discharge+1","Coolheaded","Echo Form","Force Field+1","Biased Cognition"],"special_seed":0,"relics":["Cracked Core","Matryoshka","Strawberry","Tiny Chest","Gremlin Horn","Gambling Chip","Omamori","FossilizedHelix","Calling Bell","DataDisk","Meat on the Bone","Pocketwatch","Runic Capacitor","Darkstone Periapt","Pear","Pantograph","Pandora\u0027s Box","Bottled Lightning","PreservedInsect","Ancient Tea Set","Bag of Preparation","Letter Opener"],"potions_floor_usage":[56,56],"damage_taken":[{"damage":7.0,"enemies":"Jaw Worm","floor":1.0,"turns":4.0},{"damage":4.0,"enemies":"Small Slimes","floor":5.0,"turns":3.0},{"damage":11.0,"enemies":"Gremlin Nob","floor":7.0,"turns":3.0},{"damage":0.0,"enemies":"2 Louse","floor":10.0,"turns":2.0},{"damage":5.0,"enemies":"Red Slaver","floor":11.0,"turns":4.0},{"damage":4.0,"enemies":"3 Sentries","floor":12.0,"turns":7.0},{"damage":23.0,"enemies":"Gremlin Nob","floor":14.0,"turns":4.0},{"damage":12.0,"enemies":"Hexaghost","floor":16.0,"turns":11.0},{"damage":0.0,"enemies":"Chosen","floor":18.0,"turns":4.0},{"damage":6.0,"enemies":"3 Byrds","floor":20.0,"turns":4.0},{"damage":10.0,"enemies":"Cultist and Chosen","floor":21.0,"turns":5.0},{"damage":22.0,"enemies":"Book of Stabbing","floor":23.0,"turns":5.0},{"damage":14.0,"enemies":"Slavers","floor":25.0,"turns":6.0},{"damage":0.0,"enemies":"Snecko","floor":27.0,"turns":3.0},{"damage":0.0,"enemies":"Snake Plant","floor":28.0,"turns":5.0},{"damage":0.0,"enemies":"Chosen and Byrds","floor":29.0,"turns":5.0},{"damage":0.0,"enemies":"Centurion and Healer","floor":31.0,"turns":8.0},{"damage":50.0,"enemies":"Champ","floor":33.0,"turns":9.0},{"damage":0.0,"enemies":"Orb Walker","floor":35.0,"turns":3.0},{"damage":0.0,"enemies":"3 Darklings","floor":36.0,"turns":6.0},{"damage":0.0,"enemies":"Transient","floor":37.0,"turns":6.0},{"damage":76.0,"enemies":"Giant Head","floor":40.0,"turns":10.0},{"damage":20.0,"enemies":"Reptomancer","floor":42.0,"turns":7.0},{"damage":3.0,"enemies":"Giant Head","floor":45.0,"turns":5.0},{"damage":0.0,"enemies":"Spire Growth","floor":46.0,"turns":6.0},{"damage":0.0,"enemies":"Time Eater","floor":50.0,"turns":10.0},{"damage":17.0,"enemies":"Donu and Deca","floor":51.0,"turns":8.0},{"damage":80.0,"enemies":"Shield and Spear","floor":55.0,"turns":8.0},{"damage":57,"enemies":"The Heart","floor":56,"turns":8}],"seed_played":"-2590493471933531778","potions_obtained":[{"floor":7.0,"key":"EssenceOfSteel"},{"floor":12.0,"key":"SteroidPotion"},{"floor":18.0,"key":"Poison Potion"},{"floor":21.0,"key":"Swift Potion"},{"floor":23.0,"key":"Block Potion"},{"floor":35.0,"key":"SkillPotion"},{"floor":55.0,"key":"Strength Potion"}],"is_trial":false,"path_per_floor":["M","?","?","$","M","R","E","T","T","M","M","E","R","E","R","B",null,"M","$","M","M","?","E","R","E","T","M","M","M","?","M","R","B",null,"M","M","M","?","?","E","R","E","T","R","E","M","?","$","R","B","B",null,"R","$","E","B",null],"character_chosen":"DEFECT","items_purchased":["Runic Capacitor","Bag of Preparation","Regen Potion"],"campfire_rested":1,"item_purchase_floors":[19,48,54],"current_hp_per_floor":[53,58,58,58,54,54,43,50,50,50,45,41,41,18,18,6,74,74,74,68,58,97,75,75,61,71,71,71,71,71,71,71,58,95,95,102,102,102,102,45,77,57,57,57,54,68,95,95,95,113,96,109,109,109,48,43],"gold":42,"neow_bonus":"TWENTY_PERCENT_HP_BONUS","is_prod":false,"is_daily":false,"chose_seed":false,"campfire_upgraded":7,"win_rate":0,"timestamp":1546792668,"path_taken":["M","?","?","?","M","R","E","?","T","M","M","E","R","E","R","BOSS","M","$","M","M","?","E","R","E","T","?","M","M","?","M","R","BOSS","M","M","M","?","?","E","R","E","T","R","E","M","?","?","R","BOSS","BOSS","R","$","E","BOSS"],"build_version":"2019-01-03v4","purchased_purges":3,"victory":true,"max_hp_per_floor":[85,90,90,90,90,90,90,97,97,97,97,97,97,97,97,97,97,97,97,97,97,97,97,97,97,107,107,107,107,107,107,107,107,107,107,107,107,107,107,107,107,107,107,107,107,107,113,113,113,113,113,113,113,113,113,113],"card_choices":[{"not_picked":["Conserve Battery","Redo"],"picked":"Ball Lightning","floor":1.0},{"not_picked":["Storm","Beam Cell","Fusion"],"picked":"SKIP","floor":5.0},{"not_picked":["Genetic Algorithm","Sunder"],"picked":"Chill","floor":7.0},{"not_picked":["Force Field","Gash"],"picked":"Leap","floor":10.0},{"not_picked":["Hologram","Beam Cell"],"picked":"Cold Snap","floor":11.0},{"not_picked":["Conserve Battery","Go for the Eyes","Reprogram"],"picked":"SKIP","floor":12.0},{"not_picked":["Storm","Cold Snap"],"picked":"Tempest","floor":14.0},{"not_picked":["Buffer","Hyperbeam"],"picked":"Thunder Strike","floor":16.0},{"not_picked":["White Noise","Sweeping Beam","Tempest"],"picked":"SKIP","floor":18.0},{"not_picked":["Redo","Force Field"],"picked":"Conserve Battery","floor":20.0},{"not_picked":["Gash","Cold Snap"],"picked":"Chaos","floor":21.0},{"not_picked":["Double Energy","Streamline+1"],"picked":"Consume","floor":23.0},{"not_picked":["Defragment","Self Repair"],"picked":"Chill","floor":25.0},{"not_picked":["Hologram","Undo","Leap"],"picked":"SKIP","floor":27.0},{"not_picked":["Ball Lightning","Compile Driver","Meteor Strike"],"picked":"SKIP","floor":28.0},{"not_picked":["Sweeping Beam","Conserve Battery","Go for the Eyes"],"picked":"SKIP","floor":29.0},{"not_picked":["Doom and Gloom","Sweeping Beam","Rip and Tear"],"picked":"SKIP","floor":31.0},{"not_picked":["Reboot","Seek"],"picked":"Core Surge","floor":33.0},{"not_picked":["Self Repair+1","Ball Lightning"],"picked":"Static Discharge+1","floor":35.0},{"not_picked":["Gash","Sweeping Beam"],"picked":"Coolheaded","floor":36.0},{"not_picked":["Stack+1","Streamline","Go for the Eyes"],"picked":"SKIP","floor":37.0},{"not_picked":["Streamline+1","Hologram+1","Static Discharge"],"picked":"SKIP","floor":40.0},{"not_picked":["Redo","Melter"],"picked":"Echo Form","floor":42.0},{"not_picked":["Barrage","Turbo"],"picked":"Force Field+1","floor":45.0},{"not_picked":["Sunder","Streamline","Fusion"],"picked":"SKIP","floor":46.0},{"not_picked":["Redo","Skim+1"],"picked":"Biased Cognition","floor":55.0}],"player_experience":3998210,"relics_obtained":[{"floor":7.0,"key":"Matryoshka"},{"floor":8.0,"key":"Strawberry"},{"floor":8.0,"key":"Tiny Chest"},{"floor":9.0,"key":"Gremlin Horn"},{"floor":9.0,"key":"Gambling Chip"},{"floor":12.0,"key":"Omamori"},{"floor":14.0,"key":"FossilizedHelix"},{"floor":17.0,"key":"DataDisk"},{"floor":17.0,"key":"Meat on the Bone"},{"floor":17.0,"key":"Pocketwatch"},{"floor":23.0,"key":"Darkstone Periapt"},{"floor":26.0,"key":"Pear"},{"floor":40.0,"key":"Bottled Lightning"},{"floor":42.0,"key":"PreservedInsect"},{"floor":45.0,"key":"Ancient Tea Set"},{"floor":55.0,"key":"Letter Opener"}],"event_choices":[{"damage_healed":0.0,"max_hp_gain":5.0,"max_hp_loss":0.0,"gold_gain":0.0,"event_name":"Big Fish","player_choice":"Donut","floor":2.0,"gold_loss":0.0,"damage_taken":0.0},{"damage_healed":0.0,"max_hp_gain":0.0,"max_hp_loss":0.0,"gold_gain":0.0,"cards_transformed":["Strike_B"],"event_name":"Living Wall","player_choice":"Change","floor":3.0,"gold_loss":0.0,"damage_taken":0.0,"cards_obtained":["Defragment"]},{"damage_healed":39.0,"max_hp_gain":0.0,"max_hp_loss":0.0,"gold_gain":0.0,"event_name":"Wheel of Change","player_choice":"Full Heal","floor":22.0,"gold_loss":0.0,"damage_taken":0.0},{"damage_healed":0.0,"max_hp_gain":0.0,"max_hp_loss":0.0,"gold_gain":0.0,"event_name":"Addict","player_choice":"Obtained Relic","floor":30.0,"gold_loss":85.0,"damage_taken":0.0,"relics_obtained":["Pantograph"]},{"damage_healed":0.0,"max_hp_gain":0.0,"max_hp_loss":0.0,"gold_gain":0.0,"event_name":"Tomb of Lord Red Mask","player_choice":"Ignored","floor":38.0,"gold_loss":0.0,"damage_taken":0.0},{"damage_healed":0.0,"max_hp_gain":0.0,"max_hp_loss":0.0,"gold_gain":0.0,"event_name":"SensoryStone","player_choice":"Memory 1","floor":39.0,"gold_loss":0.0,"damage_taken":0.0},{"damage_healed":21.0,"max_hp_gain":0.0,"max_hp_loss":0.0,"gold_gain":0.0,"event_name":"Winding Halls","player_choice":"Writhe","floor":47.0,"gold_loss":0.0,"damage_taken":0.0,"cards_obtained":["Writhe"]}],"is_beta":false,"boss_relics":[{"not_picked":["Ectoplasm","Eternal Feather"],"picked":"Calling Bell"},{"not_picked":["White Beast Statue","Runic Pyramid"],"picked":"Pandora\u0027s Box"}],"items_purged_floors":[4,19,48],"is_endless":false,"potions_floor_spawned":[7,12,18,21,23,35,37,55],"ascension_level":20}