{"gold_per_floor":[110,35,35,35,53,53,53,53,79,102,102,102,102,17,17,115,115,134,134,151,161,71,71,87,117,142,142,142,142,142,42,42,117,117,133,0,0,15,33,68,68,68,121,121,71,71,86,139,139,139],"floor_reached":51,"playtime":2340,"items_purged":["Strike_B","Strike_B"],"score":1197,"play_id":"1e233cbe-da99-4e6d-afc9-5836fd26f1f5","local_time":"20190223214258","is_ascension_mode":true,"campfire_choices":[{"data":"Dualcast","floor":6.0,"key":"SMITH"},{"floor":8.0,"key":"REST"},{"floor":11.0,"key":"REST"},{"data":"Consume","floor":15.0,"key":"SMITH"},{"floor":23.0,"key":"REST"},{"floor":27.0,"key":"REST"},{"data":"Defragment","floor":29.0,"key":"SMITH"},{"floor":32.0,"key":"REST"},{"floor":41,"key":"REST"},{"floor":46,"key":"REST"},{"floor":49,"key":"REST"}],"neow_cost":"NONE","seed_source_timestamp":267220721815673,"circlet_count":0,"master_deck":["AscendersBane","Strike_B","Defend_B","Defend_B","Defend_B","Zap","Dualcast+1","Auto Shields","Coolheaded+1","Conserve Battery","Ball Lightning","Consume+1","Core Surge","Coolheaded+1","Core Surge","Defragment+1","Gash","Hologram+1","Scrape","Cold Snap","Defragment","Echo Form","Chill","Writhe","Go for the Eyes","Loop","Rebound+1","Reinforced Body+1"],"special_seed":0,"relics":["Cracked Core","Juzu Bracelet","Bloody Idol","Dream Catcher","Sozu","Pear","DataDisk","Bag of Preparation","Inserter","Red Mask","Darkstone Periapt","Orichalcum","Emotion Chip"],"potions_floor_usage":[],"damage_taken":[{"damage":1.0,"enemies":"Cultist","floor":1.0,"turns":3.0},{"damage":4.0,"enemies":"Jaw Worm","floor":5.0,"turns":4.0},{"damage":0.0,"enemies":"2 Louse","floor":10.0,"turns":3.0},{"damage":28.0,"enemies":"Slime Boss","floor":16.0,"turns":9.0},{"damage":18.0,"enemies":"Shell Parasite","floor":18.0,"turns":5.0},{"damage":6.0,"enemies":"Spheric Guardian","floor":20.0,"turns":3.0},{"damage":8.0,"enemies":"Cultist and Chosen","floor":21.0,"turns":8.0},{"damage":17.0,"enemies":"Centurion and Healer","floor":24.0,"turns":6.0},{"damage":30.0,"enemies":"Slavers","floor":25.0,"turns":9.0},{"damage":48.0,"enemies":"Champ","floor":33.0,"turns":14.0},{"damage":49.0,"enemies":"3 Shapes","floor":35.0,"turns":5.0},{"damage":6.0,"enemies":"Orb Walker","floor":38.0,"turns":6.0},{"damage":12.0,"enemies":"3 Darklings","floor":39.0,"turns":8.0},{"damage":18,"enemies":"Nemesis","floor":40,"turns":11},{"damage":16,"enemies":"4 Shapes","floor":47,"turns":6},{"damage":49,"enemies":"2 Orb Walkers","floor":48,"turns":7},{"damage":56,"enemies":"Awakened One","floor":50,"turns":19}],"seed_played":"-2529771722876775831","potions_obtained":[{"floor":12.0,"key":"SpeedPotion"},{"floor":12.0,"key":"FocusPotion"},{"floor":16.0,"key":"AttackPotion"}],"is_trial":false,"path_per_floor":["M","$","?","$","M","R","?","R","T","M","R","?","?","$","R","B",null,"M","?","M","M","$","R","M","E","T","R","?","R","?","$","R","B",null,"M","?","$","M","M","E","R","?","T","?","$","R","M","?","R","B",null],"character_chosen":"DEFECT","items_purchased":["Ball Lightning","Consume","Defragment","Gash","Go for the Eyes"],"campfire_rested":8,"item_purchase_floors":[14,14,22,22,45],"current_hp_per_floor":[70,70,59,59,55,55,28,51,51,51,74,74,74,74,74,46,70,52,52,51,48,48,71,59,44,49,75,75,75,75,75,88,45,77,33,33,33,32,25,12,38,62,67,67,67,94,83,39,67,11],"gold":139,"neow_bonus":"TEN_PERCENT_HP_BONUS","is_prod":false,"is_daily":false,"chose_seed":false,"campfire_upgraded":3,"win_rate":0,"timestamp":1550976178,"path_taken":["M","?","?","?","M","R","?","R","T","M","R","?","?","$","R","BOSS","M","?","M","M","$","R","M","E","T","R","?","R","?","?","R","BOSS","M","?","$","M","M","E","R","?","T","?","?","R","M","?","R","BOSS"],"build_version":"2019-01-23","purchased_purges":2,"victory":true,"max_hp_per_floor":[78,78,78,78,78,78,78,78,78,78,78,78,78,78,78,78,78,78,78,78,78,78,78,78,88,88,88,88,88,88,88,88,88,88,88,88,88,88,88,88,88,94,94,94,94,94,94,94,94,94],"card_choices":[{"not_picked":["Redo","Fusion","Rebound"],"picked":"SKIP","floor":1.0},{"not_picked":["Go for the Eyes","Conserve Battery"],"picked":"Auto Shields","floor":5.0},{"not_picked":["Ball Lightning","Self Repair"],"picked":"Coolheaded","floor":10.0},{"not_picked":["Reprogram","Thunder Strike"],"picked":"Conserve Battery","floor":11.0},{"not_picked":["Machine Learning","Thunder Strike"],"picked":"Core Surge","floor":16.0},{"not_picked":["Conserve Battery","Hologram"],"picked":"Coolheaded+1","floor":18.0},{"not_picked":["Turbo","Ball Lightning","Genetic Algorithm"],"picked":"SKIP","floor":20.0},{"not_picked":["Ball Lightning","Beam Cell"],"picked":"Core Surge","floor":21.0},{"not_picked":["Streamline","Skim"],"picked":"Scrape","floor":23.0},{"not_picked":["Stack","Undo+1"],"picked":"Hologram+1","floor":24.0},{"not_picked":["BootSequence","Hologram"],"picked":"Scrape","floor":25.0},{"not_picked":["Redo","Compile Driver"],"picked":"Cold Snap","floor":27.0},{"not_picked":["Chaos","Redo"],"picked":"Defragment","floor":32.0},{"not_picked":["Machine Learning","All For One"],"picked":"Echo Form","floor":33.0},{"not_picked":["Fusion","White Noise","Sunder"],"picked":"SKIP","floor":35.0},{"not_picked":["Leap","Ball Lightning+1","Cold Snap"],"picked":"SKIP","floor":38.0},{"not_picked":["Amplify","Rebound","Streamline"],"picked":"SKIP","floor":39.0},{"not_picked":["Stack","Genetic Algorithm","Beam Cell"],"picked":"SKIP","floor":40},{"not_picked":["Coolheaded","Ball Lightning"],"picked":"Chill","floor":41},{"not_picked":["Stack","Steam"],"picked":"Loop","floor":46},{"not_picked":["Conserve Battery","Go for the Eyes"],"picked":"Rebound+1","floor":47},{"not_picked":["Rip and Tear+1","Reprogram"],"picked":"Reinforced Body+1","floor":49}],"player_experience":506930,"relics_obtained":[{"floor":9.0,"key":"Dream Catcher"},{"floor":25.0,"key":"Pear"},{"floor":26.0,"key":"DataDisk"},{"floor":40,"key":"Darkstone Periapt"},{"floor":43,"key":"Orichalcum"},{"floor":48,"key":"Emotion Chip"}],"event_choices":[{"damage_healed":0.0,"max_hp_gain":0.0,"max_hp_loss":0.0,"gold_gain":0.0,"event_name":"Scrap Ooze","player_choice":"Success","floor":3.0,"gold_loss":0.0,"damage_taken":11.0,"relics_obtained":["Juzu Bracelet"]},{"damage_healed":0.0,"max_hp_gain":0.0,"max_hp_loss":0.0,"gold_gain":0.0,"event_name":"Golden Idol","player_choice":"Take Damage","floor":7.0,"gold_loss":0.0,"damage_taken":27.0,"relics_obtained":["Golden Idol"]},{"damage_healed":0.0,"max_hp_gain":0.0,"max_hp_loss":0.0,"gold_gain":0.0,"event_name":"Lab","player_choice":"Got Potions","floor":12.0,"gold_loss":0.0,"damage_taken":0.0},{"cards_removed":["Defend_B"],"damage_healed":0.0,"max_hp_gain":0.0,"max_hp_loss":0.0,"gold_gain":0.0,"event_name":"Bonfire Elementals","player_choice":"Offered Basic","floor":13.0,"gold_loss":0.0,"damage_taken":0.0},{"damage_healed":0.0,"max_hp_gain":0.0,"max_hp_loss":0.0,"gold_gain":0.0,"event_name":"Forgotten Altar","player_choice":"Gave Idol","floor":19.0,"relics_lost":["Golden Idol"],"gold_loss":0.0,"damage_taken":0.0,"relics_obtained":["Bloody Idol"]},{"cards_removed":["Scrape"],"damage_healed":0.0,"max_hp_gain":0.0,"max_hp_loss":0.0,"gold_gain":0.0,"event_name":"WeMeetAgain","player_choice":"Gave Card","floor":28.0,"gold_loss":0.0,"damage_taken":0.0,"relics_obtained":["Bag of Preparation"]},{"damage_healed":0.0,"max_hp_gain":0.0,"max_hp_loss":0.0,"gold_gain":0.0,"event_name":"Accursed Blacksmith","player_choice":"Forge","floor":30.0,"gold_loss":0.0,"damage_taken":0.0,"cards_upgraded":["Coolheaded"]},{"damage_healed":0.0,"max_hp_gain":0.0,"max_hp_loss":0.0,"gold_gain":0.0,"event_name":"Tomb of Lord Red Mask","player_choice":"Paid","floor":36.0,"gold_loss":133.0,"damage_taken":0.0,"relics_obtained":["Red Mask"]},{"damage_healed":18,"gold_gain":0,"player_choice":"Writhe","damage_taken":0,"max_hp_gain":0,"max_hp_loss":0,"event_name":"Winding Halls","floor":42,"gold_loss":0,"cards_obtained":["Writhe"]},{"cards_removed":["Strike_B"],"damage_healed":0,"gold_gain":0,"player_choice":"Removed Attack","damage_taken":0,"max_hp_gain":0,"max_hp_loss":0,"event_name":"Falling","floor":44,"gold_loss":0},{"damage_healed":0,"gold_gain":0,"player_choice":"Fight","damage_taken":0,"max_hp_gain":0,"max_hp_loss":0,"event_name":"Mysterious Sphere","floor":48,"gold_loss":0}],"is_beta":false,"boss_relics":[{"not_picked":["FrozenCore","Calling Bell"],"picked":"Sozu"},{"not_picked":["Fusion Hammer","Empty Cage"],"picked":"Inserter"}],"items_purged_floors":[2,31],"is_endless":false,"potions_floor_spawned":[16,20,24,39,40],"ascension_level":15}