{"gold_per_floor":[114,132,147,167,180,180,211,223,523,553,553,580,655,655,655,727,727,747,747,767,767,784,795,828,848,872,639,664,664,23,33,33,110,110,130,130,140,153,169,169,188,188,188,198,231,331,350,350,350,350,350,350,350,62,93,93],"floor_reached":57,"playtime":3222,"items_purged":["Strike_R","Perfected Strike","Pommel Strike"],"score":2681,"play_id":"b457190d-2e7a-4459-aa5a-c412e4430041","local_time":"20190214033912","is_ascension_mode":true,"campfire_choices":[{"data":"Whirlwind","floor":6.0,"key":"SMITH"},{"floor":11,"key":"REST"},{"floor":15,"key":"REST"},{"data":"True Grit","floor":32,"key":"SMITH"},{"data":"Limit Break","floor":40,"key":"SMITH"},{"data":"Strike_R+1","floor":42,"key":"PURGE"},{"floor":49,"key":"RECALL"},{"data":"Defend_R+1","floor":53,"key":"PURGE"}],"neow_cost":"NONE","seed_source_timestamp":1238521011814200,"circlet_count":0,"master_deck":["AscendersBane","Defend_R+1","Defend_R+1","Defend_R+1","Bash","Headbutt","Pummel+1","Whirlwind+1","Flame Barrier+1","Shrug It Off","Reaper","Metallicize","Offering","Uppercut+1","Battle Trance+1","Feel No Pain","Necronomicurse","True Grit+1","Spot Weakness","Evolve","Reaper","Battle Trance+1","Limit Break+1","Sentinel+1","Sword Boomerang","Inflame+1","Seeing Red","Clothesline+1","Pummel"],"special_seed":0,"relics":["Burning Blood","Bag of Marbles","Old Coin","Regal Pillow","Paper Frog","Astrolabe","Necronomicon","Peace Pipe","Bronze Scales","Red Mask","Kunai","Mummified Hand","Runic Pyramid","Matryoshka","War Paint","Mango","Ginger","Anchor","Strawberry"],"potions_floor_usage":[12,21,22,28,35,56,56],"damage_taken":[{"damage":4.0,"enemies":"Jaw Worm","floor":1.0,"turns":6.0},{"damage":6.0,"enemies":"Small Slimes","floor":2.0,"turns":4.0},{"damage":9.0,"enemies":"2 Louse","floor":3.0,"turns":3.0},{"damage":15.0,"enemies":"Exordium Wildlife","floor":4.0,"turns":4.0},{"damage":0.0,"enemies":"Gremlin Gang","floor":5.0,"turns":3.0},{"damage":44.0,"enemies":"Lagavulin","floor":7.0,"turns":9.0},{"damage":6.0,"enemies":"Looter","floor":8.0,"turns":3.0},{"damage":8,"enemies":"Gremlin Nob","floor":10,"turns":3},{"damage":35,"enemies":"Lagavulin","floor":12,"turns":6},{"damage":68,"enemies":"The Guardian","floor":16,"turns":13},{"damage":6,"enemies":"Chosen","floor":18,"turns":3},{"damage":9,"enemies":"3 Byrds","floor":20,"turns":3},{"damage":13,"enemies":"Shelled Parasite and Fungi","floor":22,"turns":6},{"damage":15,"enemies":"Snake Plant","floor":23,"turns":2},{"damage":35,"enemies":"Slavers","floor":24,"turns":2},{"damage":4,"enemies":"Centurion and Healer","floor":25,"turns":5},{"damage":8,"enemies":"Masked Bandits","floor":28,"turns":3},{"damage":16,"enemies":"Sentry and Sphere","floor":31,"turns":5},{"damage":66,"enemies":"Automaton","floor":33,"turns":9},{"damage":51,"enemies":"3 Darklings","floor":35,"turns":5},{"damage":17,"enemies":"3 Shapes","floor":37,"turns":11},{"damage":17,"enemies":"Spire Growth","floor":38,"turns":4},{"damage":47,"enemies":"4 Shapes","floor":39,"turns":9},{"damage":23,"enemies":"Transient","floor":41,"turns":6},{"damage":24,"enemies":"Maw","floor":44,"turns":7},{"damage":75,"enemies":"Giant Head","floor":45,"turns":7},{"damage":0,"enemies":"Mind Bloom Boss Battle","floor":46,"turns":4},{"damage":7,"enemies":"Jaw Worm Horde","floor":47,"turns":2},{"damage":127,"enemies":"Awakened One","floor":50,"turns":11},{"damage":66,"enemies":"Donu and Deca","floor":51,"turns":7},{"damage":38,"enemies":"Shield and Spear","floor":55,"turns":5},{"damage":160,"enemies":"The Heart","floor":56,"turns":8}],"seed_played":"4303013675227384396","potions_obtained":[{"floor":3.0,"key":"Explosive Potion"},{"floor":4.0,"key":"Block Potion"},{"floor":8,"key":"FairyPotion"},{"floor":10,"key":"Block Potion"},{"floor":20,"key":"Energy Potion"},{"floor":21,"key":"Fruit Juice"},{"floor":21,"key":"BloodPotion"},{"floor":25,"key":"Fire Potion"},{"floor":33,"key":"Block Potion"},{"floor":35,"key":"EssenceOfSteel"},{"floor":41,"key":"Swift Potion"},{"floor":44,"key":"GamblersBrew"},{"floor":46,"key":"Strength Potion"}],"is_trial":false,"path_per_floor":["M","M","M","M","M","R","E","M","T","E","R","E","?","?","R","B",null,"M","?","M","?","M","M","E","M","T","$","?","?","$","M","R","B",null,"M","?","M","M","M","R","M","R","T","M","E","?","M","?","R","B","B",null,"R","$","E","B",null],"character_chosen":"IRONCLAD","items_purchased":["Spot Weakness","Evolve","Kunai","Mummified Hand","Anchor"],"campfire_rested":2,"item_purchase_floors":[27,27,30,30,54],"current_hp_per_floor":[77,77,74,65,71,71,33,33,33,31,70,41,30,5,44,14,65,65,44,67,72,71,62,58,74,74,74,85,85,85,83,83,47,77,87,87,85,87,66,66,87,87,87,87,101,101,100,100,100,101,101,101,101,101,108,50],"gold":93,"neow_bonus":"TEN_PERCENT_HP_BONUS","is_prod":false,"is_daily":false,"chose_seed":false,"campfire_upgraded":3,"win_rate":0,"timestamp":1550083152,"path_taken":["M","M","M","M","M","R","E","M","T","E","R","E","?","?","R","BOSS","M","?","M","?","M","M","E","?","T","$","?","?","$","M","R","BOSS","M","?","?","M","M","R","M","R","T","M","E","?","M","?","R","BOSS","BOSS","R","$","E","BOSS"],"build_version":"2019-01-23","purchased_purges":3,"victory":true,"max_hp_per_floor":[82,82,82,82,82,82,82,82,82,82,82,82,82,82,82,82,82,82,82,82,87,87,87,87,87,87,87,87,87,87,87,87,87,87,87,87,87,87,87,87,87,87,87,87,101,101,101,101,101,101,101,101,101,101,108,108],"card_choices":[{"not_picked":["Shockwave","Heavy Blade"],"picked":"Perfected Strike","floor":1.0},{"not_picked":["Body Slam","Feel No Pain"],"picked":"Headbutt","floor":2.0},{"not_picked":["Heavy Blade","Clash"],"picked":"Pummel","floor":3.0},{"not_picked":["Thunderclap","Iron Wave"],"picked":"Pommel Strike","floor":4.0},{"not_picked":["Dropkick","Body Slam"],"picked":"Whirlwind","floor":5.0},{"not_picked":["Clothesline","Metallicize"],"picked":"Flame Barrier","floor":7.0},{"not_picked":["Sword Boomerang","Iron Wave"],"picked":"Shrug It Off","floor":8},{"not_picked":["Heavy Blade","Thunderclap"],"picked":"Reaper","floor":10},{"not_picked":["Pummel","Body Slam"],"picked":"Metallicize","floor":12},{"not_picked":["Limit Break","Fiend Fire"],"picked":"Offering","floor":16},{"not_picked":["Warcry","Anger+1"],"picked":"Feel No Pain","floor":18},{"not_picked":["Twin Strike","Body Slam","Sever Soul"],"picked":"SKIP","floor":20},{"not_picked":["Heavy Blade","Dropkick","Anger+1"],"picked":"SKIP","floor":22},{"not_picked":["Heavy Blade","Dropkick","Anger+1"],"picked":"SKIP","floor":22},{"not_picked":["Bloodletting","Twin Strike"],"picked":"True Grit","floor":23},{"not_picked":["Rampage","Intimidate"],"picked":"Seeing Red","floor":24},{"not_picked":["Wild Strike+1","Body Slam","Battle Trance"],"picked":"SKIP","floor":25},{"not_picked":["Wild Strike+1","Body Slam","Battle Trance"],"picked":"SKIP","floor":25},{"not_picked":["Twin Strike","Headbutt"],"picked":"Reaper","floor":28},{"not_picked":["Rampage","Armaments"],"picked":"Battle Trance","floor":31},{"not_picked":["Reaper","Bludgeon"],"picked":"Limit Break","floor":33},{"not_picked":["Heavy Blade","Shrug It Off+1"],"picked":"Sentinel+1","floor":35},{"not_picked":["Pummel","Cleave","Iron Wave+1"],"picked":"SKIP","floor":37},{"not_picked":["Anger","Pommel Strike"],"picked":"Sword Boomerang","floor":38},{"not_picked":["Power Through","Clothesline"],"picked":"Inflame+1","floor":39},{"not_picked":["Combust","Pommel Strike+1","Clash"],"picked":"SKIP","floor":41},{"not_picked":["Sword Boomerang+1","Havoc","Seeing Red"],"picked":"SKIP","floor":44},{"not_picked":["Sword Boomerang","Ghostly Armor"],"picked":"Seeing Red","floor":45},{"not_picked":["Anger","Flame Barrier"],"picked":"Clothesline+1","floor":46},{"not_picked":["Headbutt","Brutality","Warcry"],"picked":"SKIP","floor":47},{"not_picked":["Cleave+1","Combust"],"picked":"Pummel","floor":55}],"player_experience":4290703,"relics_obtained":[{"floor":7.0,"key":"Bag of Marbles"},{"floor":9,"key":"Old Coin"},{"floor":10,"key":"Regal Pillow"},{"floor":12,"key":"Paper Frog"},{"floor":19,"key":"Necronomicon"},{"floor":24,"key":"Peace Pipe"},{"floor":26,"key":"Bronze Scales"},{"floor":28,"key":"Red Mask"},{"floor":43,"key":"War Paint"},{"floor":45,"key":"Mango"},{"floor":46,"key":"Ginger"},{"floor":55,"key":"Strawberry"}],"event_choices":[{"damage_healed":0,"gold_gain":75,"player_choice":"Gather Gold","damage_taken":11,"max_hp_gain":0,"max_hp_loss":0,"event_name":"World of Goop","floor":13,"gold_loss":0},{"damage_healed":0,"gold_gain":0,"player_choice":"Entered Light","damage_taken":25,"max_hp_gain":0,"max_hp_loss":0,"event_name":"Shining Light","floor":14,"gold_loss":0,"cards_upgraded":["Strike_R","Pummel"]},{"damage_healed":0,"gold_gain":0,"player_choice":"Obtained Book","damage_taken":21,"max_hp_gain":0,"max_hp_loss":0,"event_name":"Cursed Tome","floor":19,"gold_loss":0},{"damage_healed":0,"gold_gain":0,"player_choice":"Got Potions","damage_taken":0,"max_hp_gain":0,"max_hp_loss":0,"event_name":"Lab","floor":21,"gold_loss":0},{"damage_healed":0,"gold_gain":0,"player_choice":"Fought Bandits","damage_taken":0,"max_hp_gain":0,"max_hp_loss":0,"event_name":"Masked Bandits","floor":28,"gold_loss":0},{"damage_healed":0,"gold_gain":0,"player_choice":"Simplicity","damage_taken":0,"max_hp_gain":0,"max_hp_loss":0,"event_name":"Back to Basics","floor":29,"gold_loss":0,"cards_upgraded":["Defend_R","Defend_R","Defend_R","Defend_R"]},{"cards_removed":["Entrench"],"damage_healed":0,"gold_gain":0,"player_choice":"Gave Card","damage_taken":0,"relics_obtained":["Matryoshka"],"max_hp_gain":0,"max_hp_loss":0,"event_name":"WeMeetAgain","floor":36,"gold_loss":0},{"damage_healed":0,"gold_gain":0,"player_choice":"Fight","damage_taken":0,"max_hp_gain":0,"max_hp_loss":0,"event_name":"MindBloom","floor":46,"gold_loss":0},{"cards_removed":["Seeing Red"],"damage_healed":0,"gold_gain":0,"player_choice":"Removed Skill","damage_taken":0,"max_hp_gain":0,"max_hp_loss":0,"event_name":"Falling","floor":48,"gold_loss":0}],"is_beta":false,"boss_relics":[{"not_picked":["Runic Dome","Mark of Pain"],"picked":"Astrolabe"},{"not_picked":["Velvet Choker","Cursed Key"],"picked":"Runic Pyramid"}],"items_purged_floors":[27,30,54],"is_endless":false,"potions_floor_spawned":[3,4,8,10,20,25,33,35,39,41,44,46,47,55],"ascension_level":20}