{"gold_per_floor":[114,124,135,149,149,149,163,163,190,210,221,5,5,5,5,76,76,92,103,28,28,2,2,35,35,62,89,101,113,142,171,183,195],"floor_reached":33,"playtime":1112,"items_purged":["Pain"],"score":479,"play_id":"3e7e6dcc-b885-468f-a680-11d4dc54148e","local_time":"20190313170303","is_ascension_mode":true,"campfire_choices":[{"data":"Shockwave","floor":6,"key":"SMITH"},{"data":"Anger","floor":8,"key":"SMITH"},{"data":"Shrug It Off","floor":15,"key":"SMITH"},{"floor":23,"key":"REST"},{"floor":29,"key":"REST"},{"floor":32,"key":"REST"}],"neow_cost":"NONE","seed_source_timestamp":561773287796627,"circlet_count":0,"master_deck":["AscendersBane","Strike_R","Strike_R","Strike_R","Defend_R","Defend_R","Defend_R","Defend_R","Bash+1","Anger+1","Shockwave+1","Twin Strike","Spot Weakness","Headbutt","Evolve","Shrug It Off+1","Limit Break","Pommel Strike+1","Heavy Blade","Shrug It Off"],"relics":["Burning Blood","WarpedTongs","Orichalcum","Busted Crown","Smiling Mask","MawBank"],"potions_floor_usage":[16,19,24,27],"damage_taken":[{"damage":4,"enemies":"2 Louse","floor":1,"turns":3},{"damage":1,"enemies":"Cultist","floor":2,"turns":3},{"damage":4,"enemies":"Jaw Worm","floor":3,"turns":4},{"damage":7,"enemies":"Looter","floor":4,"turns":3},{"damage":22,"enemies":"3 Louse","floor":7,"turns":4},{"damage":13,"enemies":"Exordium Wildlife","floor":10,"turns":5},{"damage":15,"enemies":"Large Slime","floor":11,"turns":3},{"damage":28,"enemies":"Slime Boss","floor":16,"turns":6},{"damage":24,"enemies":"Spheric Guardian","floor":18,"turns":5},{"damage":27,"enemies":"Shell Parasite","floor":19,"turns":4},{"damage":40,"enemies":"Slavers","floor":24,"turns":5},{"damage":2,"enemies":"Cultist and Chosen","floor":27,"turns":5},{"damage":15,"enemies":"Snake Plant","floor":30,"turns":4},{"damage":15,"enemies":"Shelled Parasite and Fungi","floor":31,"turns":4},{"damage":73,"enemies":"Collector","floor":33,"turns":5}],"seed_played":"-5182750926993567115","potions_obtained":[{"floor":2,"key":"GamblersBrew"},{"floor":10,"key":"Swift Potion"},{"floor":11,"key":"PowerPotion"},{"floor":16,"key":"BloodPotion"},{"floor":18,"key":"SteroidPotion"},{"floor":24,"key":"Fire Potion"}],"is_trial":false,"path_per_floor":["M","M","M","M","?","R","M","R","T","M","M","$","?","?","R","B",null,"M","M","?","?","$","R","E","$","T","M","$","R","M","M","R","B"],"character_chosen":"IRONCLAD","items_purchased":["Evolve","Shrug It Off","Shrug It Off"],"campfire_rested":3,"item_purchase_floors":[12,12,22],"current_hp_per_floor":[70,75,75,74,74,74,58,58,58,51,42,42,35,60,60,38,66,48,34,34,34,34,56,22,22,22,26,26,48,39,30,52,0],"gold":195,"neow_bonus":"UPGRADE_CARD","is_prod":false,"is_daily":false,"chose_seed":false,"campfire_upgraded":3,"win_rate":0,"timestamp":1552464183,"path_taken":["M","M","M","M","?","R","?","R","T","M","M","$","?","?","R","BOSS","M","M","?","?","$","R","E","?","T","M","$","R","M","M","R","BOSS"],"build_version":"2019-01-23","purchased_purges":1,"victory":false,"max_hp_per_floor":[75,75,75,75,75,75,75,75,75,75,75,75,75,75,75,75,75,75,75,75,75,75,75,75,75,75,75,75,75,75,75,75,75],"card_choices":[{"not_picked":["Wild Strike","Pommel Strike"],"picked":"Anger","floor":1},{"not_picked":["Cleave","Bloodletting"],"picked":"Shockwave","floor":2},{"not_picked":["Flex","Blood for Blood"],"picked":"Twin Strike","floor":3},{"not_picked":["Clothesline","Inflame"],"picked":"Spot Weakness","floor":4},{"not_picked":["Flex","Berserk","Perfected Strike"],"picked":"SKIP","floor":7},{"not_picked":["Searing Blow","Sword Boomerang"],"picked":"Headbutt","floor":10},{"not_picked":["Thunderclap","Twin Strike","Entrench"],"picked":"SKIP","floor":11},{"not_picked":["Fiend Fire","Immolate"],"picked":"Limit Break","floor":16},{"not_picked":[],"picked":"Pommel Strike+1","floor":18},{"not_picked":[],"picked":"Heavy Blade","floor":19},{"not_picked":["Anger"],"picked":"SKIP","floor":24},{"not_picked":["Dual Wield"],"picked":"SKIP","floor":27},{"not_picked":["Feel No Pain"],"picked":"SKIP","floor":30},{"not_picked":["Corruption"],"picked":"SKIP","floor":31}],"player_experience":693360,"relics_obtained":[{"floor":9,"key":"Orichalcum"},{"floor":24,"key":"Smiling Mask"},{"floor":26,"key":"MawBank"}],"event_choices":[{"damage_healed":0,"gold_gain":0,"player_choice":"Rummage","damage_taken":0,"relics_obtained":["WarpedTongs"],"max_hp_gain":0,"max_hp_loss":0,"event_name":"Accursed Blacksmith","floor":5,"gold_loss":0,"cards_obtained":["Pain"]},{"cards_removed":["Strike_R"],"damage_healed":0,"gold_gain":0,"player_choice":"Card Removal","damage_taken":7,"max_hp_gain":0,"max_hp_loss":0,"event_name":"Golden Wing","floor":13,"gold_loss":0},{"damage_healed":25,"gold_gain":0,"player_choice":"Banana","damage_taken":0,"max_hp_gain":0,"max_hp_loss":0,"event_name":"Big Fish","floor":14,"gold_loss":0},{"cards_removed":["Strike_R"],"damage_healed":0,"gold_gain":0,"player_choice":"Gave Gold","damage_taken":0,"max_hp_gain":0,"max_hp_loss":0,"event_name":"Beggar","floor":20,"gold_loss":75},{"damage_healed":0,"gold_gain":0,"player_choice":"Ignored","damage_taken":0,"max_hp_gain":0,"max_hp_loss":0,"event_name":"Vampires","floor":21,"gold_loss":0}],"is_beta":false,"boss_relics":[{"not_picked":["White Beast Statue","Pandora\u0027s Box"],"picked":"Busted Crown"}],"items_purged_floors":[12],"is_endless":false,"potions_floor_spawned":[2,10,11,16,18,24],"killed_by":"Collector","ascension_level":17}