{"gold_per_floor":[111,111,126,126,6,41,41,41,65,65,81,96,96,108,108,186,186,198,211,211,211,1,26,26,26,53,53,67,67,97,111,111,186,186,202,30,0,50,69,69,94,94,94,107,123,123,123,123,123,123,123],"floor_reached":52,"playtime":3158,"items_purged":["Defend_B","Defend_B"],"score":1932,"play_id":"b29e7475-fc7f-4ad0-84fc-325f9e15499d","local_time":"20190101033915","is_ascension_mode":true,"campfire_choices":[{"data":"Defragment","floor":7.0,"key":"SMITH"},{"data":"Redo","floor":10.0,"key":"SMITH"},{"data":"Hologram","floor":15.0,"key":"SMITH"},{"floor":24.0,"key":"REST"},{"data":"Creative AI","floor":27.0,"key":"SMITH"},{"data":"Coolheaded","floor":29.0,"key":"SMITH"},{"floor":32,"key":"REST"},{"floor":40,"key":"REST"},{"data":"Defragment","floor":47,"key":"SMITH"},{"data":"Coolheaded","floor":49,"key":"SMITH"}],"neow_cost":"NONE","seed_source_timestamp":41764332318660,"circlet_count":0,"master_deck":["AscendersBane","Zap","Dualcast+1","Reboot","Doom and Gloom","Defragment+1","Chill+1","Redo+1","Hologram+1","Compile Driver","Seek","Coolheaded+1","Coolheaded+1","Creative AI+1","Scrape","Electrodynamics","Go for the Eyes+1","Defragment+1","Biased Cognition"],"special_seed":0,"relics":["Cracked Core","Blue Candle","Regal Pillow","Empty Cage","Happy Flower","Strawberry","Question Card","Nuclear Battery","War Paint","Red Mask","Shuriken","Cables","Art of War"],"potions_floor_usage":[33,41],"damage_taken":[{"damage":5.0,"enemies":"2 Louse","floor":1.0,"turns":3.0},{"damage":4.0,"enemies":"Small Slimes","floor":3.0,"turns":3.0},{"damage":27.0,"enemies":"3 Sentries","floor":6.0,"turns":11.0},{"damage":7.0,"enemies":"Jaw Worm","floor":11.0,"turns":2.0},{"damage":12.0,"enemies":"2 Fungi Beasts","floor":12.0,"turns":4.0},{"damage":0.0,"enemies":"Lots of Slimes","floor":14.0,"turns":2.0},{"damage":14.0,"enemies":"Hexaghost","floor":16.0,"turns":6.0},{"damage":3.0,"enemies":"Spheric Guardian","floor":18.0,"turns":4.0},{"damage":17.0,"enemies":"2 Thieves","floor":19.0,"turns":4.0},{"damage":26.0,"enemies":"Colosseum Slavers","floor":21.0,"turns":6.0},{"damage":0.0,"enemies":"Gremlin Leader","floor":23.0,"turns":6.0},{"damage":11.0,"enemies":"Snake Plant","floor":28.0,"turns":6.0},{"damage":25.0,"enemies":"Book of Stabbing","floor":30.0,"turns":6.0},{"damage":7,"enemies":"Centurion and Healer","floor":31,"turns":10},{"damage":33,"enemies":"Collector","floor":33,"turns":10},{"damage":24,"enemies":"Orb Walker","floor":35,"turns":4},{"damage":0,"enemies":"3 Shapes","floor":39,"turns":3},{"damage":63,"enemies":"Nemesis","floor":41,"turns":9},{"damage":7,"enemies":"Maw","floor":44,"turns":7},{"damage":4,"enemies":"Spire Growth","floor":45,"turns":4},{"damage":25,"enemies":"Donu and Deca","floor":50,"turns":8},{"damage":0,"enemies":"Awakened One","floor":51,"turns":19}],"seed_played":"732071135974538550","potions_obtained":[{"floor":3.0,"key":"Regen Potion"},{"floor":6.0,"key":"Strength Potion"},{"floor":8.0,"key":"SkillPotion"},{"floor":14.0,"key":"FocusPotion"},{"floor":16.0,"key":"Block Potion"},{"floor":19.0,"key":"FearPotion"},{"floor":23.0,"key":"Strength Potion"},{"floor":28.0,"key":"AttackPotion"},{"floor":30.0,"key":"FocusPotion"},{"floor":39,"key":"Block Potion"},{"floor":44,"key":"FearPotion"}],"is_trial":false,"path_per_floor":["M","?","M","?","$","E","R","?","T","R","M","M","?","M","R","B",null,"M","M","?","?","$","E","R","?","T","R","M","R","E","M","R","B",null,"M","$","?","?","M","R","E","?","T","M","M","?","R","?","R","B","B",null],"character_chosen":"DEFECT","items_purchased":["Chill","Fire Potion","AttackPotion","War Paint"],"campfire_rested":3,"item_purchase_floors":[5,22,22,36],"current_hp_per_floor":[59,59,55,48,48,36,36,36,36,36,29,17,17,17,17,3,54,51,34,34,8,8,8,44,44,51,51,40,40,15,8,46,13,62,38,38,38,38,38,76,13,13,13,6,2,64,64,64,64,39,39],"gold":123,"neow_bonus":"ONE_RANDOM_RARE_CARD","is_prod":false,"is_daily":false,"chose_seed":false,"campfire_upgraded":7,"win_rate":0,"timestamp":1546281555,"path_taken":["M","?","M","?","?","E","R","?","T","R","M","?","?","M","R","BOSS","M","M","?","?","$","E","R","?","T","R","M","R","E","M","R","BOSS","M","$","?","?","?","R","E","?","T","M","M","?","R","?","R","BOSS","BOSS"],"build_version":"2018-12-20","purchased_purges":2,"victory":true,"max_hp_per_floor":[71,71,71,71,71,71,71,71,71,71,71,71,71,71,71,71,71,71,71,71,71,71,71,71,71,78,78,78,78,78,78,78,78,78,78,78,78,78,78,78,78,78,78,78,78,64,64,64,64,64,64],"card_choices":[{"not_picked":["Compile Driver","Leap"],"picked":"Rebound","floor":1.0},{"not_picked":["Steam Power","Reprogram"],"picked":"Defragment","floor":3.0},{"not_picked":["Hologram","FTL"],"picked":"Redo","floor":6.0},{"not_picked":["Fusion","Stack","Go for the Eyes"],"picked":"SKIP","floor":11.0},{"not_picked":["Fusion","Stack","Go for the Eyes"],"picked":"SKIP","floor":11.0},{"not_picked":["Streamline","Undo"],"picked":"Hologram","floor":12.0},{"not_picked":["Hologram","Storm"],"picked":"Compile Driver","floor":14.0},{"not_picked":["Core Surge","Thunder Strike"],"picked":"Seek","floor":16.0},{"not_picked":["FTL","Go for the Eyes"],"picked":"Coolheaded","floor":18.0},{"not_picked":["Hello World+1","FTL"],"picked":"Coolheaded","floor":19.0},{"not_picked":["Sweeping Beam","Echo Form","Beam Cell"],"picked":"SKIP","floor":23.0},{"not_picked":["Sweeping Beam","Echo Form","Beam Cell"],"picked":"SKIP","floor":23.0},{"not_picked":["Compile Driver","Beam Cell","Streamline"],"picked":"SKIP","floor":28.0},{"not_picked":["Static Discharge","Hologram","Beam Cell+1"],"picked":"SKIP","floor":30.0},{"not_picked":["Ball Lightning","Loop","All For One","Barrage"],"picked":"SKIP","floor":31},{"not_picked":["Creative AI","Hyperbeam","Machine Learning"],"picked":"Electrodynamics","floor":33},{"not_picked":["Ball Lightning+1","Stack","Turbo","Compile Driver"],"picked":"SKIP","floor":35},{"not_picked":["Leap","Barrage","Hologram+1"],"picked":"Go for the Eyes+1","floor":39},{"not_picked":["Reprogram","Streamline+1","Thunder Strike"],"picked":"Defragment","floor":41},{"not_picked":["Sunder+1","Scrape+1","Rip and Tear","Aggregate"],"picked":"SKIP","floor":44},{"not_picked":["Coolheaded","Compile Driver","Beam Cell"],"picked":"Biased Cognition","floor":45}],"player_experience":3954466,"relics_obtained":[{"floor":6.0,"key":"Blue Candle"},{"floor":9.0,"key":"Regal Pillow"},{"floor":23.0,"key":"Happy Flower"},{"floor":26.0,"key":"Strawberry"},{"floor":30.0,"key":"Question Card"},{"floor":41,"key":"Shuriken"},{"floor":43,"key":"Cables"},{"floor":48,"key":"Art of War"}],"event_choices":[{"damage_healed":0.0,"max_hp_gain":0.0,"max_hp_loss":0.0,"gold_gain":0.0,"cards_transformed":["Strike_B"],"event_name":"Living Wall","player_choice":"Change","floor":2.0,"gold_loss":0.0,"damage_taken":0.0,"cards_obtained":["Doom and Gloom"]},{"cards_removed":["Strike_B"],"damage_healed":0.0,"max_hp_gain":0.0,"max_hp_loss":0.0,"gold_gain":0.0,"event_name":"Golden Wing","player_choice":"Card Removal","floor":4.0,"gold_loss":0.0,"damage_taken":7.0},{"damage_healed":0.0,"max_hp_gain":0.0,"max_hp_loss":0.0,"gold_gain":0.0,"event_name":"Lab","player_choice":"Got Potions","floor":8.0,"gold_loss":0.0,"damage_taken":0.0},{"damage_healed":0.0,"max_hp_gain":0.0,"max_hp_loss":0.0,"gold_gain":0.0,"event_name":"Liars Game","player_choice":"Ignored","floor":13.0,"gold_loss":0.0,"damage_taken":0.0},{"cards_removed":["Strike_B"],"damage_healed":0.0,"max_hp_gain":0.0,"max_hp_loss":0.0,"gold_gain":0.0,"event_name":"Back to Basics","player_choice":"Elegance","floor":20.0,"gold_loss":0.0,"damage_taken":0.0},{"damage_healed":0.0,"max_hp_gain":0.0,"max_hp_loss":0.0,"gold_gain":0.0,"event_name":"Colosseum","player_choice":"Fight","floor":21.0,"gold_loss":0.0,"damage_taken":0.0},{"damage_healed":0.0,"max_hp_gain":0.0,"max_hp_loss":0.0,"gold_gain":0.0,"event_name":"Colosseum","player_choice":"Fled From Nobs","floor":21.0,"gold_loss":0.0,"damage_taken":0.0},{"damage_healed":0.0,"max_hp_gain":0.0,"max_hp_loss":0.0,"gold_gain":0.0,"cards_transformed":["Rebound","Defend_B"],"event_name":"Drug Dealer","player_choice":"Became Test Subject","floor":25.0,"gold_loss":0.0,"damage_taken":0.0,"cards_obtained":["Creative AI","Scrape"]},{"damage_healed":0,"gold_gain":0,"player_choice":"Paid","damage_taken":0,"relics_obtained":["Red Mask"],"max_hp_gain":0,"max_hp_loss":0,"event_name":"Tomb of Lord Red Mask","floor":37,"gold_loss":30},{"damage_healed":0,"gold_gain":50,"player_choice":"Pray","damage_taken":0,"max_hp_gain":0,"max_hp_loss":0,"event_name":"Golden Shrine","floor":38,"gold_loss":0},{"damage_healed":0,"gold_gain":0,"player_choice":"Ignored","damage_taken":0,"max_hp_gain":0,"max_hp_loss":0,"event_name":"Mysterious Sphere","floor":42,"gold_loss":0},{"damage_healed":64,"gold_gain":0,"player_choice":"Heal","damage_taken":0,"max_hp_gain":0,"max_hp_loss":14,"event_name":"The Moai Head","floor":46,"gold_loss":0},{"damage_healed":0,"gold_gain":0,"player_choice":"Relic","damage_taken":0,"max_hp_gain":0,"max_hp_loss":0,"event_name":"Wheel of Change","floor":48,"gold_loss":0}],"is_beta":false,"boss_relics":[{"not_picked":["Eternal Feather","Tiny House"],"picked":"Empty Cage"},{"not_picked":["Sozu","Philosopher\u0027s Stone"],"picked":"Nuclear Battery"}],"items_purged_floors":[5,22],"is_endless":false,"potions_floor_spawned":[3,6,14,16,19,23,28,30,39,44],"ascension_level":20}