{"gold_per_floor":[110,35,110,110,110,139,139,166,166,166,24,24,24,48,48,144,144,159,159,4,18,30,30,56,56,108,119,119,130,148,163,163,163],"floor_reached":33,"playtime":1219,"items_purged":["Normality","Strike_R"],"score":546,"play_id":"bace5c16-b3c7-45c0-a6a1-29f7355a6f1e","local_time":"20190318021027","is_ascension_mode":true,"campfire_choices":[{"floor":7,"key":"REST"},{"data":"Whirlwind","floor":12,"key":"SMITH"},{"floor":15,"key":"REST"},{"data":"Bash","floor":23,"key":"SMITH"},{"data":"Offering","floor":28,"key":"SMITH"},{"data":"Demon Form","floor":32,"key":"SMITH"}],"neow_cost":"CURSE","seed_source_timestamp":940114434945897,"circlet_count":0,"master_deck":["AscendersBane","Strike_R","Strike_R","Strike_R","Defend_R","Defend_R","Defend_R","Defend_R","Bash+1","Demon Form+1","Pommel Strike","Anger","Whirlwind+1","Feed","Shrug It Off","Shrug It Off","Armaments+1","Offering+1","Ghostly","Ghostly","Ghostly","Demon Form+1","Shrug It Off"],"relics":["Burning Blood","Magic Flower","Bottled Tornado","Blue Candle","Bloody Idol","Velvet Choker","Du-Vu Doll","Oddly Smooth Stone"],"potions_floor_usage":[16,16,21,24,24,30],"damage_taken":[{"damage":2,"enemies":"Cultist","floor":1,"turns":4},{"damage":31,"enemies":"Gremlin Nob","floor":6,"turns":4},{"damage":40,"enemies":"3 Sentries","floor":8,"turns":6},{"damage":7,"enemies":"Jaw Worm","floor":14,"turns":4},{"damage":44,"enemies":"Hexaghost","floor":16,"turns":6},{"damage":18,"enemies":"Chosen","floor":18,"turns":5},{"damage":17,"enemies":"Spheric Guardian","floor":21,"turns":4},{"damage":18,"enemies":"Centurion and Healer","floor":22,"turns":6},{"damage":37,"enemies":"Gremlin Leader","floor":24,"turns":7},{"damage":1,"enemies":"Snake Plant","floor":27,"turns":4},{"damage":3,"enemies":"Cultist and Chosen","floor":29,"turns":5},{"damage":12,"enemies":"Chosen and Byrds","floor":30,"turns":5},{"damage":18,"enemies":"Shelled Parasite and Fungi","floor":31,"turns":7},{"damage":49,"enemies":"Collector","floor":33,"turns":7}],"seed_played":"2399087925073144654","potions_obtained":[{"floor":14,"key":"Strength Potion"},{"floor":16,"key":"Swift Potion"},{"floor":21,"key":"Weak Potion"},{"floor":22,"key":"SteroidPotion"},{"floor":24,"key":"Fire Potion"}],"is_trial":false,"path_per_floor":["M","$","?","?","?","E","R","E","T","?","$","R","?","M","R","B",null,"M","?","$","M","M","R","E","?","T","M","R","M","M","M","R","B"],"character_chosen":"IRONCLAD","items_purchased":["Whirlwind","Energy Potion","Shrug It Off"],"campfire_rested":2,"item_purchase_floors":[11,11,20],"current_hp_per_floor":[72,72,61,54,54,29,51,20,20,20,20,20,25,27,48,13,58,49,49,49,51,52,52,29,29,34,39,39,42,45,47,47,0],"gold":163,"neow_bonus":"THREE_RARE_CARDS","is_prod":false,"is_daily":false,"chose_seed":false,"campfire_upgraded":4,"win_rate":0,"timestamp":1552842627,"path_taken":["M","$","?","?","?","E","R","E","T","?","$","R","?","M","R","BOSS","M","?","$","M","M","R","E","?","T","M","R","M","?","M","R","BOSS"],"build_version":"2019-01-23","purchased_purges":2,"victory":false,"max_hp_per_floor":[75,75,75,75,75,75,75,75,75,68,68,68,73,73,73,73,73,73,73,73,76,79,79,79,39,39,39,39,42,45,49,49,49],"card_choices":[{"not_picked":["Exhume","Impervious"],"picked":"Demon Form","floor":0},{"not_picked":["Flame Barrier","Wild Strike"],"picked":"Pommel Strike","floor":1},{"not_picked":["Spot Weakness","Body Slam"],"picked":"Anger","floor":6},{"not_picked":["Blood for Blood","Sentinel","Second Wind"],"picked":"SKIP","floor":8},{"not_picked":["Searing Blow","Havoc","Warcry"],"picked":"SKIP","floor":14},{"not_picked":["Immolate","Berserk"],"picked":"Feed","floor":16},{"not_picked":["Dropkick","Pommel Strike","Perfected Strike"],"picked":"SKIP","floor":18},{"not_picked":["Dropkick","Pommel Strike","Perfected Strike"],"picked":"SKIP","floor":18},{"not_picked":["Sword Boomerang","Intimidate"],"picked":"Shrug It Off","floor":21},{"not_picked":["Havoc","Feel No Pain"],"picked":"Armaments+1","floor":22},{"not_picked":["Sentinel","Demon Form"],"picked":"Offering","floor":24},{"not_picked":["Pommel Strike","Armaments","Body Slam"],"picked":"SKIP","floor":27},{"not_picked":["Reckless Charge","Warcry","Armaments"],"picked":"SKIP","floor":29},{"not_picked":["Wild Strike","Iron Wave"],"picked":"Demon Form","floor":30},{"not_picked":["Whirlwind","Sentinel"],"picked":"Shrug It Off","floor":31}],"player_experience":730843,"relics_obtained":[{"floor":6,"key":"Magic Flower"},{"floor":8,"key":"Bottled Tornado"},{"floor":9,"key":"Blue Candle"},{"floor":24,"key":"Du-Vu Doll"},{"floor":26,"key":"Oddly Smooth Stone"}],"event_choices":[{"damage_healed":0,"gold_gain":75,"player_choice":"Gather Gold","damage_taken":11,"max_hp_gain":0,"max_hp_loss":0,"event_name":"World of Goop","floor":3,"gold_loss":0},{"cards_removed":["Strike_R"],"damage_healed":0,"gold_gain":0,"player_choice":"Card Removal","damage_taken":7,"max_hp_gain":0,"max_hp_loss":0,"event_name":"Golden Wing","floor":4,"gold_loss":0},{"damage_healed":0,"gold_gain":0,"player_choice":"Grow","damage_taken":0,"max_hp_gain":0,"max_hp_loss":0,"event_name":"Living Wall","floor":5,"gold_loss":0,"cards_upgraded":["Demon Form"]},{"damage_healed":0,"gold_gain":0,"player_choice":"Lose Max HP","damage_taken":0,"relics_obtained":["Golden Idol"],"max_hp_gain":0,"max_hp_loss":7,"event_name":"Golden Idol","floor":10,"gold_loss":0},{"damage_healed":0,"gold_gain":0,"player_choice":"Donut","damage_taken":0,"max_hp_gain":5,"max_hp_loss":0,"event_name":"Big Fish","floor":13,"gold_loss":0},{"damage_healed":0,"gold_gain":0,"player_choice":"Gave Idol","damage_taken":0,"relics_obtained":["Bloody Idol"],"max_hp_gain":0,"max_hp_loss":0,"event_name":"Forgotten Altar","floor":19,"relics_lost":["Golden Idol"],"gold_loss":0},{"damage_healed":0,"gold_gain":0,"player_choice":"Became a Ghost","damage_taken":0,"max_hp_gain":0,"max_hp_loss":40,"event_name":"Ghosts","floor":25,"gold_loss":0,"cards_obtained":["Ghostly","Ghostly","Ghostly"]}],"is_beta":false,"boss_relics":[{"not_picked":["Runic Cube","Empty Cage"],"picked":"Velvet Choker"}],"items_purged_floors":[2,20],"is_endless":false,"potions_floor_spawned":[14,16,21,22,24],"killed_by":"Collector","ascension_level":20}