{"gold_per_floor":[111,36,51,63,63,63,93,109,109,109,9,28,43,43],"floor_reached":14,"playtime":689,"items_purged":["Strike_R","Strike_R"],"score":119,"play_id":"0c9c0b98-5f68-49da-9775-7f9e4c9fe38d","local_time":"20190228225901","is_ascension_mode":true,"campfire_choices":[{"data":"Body Slam","floor":6,"key":"SMITH"},{"floor":10,"key":"REST"}],"neow_cost":"NONE","seed_source_timestamp":1045502400070152,"circlet_count":0,"master_deck":["Strike_R","Strike_R","Defend_R","Defend_R","Defend_R","Defend_R","Bash","Heavy Blade","Entrench","Body Slam+1","Dropkick","Dropkick","True Grit"],"relics":["Burning Blood","Golden Idol","Odd Mushroom","Prayer Wheel"],"potions_floor_usage":[7,8,12],"damage_taken":[{"damage":1,"enemies":"2 Louse","floor":1,"turns":4},{"damage":13,"enemies":"Small Slimes","floor":3,"turns":4},{"damage":11,"enemies":"Jaw Worm","floor":4,"turns":4},{"damage":29,"enemies":"The Mushroom Lair","floor":7,"turns":6},{"damage":14,"enemies":"Exordium Thugs","floor":8,"turns":6},{"damage":16,"enemies":"Large Slime","floor":12,"turns":7},{"damage":8,"enemies":"2 Fungi Beasts","floor":13,"turns":3},{"damage":30,"enemies":"Gremlin Gang","floor":14,"turns":3}],"seed_played":"-4478801281652810774","potions_obtained":[{"floor":1,"key":"Dexterity Potion"},{"floor":7,"key":"Block Potion"},{"floor":8,"key":"Weak Potion"}],"is_trial":false,"path_per_floor":["M","$","M","M","?","R","?","M","T","R","$","M","M","M"],"character_chosen":"IRONCLAD","items_purchased":[],"campfire_rested":1,"item_purchase_floors":[],"current_hp_per_floor":[77,77,70,65,45,45,22,14,14,38,38,28,26,0],"gold":43,"neow_bonus":"REMOVE_CARD","is_prod":false,"is_daily":false,"chose_seed":false,"campfire_upgraded":1,"win_rate":0,"timestamp":1551362341,"path_taken":["M","$","M","M","?","R","?","M","T","R","?","M","M","M"],"build_version":"2019-01-23","purchased_purges":2,"victory":false,"max_hp_per_floor":[80,80,80,80,80,80,80,80,80,80,80,80,80,80],"card_choices":[{"not_picked":["Pummel","Burning Pact"],"picked":"Heavy Blade","floor":1},{"not_picked":["Shockwave","Pommel Strike"],"picked":"Entrench","floor":3},{"not_picked":["Iron Wave","Sword Boomerang"],"picked":"Body Slam","floor":4},{"not_picked":["Body Slam","Dual Wield"],"picked":"Dropkick","floor":7},{"not_picked":["Feel No Pain","Warcry","Burning Pact"],"picked":"SKIP","floor":8},{"not_picked":["Havoc","Juggernaut"],"picked":"Dropkick","floor":12},{"not_picked":["Headbutt","Shrug It Off","Warcry"],"picked":"SKIP","floor":12},{"not_picked":["Headbutt","Shrug It Off","Warcry"],"picked":"SKIP","floor":12},{"not_picked":["Havoc","Iron Wave"],"picked":"True Grit","floor":13},{"not_picked":["Heavy Blade","Hemokinesis","Perfected Strike"],"picked":"SKIP","floor":13}],"player_experience":214966,"relics_obtained":[{"floor":7,"key":"Odd Mushroom"},{"floor":9,"key":"Prayer Wheel"}],"event_choices":[{"damage_healed":0,"gold_gain":0,"player_choice":"Take Damage","damage_taken":20,"relics_obtained":["Golden Idol"],"max_hp_gain":0,"max_hp_loss":0,"event_name":"Golden Idol","floor":5,"gold_loss":0},{"damage_healed":0,"gold_gain":0,"player_choice":"Fought Mushrooms","damage_taken":0,"max_hp_gain":0,"max_hp_loss":0,"event_name":"Mushrooms","floor":7,"gold_loss":0}],"is_beta":false,"boss_relics":[],"items_purged_floors":[2,11],"is_endless":false,"potions_floor_spawned":[1,7,8],"killed_by":"Gremlin Gang","ascension_level":9}