{"gold_per_floor":[109,109,119,119,131,131,148,148,148,2,2,28,39,59,59,156,156,170,170,49,49,64,64,64,64,110,110,110,142,154,154],"floor_reached":31,"playtime":1853,"items_purged":["Strike_R"],"score":291,"play_id":"86bda4a7-5bab-4832-bce9-fd69c9aabfa5","local_time":"20190219122732","is_ascension_mode":true,"campfire_choices":[{"data":"Hemokinesis","floor":6.0,"key":"PURGE"},{"data":"Strike_R","floor":8.0,"key":"PURGE"},{"data":"Strike_R","floor":11.0,"key":"PURGE"},{"data":"Flame Barrier","floor":15.0,"key":"SMITH"},{"data":"Defend_R","floor":23,"key":"PURGE"}],"neow_cost":"NONE","seed_source_timestamp":0,"circlet_count":0,"master_deck":["Strike_R","Defend_R","Defend_R","Bash","Evolve","Intimidate","Flame Barrier+1","Armaments"],"special_seed":0,"relics":["Burning Blood","NeowsBlessing","Peace Pipe","Matryoshka","Anchor","Bronze Scales","Runic Pyramid","Happy Flower","Vajra","Kunai"],"potions_floor_usage":[29],"damage_taken":[{"damage":0.0,"enemies":"Small Slimes","floor":1.0,"turns":1.0},{"damage":0.0,"enemies":"Cultist","floor":3.0,"turns":1.0},{"damage":0.0,"enemies":"2 Louse","floor":5.0,"turns":1.0},{"damage":37.0,"enemies":"Large Slime","floor":7.0,"turns":9.0},{"damage":39.0,"enemies":"3 Sentries","floor":12.0,"turns":21.0},{"damage":1.0,"enemies":"Looter","floor":13.0,"turns":3.0},{"damage":0.0,"enemies":"Gremlin Gang","floor":14.0,"turns":7.0},{"damage":17.0,"enemies":"The Guardian","floor":16.0,"turns":15.0},{"damage":3.0,"enemies":"Chosen","floor":18.0,"turns":8.0},{"damage":16,"enemies":"Spheric Guardian","floor":22,"turns":11},{"damage":25,"enemies":"Slavers","floor":29,"turns":8},{"damage":6,"enemies":"Snake Plant","floor":30,"turns":4},{"damage":62,"enemies":"3 Cultists","floor":31,"turns":6}],"seed_played":"7071493832323007577","potions_obtained":[{"floor":1.0,"key":"Strength Potion"},{"floor":5.0,"key":"Weak Potion"},{"floor":14.0,"key":"Energy Potion"},{"floor":18.0,"key":"SkillPotion"},{"floor":28,"key":"Swift Potion"}],"is_trial":false,"path_per_floor":["M","?","M","T","M","R","M","R","T","$","R","E","M","M","R","B",null,"M","?","$","?","M","R","$","?","T","$","?","E","M","M"],"character_chosen":"IRONCLAD","items_purchased":["Anchor","Armaments"],"campfire_rested":0,"item_purchase_floors":[10,20],"current_hp_per_floor":[80,80,80,80,80,80,49,49,49,49,49,16,21,27,27,16,80,80,65,65,85,75,75,75,75,75,75,75,56,56,0],"gold":154,"neow_bonus":"THREE_ENEMY_KILL","is_prod":false,"is_daily":false,"chose_seed":false,"campfire_upgraded":1,"win_rate":0,"timestamp":1550546852,"path_taken":["M","?","?","?","M","R","M","R","T","$","R","E","M","?","R","BOSS","M","?","$","?","M","R","$","?","T","?","?","E","M","?"],"build_version":"2019-01-23","purchased_purges":1,"victory":false,"max_hp_per_floor":[80,80,80,80,80,80,80,80,80,80,80,80,80,80,80,80,80,80,85,85,85,85,85,85,85,85,85,85,85,85,85],"card_choices":[{"not_picked":["Armaments","Fire Breathing"],"picked":"Evolve","floor":1.0},{"not_picked":["Havoc","Thunderclap"],"picked":"Intimidate","floor":3.0},{"not_picked":["Thunderclap","Cleave","Wild Strike"],"picked":"SKIP","floor":5.0},{"not_picked":["Combust","Thunderclap","Rupture"],"picked":"SKIP","floor":7.0},{"not_picked":["Rage","Dark Embrace","Perfected Strike"],"picked":"SKIP","floor":12.0},{"not_picked":["Rage","Dark Embrace","Perfected Strike"],"picked":"SKIP","floor":12.0},{"not_picked":["Thunderclap","Carnage"],"picked":"Flame Barrier","floor":13.0},{"not_picked":["Sever Soul","Reckless Charge","Combust"],"picked":"SKIP","floor":14.0},{"not_picked":["Iron Wave","Twin Strike+1","True Grit+1"],"picked":"SKIP","floor":18.0},{"not_picked":["Body Slam","Cleave","Flex"],"picked":"SKIP","floor":22},{"not_picked":["Flex","Sword Boomerang+1","Havoc"],"picked":"SKIP","floor":29},{"not_picked":["Battle Trance","Hemokinesis","Pommel Strike"],"picked":"SKIP","floor":30}],"player_experience":137369,"relics_obtained":[{"floor":4.0,"key":"Peace Pipe"},{"floor":9.0,"key":"Matryoshka"},{"floor":12.0,"key":"Bronze Scales"},{"floor":26,"key":"Happy Flower"},{"floor":26,"key":"Vajra"},{"floor":29,"key":"Kunai"}],"event_choices":[{"damage_healed":0.0,"max_hp_gain":0.0,"max_hp_loss":0.0,"gold_gain":0.0,"cards_transformed":["Strike_R"],"event_name":"Transmorgrifier","player_choice":"Transformed","floor":2.0,"gold_loss":0.0,"damage_taken":0.0,"cards_obtained":["Hemokinesis"]},{"damage_healed":0.0,"max_hp_gain":5.0,"max_hp_loss":0.0,"gold_gain":0.0,"event_name":"Forgotten Altar","player_choice":"Shed Blood","floor":19.0,"gold_loss":0.0,"damage_taken":20.0},{"damage_healed":28,"gold_gain":0,"player_choice":"Heal","damage_taken":0,"max_hp_gain":0,"max_hp_loss":0,"event_name":"The Library","floor":21,"gold_loss":0},{"cards_removed":["Defend_R"],"damage_healed":0,"gold_gain":0,"player_choice":"Elegance","damage_taken":0,"max_hp_gain":0,"max_hp_loss":0,"event_name":"Back to Basics","floor":25,"gold_loss":0},{"damage_healed":0,"gold_gain":0,"player_choice":"Got Potions","damage_taken":0,"max_hp_gain":0,"max_hp_loss":0,"event_name":"Lab","floor":28,"gold_loss":0}],"is_beta":false,"boss_relics":[{"not_picked":["Calling Bell","Lizard Tail"],"picked":"Runic Pyramid"}],"items_purged_floors":[20],"is_endless":false,"potions_floor_spawned":[1,5,14,18],"killed_by":"3 Cultists","ascension_level":3}