{"gold_per_floor":[111,111,111,121,138,170,170,245,298,298,298,331,165,180,180,278,341,366,366,327,327,327],"floor_reached":22,"playtime":587,"items_purged":["Strike_B"],"score":365,"play_id":"a38c54d0-5bce-483a-ad4f-7234d8e46e60","local_time":"20190316215822","is_ascension_mode":true,"campfire_choices":[{"floor":11.0,"key":"REST"},{"floor":15.0,"key":"REST"}],"neow_cost":"NONE","seed_source_timestamp":125499632817736,"circlet_count":0,"master_deck":["AscendersBane","Strike_B","Defend_B","Defend_B","Defend_B","Defend_B","Zap+1","Dualcast","Reinforced Body","Defragment","Ball Lightning","Defragment","Gash","Loop","BootSequence","Loop","Buffer","Self Repair","Gash","Heatsinks+1"],"special_seed":0,"relics":["Cracked Core","NeowsBlessing","Regal Pillow","Tiny Chest","Bloody Idol","Smiling Mask","Tiny House"],"potions_floor_usage":[20,22],"damage_taken":[{"damage":0.0,"enemies":"Jaw Worm","floor":1.0,"turns":1.0},{"damage":0.0,"enemies":"Cultist","floor":4.0,"turns":1.0},{"damage":0.0,"enemies":"2 Louse","floor":5.0,"turns":1.0},{"damage":13.0,"enemies":"3 Sentries","floor":6.0,"turns":5.0},{"damage":15.0,"enemies":"Lagavulin","floor":12.0,"turns":7.0},{"damage":16.0,"enemies":"2 Fungi Beasts","floor":14.0,"turns":3.0},{"damage":31.0,"enemies":"Slime Boss","floor":16.0,"turns":7.0},{"damage":39.0,"enemies":"Chosen","floor":18.0,"turns":6.0},{"damage":18,"enemies":"2 Thieves","floor":20,"turns":5},{"damage":38,"enemies":"Chosen and Byrds","floor":22,"turns":4}],"seed_played":"-4099005081412807565","potions_obtained":[{"floor":2.0,"key":"Block Potion"},{"floor":2.0,"key":"EntropicBrew"},{"floor":5.0,"key":"Fire Potion"},{"floor":14.0,"key":"Ancient Potion"},{"floor":16.0,"key":"Ancient Potion"},{"floor":17.0,"key":"Weak Potion"},{"floor":18.0,"key":"Block Potion"},{"floor":20,"key":"FocusPotion"}],"is_trial":false,"path_per_floor":["M","?","$","M","M","E","?","?","T","?","R","E","$","M","R","B",null,"M","?","M","?","M"],"character_chosen":"DEFECT","items_purchased":["Loop","BootSequence"],"campfire_rested":2,"item_purchase_floors":[13,13],"current_hp_per_floor":[64,64,64,64,64,51,51,40,40,16,52,37,37,21,57,26,65,33,33,22,22,0],"gold":327,"neow_bonus":"THREE_ENEMY_KILL","is_prod":false,"is_daily":false,"chose_seed":false,"campfire_upgraded":0,"win_rate":0,"timestamp":1552787902,"path_taken":["M","?","$","?","M","E","?","?","T","?","R","E","?","?","R","BOSS","M","?","?","?","M"],"build_version":"2019-01-23","purchased_purges":1,"victory":false,"max_hp_per_floor":[71,71,71,71,71,71,71,71,71,71,71,71,71,71,71,71,76,76,76,76,76,76],"card_choices":[{"not_picked":["Rebound","Static Discharge"],"picked":"Reinforced Body","floor":1.0},{"not_picked":["Leap","Chaos"],"picked":"Defragment","floor":4.0},{"not_picked":["Stack","Hologram"],"picked":"Ball Lightning","floor":5.0},{"not_picked":["Hologram","Darkness"],"picked":"Defragment","floor":6.0},{"not_picked":["Hello World","Consume"],"picked":"Gash","floor":12.0},{"not_picked":["Go for the Eyes","Turbo"],"picked":"Loop","floor":14.0},{"not_picked":["Machine Learning","Fission"],"picked":"Buffer","floor":16.0},{"not_picked":["Genetic Algorithm","Stack"],"picked":"Self Repair","floor":17.0},{"not_picked":["Barrage+1","Redo"],"picked":"Gash","floor":18.0},{"not_picked":["Streamline","Compile Driver"],"picked":"Heatsinks+1","floor":20}],"player_experience":543881,"relics_obtained":[{"floor":6.0,"key":"Regal Pillow"},{"floor":9.0,"key":"Tiny Chest"},{"floor":12.0,"key":"Smiling Mask"}],"event_choices":[{"damage_healed":0.0,"max_hp_gain":0.0,"max_hp_loss":0.0,"gold_gain":0.0,"event_name":"Lab","player_choice":"Got Potions","floor":2.0,"gold_loss":0.0,"damage_taken":0.0},{"cards_removed":["Strike_B"],"damage_healed":0.0,"max_hp_gain":0.0,"max_hp_loss":0.0,"gold_gain":0.0,"event_name":"Living Wall","player_choice":"Forget","floor":7.0,"gold_loss":0.0,"damage_taken":0.0},{"damage_healed":0.0,"max_hp_gain":0.0,"max_hp_loss":0.0,"gold_gain":75.0,"event_name":"World of Goop","player_choice":"Gather Gold","floor":8.0,"gold_loss":0.0,"damage_taken":11.0},{"damage_healed":0.0,"max_hp_gain":0.0,"max_hp_loss":0.0,"gold_gain":0.0,"event_name":"Golden Idol","player_choice":"Take Damage","floor":10.0,"gold_loss":0.0,"damage_taken":24.0,"relics_obtained":["Golden Idol"]},{"cards_removed":["Strike_B"],"damage_healed":0.0,"max_hp_gain":0.0,"max_hp_loss":0.0,"gold_gain":0.0,"event_name":"Bonfire Elementals","player_choice":"Offered Basic","floor":19.0,"gold_loss":0.0,"damage_taken":0.0},{"damage_healed":0,"gold_gain":0,"player_choice":"Gave Idol","damage_taken":0,"relics_obtained":["Bloody Idol"],"max_hp_gain":0,"max_hp_loss":0,"event_name":"Forgotten Altar","floor":21,"relics_lost":["Golden Idol"],"gold_loss":0}],"is_beta":false,"boss_relics":[{"not_picked":["Coffee Dripper","Philosopher\u0027s Stone"],"picked":"Tiny House"}],"items_purged_floors":[13],"is_endless":false,"potions_floor_spawned":[5,14,16,18,20],"killed_by":"Chosen and Byrds","ascension_level":18}