{"gold_per_floor":[115,115,132,150,150,150,184,184,234,262,238,252,268,268,268,369,369,381,397,397,242,242,276,276,288,288,304,131,131,164,184,184,281,281,296,396,57,57,57,57,157,177,200,213,225,245,273,292,292,292],"floor_reached":50,"playtime":2853,"items_purged":[],"score":574,"play_id":"501e407a-4a0f-46a0-8496-5f8d1c39110c","local_time":"20190215223656","is_ascension_mode":true,"campfire_choices":[{"data":"Pommel Strike","floor":6.0,"key":"SMITH"},{"data":"True Grit","floor":8.0,"key":"SMITH"},{"data":"True Grit","floor":15.0,"key":"SMITH"},{"data":"Shockwave","floor":24,"key":"SMITH"},{"data":"Apotheosis","floor":29,"key":"SMITH"},{"data":"Inflame","floor":32,"key":"SMITH"},{"data":"Bash","floor":40,"key":"SMITH"},{"data":"Impatience+1","floor":49,"key":"PURGE"}],"neow_cost":"NONE","seed_source_timestamp":87043329333685,"circlet_count":0,"master_deck":["Strike_R","Strike_R","Strike_R","Strike_R","Strike_R","Defend_R","Defend_R","Defend_R","Defend_R","Bash+1","Perfected Strike+1","Pommel Strike+1","Twin Strike","True Grit+1","True Grit+1","Rage","Shockwave+1","Infernal Blade+1","Inflame+1","Apotheosis+1","Headbutt","Blind+1","Twin Strike+1","Perfected Strike+1"],"special_seed":0,"relics":["Black Blood","NeowsBlessing","Oddly Smooth Stone","Anchor","Pen Nib","Sundial","Darkstone Periapt","Busted Crown","Lantern","Paper Frog","Prayer Wheel","Toxic Egg 2","Peace Pipe","Bottled Flame","Centennial Puzzle","Dream Catcher"],"potions_floor_usage":[33,33,35,45,47,50,50,50],"damage_taken":[{"damage":0.0,"enemies":"2 Louse","floor":1.0,"turns":1.0},{"damage":0.0,"enemies":"Jaw Worm","floor":3.0,"turns":1.0},{"damage":0.0,"enemies":"Small Slimes","floor":4.0,"turns":1.0},{"damage":30.0,"enemies":"Lagavulin","floor":7.0,"turns":5.0},{"damage":10.0,"enemies":"3 Sentries","floor":10.0,"turns":7.0},{"damage":10.0,"enemies":"Exordium Thugs","floor":12.0,"turns":5.0},{"damage":0.0,"enemies":"Blue Slaver","floor":13.0,"turns":2.0},{"damage":48.0,"enemies":"The Guardian","floor":16.0,"turns":12.0},{"damage":0.0,"enemies":"Chosen","floor":18.0,"turns":3.0},{"damage":19.0,"enemies":"2 Thieves","floor":19.0,"turns":4.0},{"damage":15,"enemies":"Gremlin Leader","floor":23,"turns":8},{"damage":25,"enemies":"Sentry and Sphere","floor":25,"turns":6},{"damage":0,"enemies":"Centurion and Healer","floor":27,"turns":4},{"damage":17,"enemies":"Slavers","floor":30,"turns":6},{"damage":0,"enemies":"Snake Plant","floor":31,"turns":2},{"damage":32,"enemies":"Champ","floor":33,"turns":10},{"damage":8,"enemies":"3 Darklings","floor":35,"turns":6},{"damage":23,"enemies":"Mind Bloom Boss Battle","floor":36,"turns":5},{"damage":1,"enemies":"Orb Walker","floor":42,"turns":2},{"damage":15,"enemies":"4 Shapes","floor":44,"turns":5},{"damage":22,"enemies":"3 Darklings","floor":45,"turns":6},{"damage":0,"enemies":"Spire Growth","floor":46,"turns":2},{"damage":32,"enemies":"Giant Head","floor":47,"turns":7},{"damage":3,"enemies":"4 Shapes","floor":48,"turns":3},{"damage":57,"enemies":"Donu and Deca","floor":50,"turns":7}],"seed_played":"8768692731326171856","potions_obtained":[{"floor":1.0,"key":"EssenceOfSteel"},{"floor":18.0,"key":"Swift Potion"},{"floor":19.0,"key":"Explosive Potion"},{"floor":25,"key":"SkillPotion"},{"floor":33,"key":"Dexterity Potion"},{"floor":36,"key":"FearPotion"},{"floor":42,"key":"Dexterity Potion"},{"floor":44,"key":"GamblersBrew"},{"floor":47,"key":"GamblersBrew"},{"floor":48,"key":"Swift Potion"}],"is_trial":false,"path_per_floor":["M","?","M","M","?","R","E","R","T","E","$","M","M","T","R","B",null,"M","M","?","$","?","E","R","M","T","M","$","R","E","M","R","B",null,"M","?","$","?","?","R","?","M","T","M","M","M","E","M","R","B"],"character_chosen":"IRONCLAD","items_purchased":["True Grit","Lantern","Apotheosis","Bottled Flame","Blind+1"],"campfire_rested":0,"item_purchase_floors":[11,21,28,37,37],"current_hp_per_floor":[80,80,80,80,77,77,53,53,53,49,49,45,51,51,51,9,80,80,67,67,67,67,58,58,39,39,45,45,45,34,40,40,14,80,80,67,67,67,67,67,67,76,76,71,59,69,47,54,54,0],"gold":292,"neow_bonus":"THREE_ENEMY_KILL","is_prod":false,"is_daily":false,"chose_seed":false,"campfire_upgraded":7,"win_rate":0,"timestamp":1550237816,"path_taken":["M","?","M","M","?","R","E","R","T","E","$","M","M","?","R","BOSS","M","M","?","$","?","E","R","?","T","M","$","R","E","M","R","BOSS","M","?","$","?","?","R","?","M","T","M","?","M","E","M","R","BOSS"],"build_version":"2019-01-23","purchased_purges":0,"victory":false,"max_hp_per_floor":[80,80,80,80,80,80,80,80,80,80,80,80,80,80,80,80,80,80,80,80,80,80,80,80,80,80,80,80,80,80,80,80,80,80,80,80,80,80,80,80,80,80,80,80,80,80,80,80,80,80],"card_choices":[{"not_picked":["Carnage","True Grit"],"picked":"Perfected Strike","floor":1.0},{"not_picked":["Cleave","Twin Strike"],"picked":"Pommel Strike","floor":3.0},{"not_picked":["Sword Boomerang","Uppercut"],"picked":"Twin Strike","floor":4.0},{"not_picked":["Evolve","Exhume"],"picked":"True Grit","floor":7.0},{"not_picked":["Flame Barrier","Body Slam","Rupture"],"picked":"SKIP","floor":10.0},{"not_picked":["Bloodletting","Sentinel","Headbutt"],"picked":"SKIP","floor":12.0},{"not_picked":["Hemokinesis","Rage","Heavy Blade"],"picked":"SKIP","floor":13.0},{"not_picked":["Hemokinesis","Heavy Blade"],"picked":"Rage","floor":13.0},{"not_picked":[],"picked":"Shockwave","floor":18.0},{"not_picked":[],"picked":"Infernal Blade+1","floor":19.0},{"not_picked":["True Grit"],"picked":"SKIP","floor":23},{"not_picked":[],"picked":"Inflame","floor":25},{"not_picked":["Iron Wave"],"picked":"SKIP","floor":27},{"not_picked":["Bloodletting"],"picked":"SKIP","floor":27},{"not_picked":["Iron Wave+1"],"picked":"SKIP","floor":30},{"not_picked":["Anger+1"],"picked":"SKIP","floor":31},{"not_picked":["True Grit+1"],"picked":"SKIP","floor":31},{"not_picked":["Body Slam"],"picked":"SKIP","floor":35},{"not_picked":["Infernal Blade+1"],"picked":"SKIP","floor":35},{"not_picked":[],"picked":"Headbutt","floor":36},{"not_picked":[],"picked":"Impatience+1","floor":38},{"not_picked":[],"picked":"Twin Strike+1","floor":42},{"not_picked":["Body Slam"],"picked":"SKIP","floor":42},{"not_picked":[],"picked":"Perfected Strike+1","floor":44},{"not_picked":["Clothesline"],"picked":"SKIP","floor":44},{"not_picked":["Heavy Blade+1"],"picked":"SKIP","floor":45},{"not_picked":["Fire Breathing+1"],"picked":"SKIP","floor":45},{"not_picked":["Clothesline"],"picked":"SKIP","floor":46},{"not_picked":["Dual Wield+1"],"picked":"SKIP","floor":46},{"not_picked":["Immolate"],"picked":"SKIP","floor":47},{"not_picked":["Dropkick"],"picked":"SKIP","floor":48},{"not_picked":["Clash+1"],"picked":"SKIP","floor":48}],"player_experience":102892,"relics_obtained":[{"floor":7.0,"key":"Anchor"},{"floor":9.0,"key":"Pen Nib"},{"floor":10.0,"key":"Sundial"},{"floor":14.0,"key":"Darkstone Periapt"},{"floor":23,"key":"Paper Frog"},{"floor":26,"key":"Prayer Wheel"},{"floor":30,"key":"Toxic Egg 2"},{"floor":36,"key":"Peace Pipe"},{"floor":43,"key":"Centennial Puzzle"},{"floor":47,"key":"Dream Catcher"}],"event_choices":[{"damage_healed":0.0,"max_hp_gain":0.0,"max_hp_loss":0.0,"gold_gain":0.0,"event_name":"Living Wall","player_choice":"Grow","floor":2.0,"gold_loss":0.0,"damage_taken":0.0,"cards_upgraded":["Perfected Strike"]},{"damage_healed":0.0,"max_hp_gain":0.0,"max_hp_loss":0.0,"gold_gain":0.0,"event_name":"Scrap Ooze","player_choice":"Success","floor":5.0,"gold_loss":0.0,"damage_taken":3.0,"relics_obtained":["Oddly Smooth Stone"]},{"damage_healed":0,"gold_gain":0,"player_choice":"Ignored","damage_taken":0,"max_hp_gain":0,"max_hp_loss":0,"event_name":"Beggar","floor":20,"gold_loss":0},{"damage_healed":0,"gold_gain":0,"player_choice":"Ignored","damage_taken":0,"max_hp_gain":0,"max_hp_loss":0,"event_name":"Transmorgrifier","floor":22,"gold_loss":0},{"damage_healed":0,"gold_gain":0,"player_choice":"Fight","damage_taken":0,"max_hp_gain":0,"max_hp_loss":0,"event_name":"MindBloom","floor":36,"gold_loss":0},{"damage_healed":0,"gold_gain":0,"player_choice":"Memory 1","damage_taken":0,"max_hp_gain":0,"max_hp_loss":0,"event_name":"SensoryStone","floor":38,"gold_loss":0},{"damage_healed":0,"gold_gain":0,"player_choice":"Ignored","damage_taken":0,"max_hp_gain":0,"max_hp_loss":0,"event_name":"Mysterious Sphere","floor":39,"gold_loss":0},{"damage_healed":0,"gold_gain":100,"player_choice":"Pray","damage_taken":0,"max_hp_gain":0,"max_hp_loss":0,"event_name":"Golden Shrine","floor":41,"gold_loss":0}],"is_beta":false,"boss_relics":[{"not_picked":["Snecko Eye","Astrolabe"],"picked":"Busted Crown"},{"not_picked":["Cursed Key","Philosopher\u0027s Stone"],"picked":"Black Blood"}],"items_purged_floors":[],"is_endless":false,"potions_floor_spawned":[1,18,19,25,33,36,42,44,47,48],"killed_by":"Donu and Deca","ascension_level":1}