{"gold_per_floor":[115,134,150,163,179,179,179,179,179,196,196,207,207,225,225,323,323,336,336,336,42,43,68,68,68,68,68,85,99,99,99],"floor_reached":31,"playtime":1248,"items_purged":[],"score":361,"play_id":"e8c8dcfd-ba71-4802-88d4-d3e018cc158d","local_time":"20190301203428","is_ascension_mode":true,"campfire_choices":[{"data":"Corruption","floor":6.0,"key":"SMITH"},{"data":"Bash","floor":8.0,"key":"SMITH"},{"data":"Bloodletting","floor":11.0,"key":"SMITH"},{"data":"Perfected Strike","floor":13.0,"key":"SMITH"},{"floor":15.0,"key":"REST"},{"floor":25.0,"key":"REST"},{"floor":27.0,"key":"REST"}],"neow_cost":"NONE","seed_source_timestamp":1122451368790164,"circlet_count":0,"master_deck":["Strike_R","Strike_R","Defend_R","Defend_R","Defend_R","Defend_R","Bash+1","Wild Strike","Shrug It Off","Pommel Strike","Dropkick","Flame Barrier","Corruption+1","Bloodletting+1","Perfected Strike+1","Demon Form+1","Perfected Strike","Feel No Pain","Dark Embrace","Sentinel+1","Burning Pact","Combust","Power Through","Second Wind","Dual Wield"],"special_seed":0,"relics":["Burning Blood","Bottled Lightning","Fusion Hammer","Prayer Wheel","Torii","Happy Flower"],"potions_floor_usage":[],"damage_taken":[{"damage":0.0,"enemies":"Small Slimes","floor":1.0,"turns":3.0},{"damage":7.0,"enemies":"2 Louse","floor":2.0,"turns":2.0},{"damage":6.0,"enemies":"Cultist","floor":3.0,"turns":3.0},{"damage":14.0,"enemies":"Large Slime","floor":4.0,"turns":6.0},{"damage":15.0,"enemies":"3 Louse","floor":5.0,"turns":4.0},{"damage":20.0,"enemies":"Gremlin Gang","floor":10.0,"turns":6.0},{"damage":8.0,"enemies":"Red Slaver","floor":12.0,"turns":3.0},{"damage":13.0,"enemies":"Exordium Wildlife","floor":14.0,"turns":4.0},{"damage":48.0,"enemies":"The Guardian","floor":16.0,"turns":9.0},{"damage":4.0,"enemies":"Spheric Guardian","floor":18.0,"turns":3.0},{"damage":34.0,"enemies":"2 Thieves","floor":22.0,"turns":4.0},{"damage":36.0,"enemies":"Slavers","floor":23.0,"turns":5.0},{"damage":50.0,"enemies":"Cultist and Chosen","floor":28.0,"turns":6.0},{"damage":8.0,"enemies":"Snake Plant","floor":29.0,"turns":2.0},{"damage":14,"enemies":"Centurion and Healer","floor":31,"turns":2}],"seed_played":"2508965408580410844","potions_obtained":[{"floor":1.0,"key":"AttackPotion"},{"floor":2.0,"key":"EssenceOfSteel"},{"floor":12.0,"key":"Dexterity Potion"},{"floor":18.0,"key":"Energy Potion"},{"floor":28.0,"key":"Strength Potion"}],"is_trial":false,"path_per_floor":["M","M","M","M","M","R","?","R","T","M","R","M","R","M","R","B",null,"M","?","?","$","M","E","?","R","T","R","M","M","?","M"],"character_chosen":"IRONCLAD","items_purchased":["Prayer Wheel"],"campfire_rested":3,"item_purchase_floors":[21],"current_hp_per_floor":[78,77,77,69,60,60,60,60,60,46,46,44,44,37,61,19,65,67,67,67,67,39,9,9,33,33,57,13,11,11,0],"gold":99,"neow_bonus":"THREE_CARDS","is_prod":false,"is_daily":false,"chose_seed":false,"campfire_upgraded":4,"win_rate":0,"timestamp":1551440068,"path_taken":["M","M","M","M","M","R","?","R","T","M","R","M","R","M","R","BOSS","M","?","?","$","?","E","?","R","T","R","M","M","?","?"],"build_version":"2019-01-23","purchased_purges":0,"victory":false,"max_hp_per_floor":[80,80,80,80,80,80,80,80,80,80,80,80,80,80,80,80,80,80,80,80,80,80,80,80,80,80,80,80,80,80,80],"card_choices":[{"not_picked":["Cleave","Uppercut"],"picked":"Wild Strike","floor":0.0},{"not_picked":["Searing Blow","Clothesline"],"picked":"Shrug It Off","floor":1.0},{"not_picked":["Wild Strike","Seeing Red"],"picked":"Pommel Strike","floor":2.0},{"not_picked":["Blood for Blood","Hemokinesis"],"picked":"Dropkick","floor":3.0},{"not_picked":["Shrug It Off","Metallicize"],"picked":"Flame Barrier","floor":4.0},{"not_picked":["Iron Wave","Warcry"],"picked":"Corruption","floor":5.0},{"not_picked":["Pummel","Rupture"],"picked":"Bloodletting","floor":10.0},{"not_picked":["Sword Boomerang","Cleave"],"picked":"Perfected Strike","floor":12.0},{"not_picked":["Heavy Blade","Havoc","Inflame"],"picked":"SKIP","floor":14.0},{"not_picked":["Bludgeon","Juggernaut"],"picked":"Demon Form","floor":16.0},{"not_picked":["Corruption+1","Rampage+1"],"picked":"Perfected Strike","floor":18.0},{"not_picked":["Combust+1","Inflame"],"picked":"Sentinel+1","floor":22.0},{"not_picked":["Searing Blow","Wild Strike","Clash"],"picked":"SKIP","floor":22.0},{"not_picked":["Carnage+1","Second Wind"],"picked":"Burning Pact","floor":23.0},{"not_picked":["Clash","Intimidate"],"picked":"Second Wind","floor":28.0},{"not_picked":["Heavy Blade+1","Searing Blow","Iron Wave"],"picked":"SKIP","floor":28.0},{"not_picked":["Battle Trance","Clash"],"picked":"Dual Wield","floor":29.0},{"not_picked":["Heavy Blade+1","Body Slam","Headbutt"],"picked":"SKIP","floor":29.0}],"player_experience":216920,"relics_obtained":[{"floor":9.0,"key":"Bottled Lightning"},{"floor":23.0,"key":"Torii"},{"floor":26.0,"key":"Happy Flower"}],"event_choices":[{"damage_healed":0.0,"max_hp_gain":0.0,"max_hp_loss":0.0,"gold_gain":0.0,"event_name":"Liars Game","player_choice":"Ignored","floor":7.0,"gold_loss":0.0,"damage_taken":0.0},{"damage_healed":0.0,"max_hp_gain":0.0,"max_hp_loss":0.0,"gold_gain":0.0,"event_name":"The Library","player_choice":"Read","floor":19.0,"gold_loss":0.0,"damage_taken":0.0,"cards_obtained":["Feel No Pain"]},{"damage_healed":0.0,"max_hp_gain":0.0,"max_hp_loss":0.0,"gold_gain":0.0,"cards_transformed":["Strike_R"],"event_name":"Transmorgrifier","player_choice":"Transformed","floor":20.0,"gold_loss":0.0,"damage_taken":0.0,"cards_obtained":["Dark Embrace"]},{"damage_healed":0.0,"max_hp_gain":0.0,"max_hp_loss":0.0,"gold_gain":0.0,"cards_transformed":["Strike_R","Strike_R"],"event_name":"Drug Dealer","player_choice":"Became Test Subject","floor":24.0,"gold_loss":0.0,"damage_taken":0.0,"cards_obtained":["Combust","Power Through"]},{"damage_healed":0.0,"max_hp_gain":0.0,"max_hp_loss":0.0,"gold_gain":0.0,"event_name":"Accursed Blacksmith","player_choice":"Forge","floor":30.0,"gold_loss":0.0,"damage_taken":0.0,"cards_upgraded":["Demon Form"]}],"is_beta":false,"boss_relics":[{"not_picked":["White Beast Statue","Lizard Tail"],"picked":"Fusion Hammer"}],"items_purged_floors":[],"is_endless":false,"potions_floor_spawned":[1,2,12,16,18,28],"killed_by":"Centurion and Healer","ascension_level":9}