{"gold_per_floor":[219,239,259,259,49,49,77,137,137,156,156,167,167,185,185,261,261,278,295,26,42,54,86,86,104,104,132,132,148,181,281,281,281],"floor_reached":33,"playtime":1406,"items_purged":["Strike_B"],"score":768,"play_id":"775480a0-3091-47b4-84e4-2b8d0700bc1a","local_time":"20190218022000","is_ascension_mode":true,"campfire_choices":[{"data":"Sunder","floor":6.0,"key":"SMITH"},{"floor":11,"key":"REST"},{"data":"Dualcast","floor":13,"key":"SMITH"},{"data":"Conserve Battery","floor":15,"key":"SMITH"},{"floor":24,"key":"REST"},{"floor":28,"key":"REST"},{"floor":32,"key":"REST"}],"neow_cost":"NONE","seed_source_timestamp":301825395227700,"circlet_count":0,"master_deck":["AscendersBane","Strike_B","Strike_B","Strike_B","Defend_B","Defend_B","Defend_B","Zap","Dualcast+1","Leap","Rebound","Ball Lightning","Ball Lightning","Sunder+1","Cold Snap","Conserve Battery+1","Cold Snap","Cold Snap","Core Surge","Stack","Melter","Leap","Fusion","Heatsinks+1","Coolheaded+1","Hello World","Steam+1","Gash+1","Stack","Chill"],"special_seed":0,"relics":["Cracked Core","Bottled Flame","DataDisk","Nunchaku","Fusion Hammer","Lee\u0027s Waffle","Gremlin Horn","Molten Egg 2","Juzu Bracelet","PreservedInsect","Emotion Chip","Darkstone Periapt"],"potions_floor_usage":[7,16,16,19,23,27,33,33],"damage_taken":[{"damage":4.0,"enemies":"Jaw Worm","floor":1.0,"turns":4.0},{"damage":7.0,"enemies":"Small Slimes","floor":2.0,"turns":4.0},{"damage":9.0,"enemies":"2 Louse","floor":3.0,"turns":2.0},{"damage":16,"enemies":"3 Sentries","floor":7,"turns":5},{"damage":23,"enemies":"Lagavulin Event","floor":8,"turns":5},{"damage":6,"enemies":"Blue Slaver","floor":10,"turns":3},{"damage":0,"enemies":"2 Fungi Beasts","floor":12,"turns":2},{"damage":3,"enemies":"Lots of Slimes","floor":14,"turns":2},{"damage":0,"enemies":"Slime Boss","floor":16,"turns":4},{"damage":0,"enemies":"Chosen","floor":18,"turns":3},{"damage":3,"enemies":"3 Byrds","floor":19,"turns":3},{"damage":16,"enemies":"Cultist and Chosen","floor":21,"turns":5},{"damage":15,"enemies":"Snake Plant","floor":22,"turns":3},{"damage":34,"enemies":"Slavers","floor":23,"turns":6},{"damage":0,"enemies":"Centurion and Healer","floor":25,"turns":4},{"damage":0,"enemies":"Gremlin Leader","floor":27,"turns":5},{"damage":15,"enemies":"Shelled Parasite and Fungi","floor":29,"turns":5},{"damage":24,"enemies":"Book of Stabbing","floor":30,"turns":7},{"damage":17,"enemies":"Colosseum Slavers","floor":31,"turns":3},{"damage":2,"enemies":"Colosseum Nobs","floor":31,"turns":3},{"damage":24,"enemies":"Champ","floor":33,"turns":15}],"seed_played":"-7051532131786880518","potions_obtained":[{"floor":3.0,"key":"Regen Potion"},{"floor":8,"key":"Fire Potion"},{"floor":10,"key":"AttackPotion"},{"floor":16,"key":"PowerPotion"},{"floor":22,"key":"EssenceOfSteel"},{"floor":23,"key":"Ancient Potion"},{"floor":25,"key":"PowerPotion"},{"floor":27,"key":"Fire Potion"},{"floor":29,"key":"SpeedPotion"}],"is_trial":false,"path_per_floor":["M","M","M","?","$","R","E","?","T","M","R","M","R","M","R","B",null,"M","M","$","M","M","E","R","M","T","E","R","M","E","?","R","B"],"character_chosen":"DEFECT","items_purchased":["Ball Lightning","Sunder","Lee\u0027s Waffle","Leap"],"campfire_rested":4,"item_purchase_floors":[5,5,20,20],"current_hp_per_floor":[60,53,44,37,37,37,35,12,12,6,27,27,27,24,24,24,59,59,56,78,62,47,13,36,36,36,36,59,44,20,1,24,0],"gold":281,"neow_bonus":"HUNDRED_GOLD","is_prod":false,"is_daily":false,"chose_seed":false,"campfire_upgraded":3,"win_rate":0,"timestamp":1550424000,"path_taken":["M","M","M","?","$","R","E","?","T","M","R","M","R","M","R","BOSS","M","M","$","M","M","E","R","M","T","E","R","M","E","?","R","BOSS"],"build_version":"2019-01-23","purchased_purges":1,"victory":false,"max_hp_per_floor":[71,71,71,71,71,71,71,71,71,71,71,71,71,71,71,71,71,71,71,78,78,78,78,78,78,78,78,78,78,78,78,78,78],"card_choices":[{"not_picked":["Go for the Eyes","Chaos"],"picked":"Leap","floor":1.0},{"not_picked":["Self Repair","Stack"],"picked":"Rebound","floor":2.0},{"not_picked":["Rip and Tear","Steam"],"picked":"Ball Lightning","floor":3.0},{"not_picked":["Coolheaded","Go for the Eyes"],"picked":"Cold Snap","floor":7},{"not_picked":["Beam Cell","Barrage"],"picked":"Conserve Battery","floor":8},{"not_picked":["Redo","Go for the Eyes"],"picked":"Cold Snap","floor":10},{"not_picked":["Barrage","Compile Driver"],"picked":"Cold Snap","floor":12},{"not_picked":["Ball Lightning","Sunder","Sweeping Beam"],"picked":"SKIP","floor":14},{"not_picked":["Multi-Cast","Thunder Strike"],"picked":"Core Surge","floor":16},{"not_picked":["Steam","Sunder"],"picked":"Stack","floor":18},{"not_picked":["Force Field","Hologram"],"picked":"Melter","floor":19},{"not_picked":["Static Discharge","Tempest"],"picked":"Fusion","floor":21},{"not_picked":["Fusion","Reprogram"],"picked":"Heatsinks+1","floor":22},{"not_picked":["Conserve Battery","Compile Driver"],"picked":"Coolheaded+1","floor":23},{"not_picked":["Ball Lightning+1","Hologram"],"picked":"Hello World","floor":25},{"not_picked":["Turbo","Reboot"],"picked":"Steam+1","floor":27},{"not_picked":["Darkness","Redo"],"picked":"Gash+1","floor":29},{"not_picked":["Hologram","Genetic Algorithm+1"],"picked":"Stack","floor":30},{"not_picked":["Heatsinks","Storm"],"picked":"Chill","floor":31}],"player_experience":4326102,"relics_obtained":[{"floor":7,"key":"Bottled Flame"},{"floor":8,"key":"DataDisk"},{"floor":9,"key":"Nunchaku"},{"floor":23,"key":"Gremlin Horn"},{"floor":26,"key":"Molten Egg 2"},{"floor":27,"key":"Juzu Bracelet"},{"floor":30,"key":"PreservedInsect"},{"floor":31,"key":"Emotion Chip"},{"floor":31,"key":"Darkstone Periapt"}],"event_choices":[{"cards_removed":["Defend_B"],"damage_healed":0.0,"max_hp_gain":0.0,"max_hp_loss":0.0,"gold_gain":0.0,"event_name":"Golden Wing","player_choice":"Card Removal","floor":4.0,"gold_loss":0.0,"damage_taken":7.0},{"damage_healed":0,"gold_gain":30,"player_choice":"Searched \u00273\u0027 times","damage_taken":0,"max_hp_gain":0,"max_hp_loss":0,"event_name":"Dead Adventurer","floor":8,"gold_loss":0},{"damage_healed":0,"gold_gain":0,"player_choice":"Fight","damage_taken":0,"max_hp_gain":0,"max_hp_loss":0,"event_name":"Colosseum","floor":31,"gold_loss":0},{"damage_healed":0,"gold_gain":0,"player_choice":"Fled From Nobs","damage_taken":0,"max_hp_gain":0,"max_hp_loss":0,"event_name":"Colosseum","floor":31,"gold_loss":0},{"damage_healed":0,"gold_gain":0,"player_choice":"Fought Nobs","damage_taken":0,"max_hp_gain":0,"max_hp_loss":0,"event_name":"Colosseum","floor":31,"gold_loss":0}],"is_beta":false,"boss_relics":[{"not_picked":["Runic Dome","Coffee Dripper"],"picked":"Fusion Hammer"}],"items_purged_floors":[5],"is_endless":false,"potions_floor_spawned":[3,8,10,14,16,22,23,25,27,29],"killed_by":"Champ","ascension_level":20}