{"gold_per_floor":[117,135,135,146,163,189,264,264,264,264,291,308,333,359,359,437,437,448,459,107,107,107,140,157,191,216,216,216,49,67,79,79,79],"floor_reached":33,"playtime":1083,"items_purged":[],"score":810,"play_id":"4bc0eaf7-ec13-411e-b686-272f83e60481","local_time":"20190114011110","is_ascension_mode":true,"campfire_choices":[{"floor":8.0,"key":"REST"},{"data":"Metallicize","floor":15.0,"key":"SMITH"},{"floor":27.0,"key":"REST"},{"data":"Armaments","floor":32.0,"key":"SMITH"}],"neow_cost":"NONE","seed_source_timestamp":285039513584739,"circlet_count":0,"master_deck":["AscendersBane","Defend_R","Defend_R","Defend_R","Bash","Metallicize","Iron Wave+1","Anger","Rampage","Spot Weakness","Immolate","Demon Form","Wild Strike","Flame Barrier","Metallicize+1","Immolate","Pain","Normality","Injury","Twin Strike","Power Through","Whirlwind","Rupture","Armaments+1","Bite","Bite","Bite","Bite","Bite","Pummel+1","Shrug It Off","Shame","Offering","Whirlwind","Sword Boomerang"],"special_seed":0,"relics":["Burning Blood","Ice Cream","FossilizedHelix","Du-Vu Doll","Vajra","Self Forming Clay","Calling Bell","Darkstone Periapt","Bird Faced Urn","Art of War","Orichalcum","Red Skull","Pen Nib","Whetstone","Ancient Tea Set"],"potions_floor_usage":[33,33],"damage_taken":[{"damage":3.0,"enemies":"Cultist","floor":1.0,"turns":4.0},{"damage":3.0,"enemies":"Small Slimes","floor":2.0,"turns":5.0},{"damage":5.0,"enemies":"2 Louse","floor":4.0,"turns":3.0},{"damage":16.0,"enemies":"Lots of Slimes","floor":5.0,"turns":5.0},{"damage":44.0,"enemies":"Lagavulin","floor":6.0,"turns":7.0},{"damage":15.0,"enemies":"3 Sentries","floor":11.0,"turns":5.0},{"damage":0.0,"enemies":"Exordium Thugs","floor":12.0,"turns":4.0},{"damage":0.0,"enemies":"Lagavulin","floor":14.0,"turns":4.0},{"damage":42.0,"enemies":"Hexaghost","floor":16.0,"turns":8.0},{"damage":18.0,"enemies":"Spheric Guardian","floor":18.0,"turns":5.0},{"damage":11.0,"enemies":"Chosen","floor":19.0,"turns":4.0},{"damage":38.0,"enemies":"Slavers","floor":23.0,"turns":7.0},{"damage":8.0,"enemies":"Centurion and Healer","floor":24.0,"turns":3.0},{"damage":51.0,"enemies":"Book of Stabbing","floor":25.0,"turns":6.0},{"damage":20.0,"enemies":"Snake Plant","floor":30.0,"turns":3.0},{"damage":5.0,"enemies":"Shelled Parasite and Fungi","floor":31.0,"turns":3.0},{"damage":14,"enemies":"Automaton","floor":33,"turns":6}],"seed_played":"5011272372186345512","potions_obtained":[{"floor":2.0,"key":"SteroidPotion"},{"floor":4.0,"key":"Regen Potion"},{"floor":5.0,"key":"LiquidBronze"},{"floor":12.0,"key":"SmokeBomb"},{"floor":19.0,"key":"Strength Potion"},{"floor":30.0,"key":"Dexterity Potion"},{"floor":31.0,"key":"GamblersBrew"}],"is_trial":false,"path_per_floor":["M","M","?","M","M","E","?","R","T","?","E","M","T","E","R","B",null,"M","M","$","?","?","E","M","E","T","R","?","$","M","M","R","B"],"character_chosen":"IRONCLAD","items_purchased":["Orichalcum","Whirlwind","Rupture","Armaments","Offering"],"campfire_rested":2,"item_purchase_floors":[20,20,20,20,29],"current_hp_per_floor":[71,74,79,80,70,47,36,60,60,60,51,57,57,63,63,27,67,61,60,60,56,56,40,44,9,9,25,31,31,23,30,30,24],"gold":79,"neow_bonus":"TRANSFORM_CARD","is_prod":false,"is_daily":false,"chose_seed":false,"campfire_upgraded":2,"win_rate":0,"timestamp":1547395870,"path_taken":["M","M","?","M","M","E","?","R","T","?","E","?","?","E","R","BOSS","M","M","$","?","?","E","?","E","T","R","?","?","?","M","R","BOSS"],"build_version":"2019-01-10","purchased_purges":0,"victory":false,"max_hp_per_floor":[75,75,80,80,80,80,80,80,80,80,80,80,80,80,80,80,80,80,80,80,56,56,56,56,56,56,56,62,62,62,62,62,62],"card_choices":[{"not_picked":["Clothesline","Intimidate"],"picked":"Iron Wave","floor":1.0},{"not_picked":["Metallicize","Cleave"],"picked":"Anger","floor":2.0},{"not_picked":["Heavy Blade","Barricade"],"picked":"Rampage","floor":4.0},{"not_picked":["Cleave","Anger"],"picked":"Spot Weakness","floor":5.0},{"not_picked":["Anger","Body Slam"],"picked":"Immolate","floor":6.0},{"not_picked":["Havoc","Burning Pact"],"picked":"Flame Barrier","floor":11.0},{"not_picked":["Armaments","Headbutt","Anger"],"picked":"SKIP","floor":12.0},{"not_picked":["Anger","Spot Weakness"],"picked":"Metallicize","floor":14.0},{"not_picked":["Impervious","Berserk"],"picked":"Immolate","floor":16.0},{"not_picked":["Body Slam","Corruption"],"picked":"Twin Strike","floor":18.0},{"not_picked":["Fire Breathing","True Grit"],"picked":"Power Through","floor":19.0},{"not_picked":["Anger+1","Shrug It Off+1"],"picked":"Pummel","floor":23.0},{"not_picked":["Rage","Corruption"],"picked":"Shrug It Off","floor":24.0},{"not_picked":["Armaments","Twin Strike","Blood for Blood"],"picked":"SKIP","floor":25.0},{"not_picked":["Corruption","Armaments"],"picked":"Whirlwind","floor":30.0},{"not_picked":["Sever Soul","Demon Form"],"picked":"Sword Boomerang","floor":31.0}],"player_experience":4068808,"relics_obtained":[{"floor":6.0,"key":"Ice Cream"},{"floor":9.0,"key":"FossilizedHelix"},{"floor":11.0,"key":"Du-Vu Doll"},{"floor":13.0,"key":"Vajra"},{"floor":14.0,"key":"Self Forming Clay"},{"floor":17.0,"key":"Darkstone Periapt"},{"floor":17.0,"key":"Bird Faced Urn"},{"floor":17.0,"key":"Art of War"},{"floor":23.0,"key":"Red Skull"},{"floor":25.0,"key":"Pen Nib"},{"floor":26.0,"key":"Whetstone"}],"event_choices":[{"damage_healed":0.0,"max_hp_gain":5.0,"max_hp_loss":0.0,"gold_gain":0.0,"event_name":"Big Fish","player_choice":"Donut","floor":3.0,"gold_loss":0.0,"damage_taken":0.0},{"damage_healed":0.0,"max_hp_gain":0.0,"max_hp_loss":0.0,"gold_gain":75.0,"event_name":"World of Goop","player_choice":"Gather Gold","floor":7.0,"gold_loss":0.0,"damage_taken":11.0},{"damage_healed":0.0,"max_hp_gain":0.0,"max_hp_loss":0.0,"gold_gain":0.0,"event_name":"Match and Keep!","player_choice":"2 cards matched","floor":10.0,"gold_loss":0.0,"damage_taken":0.0,"cards_obtained":["Demon Form","Wild Strike"]},{"damage_healed":0.0,"max_hp_gain":0.0,"max_hp_loss":24.0,"gold_gain":0.0,"event_name":"Vampires","player_choice":"Became a vampire","floor":21.0,"gold_loss":0.0,"damage_taken":0.0,"cards_obtained":["Bite","Bite","Bite","Bite","Bite"]},{"cards_removed":["Defend_R"],"damage_healed":0.0,"max_hp_gain":0.0,"max_hp_loss":0.0,"gold_gain":0.0,"event_name":"Purifier","player_choice":"Purged","floor":22.0,"gold_loss":0.0,"damage_taken":0.0},{"damage_healed":0.0,"max_hp_gain":0.0,"max_hp_loss":0.0,"gold_gain":0.0,"event_name":"Addict","player_choice":"Stole Relic","floor":28.0,"gold_loss":0.0,"damage_taken":0.0,"relics_obtained":["Ancient Tea Set"],"cards_obtained":["Shame"]}],"is_beta":false,"boss_relics":[{"not_picked":["Lizard Tail","Pandora\u0027s Box"],"picked":"Calling Bell"}],"items_purged_floors":[],"is_endless":false,"potions_floor_spawned":[2,4,5,12,19,30,31],"killed_by":"Automaton","ascension_level":20}