{"gold_per_floor":[12,12,23,40,40,40,40,50,76,76,1,19,19,19,19,91,91,105,122,122,142,162,162,162,162,162,182,182,194,209,29,29,104,104,122,122,122,141,156,156,191,191,191,223,223,223],"floor_reached":46,"playtime":2139,"items_purged":["Strike_B","Strike_B+1"],"score":940,"play_id":"9a79f331-ac18-490d-baf2-723ab57fc05d","local_time":"20190110021807","is_ascension_mode":true,"campfire_choices":[{"data":"Redo","floor":7,"key":"SMITH"},{"data":"Defragment","floor":10,"key":"SMITH"},{"data":"Dualcast","floor":13,"key":"SMITH"},{"data":"Zap","floor":15,"key":"SMITH"},{"floor":23,"key":"REST"},{"data":"Coolheaded","floor":25,"key":"SMITH"},{"data":"Fission","floor":32,"key":"SMITH"},{"floor":40,"key":"REST"},{"floor":42,"key":"REST"}],"neow_cost":"NO_GOLD","seed_source_timestamp":690395203958862,"circlet_count":0,"master_deck":["AscendersBane","Defend_B+1","Zap+1","Dualcast+1","Defragment+1","Redo+1","Hologram","Scrape","Reboot","Coolheaded+1","Thunder Strike","Seek","Leap","Fission+1","Capacitor+1","Defragment","Meteor Strike","Double Energy","Amplify"],"relics":["Cracked Core","Orichalcum","Vajra","Runic Pyramid","Cursed Key","Potion Belt","Smiling Mask"],"potions_floor_usage":[8,16,16,19,41,44],"damage_taken":[{"damage":5,"enemies":"2 Louse","floor":1,"turns":2},{"damage":2,"enemies":"Jaw Worm","floor":3,"turns":3},{"damage":4,"enemies":"Small Slimes","floor":4,"turns":3},{"damage":5,"enemies":"Exordium Thugs","floor":8,"turns":4},{"damage":0,"enemies":"3 Louse","floor":12,"turns":2},{"damage":9,"enemies":"Hexaghost","floor":16,"turns":5},{"damage":18,"enemies":"Shell Parasite","floor":18,"turns":4},{"damage":6,"enemies":"Chosen","floor":19,"turns":3},{"damage":17,"enemies":"Shelled Parasite and Fungi","floor":21,"turns":4},{"damage":4,"enemies":"3 Cultists","floor":22,"turns":4},{"damage":5,"enemies":"Snake Plant","floor":27,"turns":4},{"damage":1,"enemies":"Chosen and Byrds","floor":29,"turns":7},{"damage":0,"enemies":"Sentry and Sphere","floor":30,"turns":4},{"damage":16,"enemies":"Champ","floor":33,"turns":6},{"damage":1,"enemies":"3 Shapes","floor":35,"turns":3},{"damage":0,"enemies":"Orb Walker","floor":38,"turns":3},{"damage":36,"enemies":"Writhing Mass","floor":39,"turns":5},{"damage":16,"enemies":"Nemesis","floor":41,"turns":9},{"damage":45,"enemies":"Reptomancer","floor":44,"turns":6},{"damage":12,"enemies":"Transient","floor":46,"turns":1}],"seed_played":"9158255381485391248","potions_obtained":[{"floor":3,"key":"Poison Potion"},{"floor":4,"key":"Fire Potion"},{"floor":8,"key":"Swift Potion"},{"floor":12,"key":"Swift Potion"},{"floor":18,"key":"AttackPotion"},{"floor":19,"key":"Dexterity Potion"},{"floor":21,"key":"SteroidPotion"},{"floor":39,"key":"PowerPotion"},{"floor":41,"key":"SteroidPotion"},{"floor":44,"key":"Energy Potion"}],"is_trial":false,"path_per_floor":["M","?","M","M","?","?","R","M","T","R","$","M","R","?","R","B",null,"M","M","?","M","M","R","?","R","T","M","?","M","M","$","R","B",null,"M","$","?","M","M","R","E","R","T","E","?","M"],"character_chosen":"DEFECT","items_purchased":["Defragment"],"campfire_rested":3,"item_purchase_floors":[31],"current_hp_per_floor":[59,64,62,58,47,24,24,19,19,19,19,19,19,12,12,3,58,40,34,34,17,13,35,35,35,35,30,30,29,29,29,29,13,60,59,59,59,59,23,45,29,51,51,6,6,0],"gold":223,"neow_bonus":"REMOVE_TWO","is_prod":false,"is_daily":false,"chose_seed":false,"campfire_upgraded":6,"win_rate":0,"timestamp":1547054287,"path_taken":["M","?","M","M","?","?","R","?","T","R","$","M","R","?","R","BOSS","M","M","?","M","M","R","?","R","T","?","?","M","M","$","R","BOSS","M","$","?","?","M","R","E","R","T","E","?","?"],"build_version":"2019-01-03v4","purchased_purges":2,"victory":false,"max_hp_per_floor":[71,76,76,76,76,76,76,76,76,76,76,76,76,76,76,76,76,76,76,76,76,76,76,76,76,76,76,76,76,76,76,76,76,76,76,76,76,76,76,76,76,76,76,76,76,76],"card_choices":[{"not_picked":["Rebound","Consume"],"picked":"Defragment","floor":1},{"not_picked":["Melter","Rebound"],"picked":"Redo","floor":3},{"not_picked":["Reinforced Body","Reprogram"],"picked":"Hologram","floor":4},{"not_picked":["Leap","Conserve Battery","Sweeping Beam"],"picked":"SKIP","floor":8},{"not_picked":["Leap","Conserve Battery","Sweeping Beam"],"picked":"SKIP","floor":8},{"not_picked":["Rebound","Streamline"],"picked":"Scrape","floor":12},{"not_picked":["Meteor Strike","Biased Cognition"],"picked":"Reboot","floor":16},{"not_picked":["Fusion+1","Go for the Eyes"],"picked":"Gash","floor":18},{"not_picked":["Static Discharge","Beam Cell"],"picked":"Coolheaded","floor":19},{"not_picked":["Tempest","Streamline","Force Field"],"picked":"SKIP","floor":21},{"not_picked":["Loop","Steam"],"picked":"Leap","floor":22},{"not_picked":["Recycle","Hologram"],"picked":"Fission","floor":27},{"not_picked":["Barrage","Blizzard","Tempest"],"picked":"SKIP","floor":29},{"not_picked":["Cold Snap+1","Barrage"],"picked":"Capacitor","floor":30},{"not_picked":["Electrodynamics","Machine Learning"],"picked":"Meteor Strike","floor":33},{"not_picked":["White Noise","Doom and Gloom","Double Energy"],"picked":"SKIP","floor":35},{"not_picked":["Steam+1","Aggregate"],"picked":"Double Energy","floor":38},{"not_picked":["Cold Snap","Hologram+1","Rebound"],"picked":"SKIP","floor":39},{"not_picked":["Redo","White Noise"],"picked":"Amplify","floor":41},{"not_picked":["Steam+1","Defragment","Force Field"],"picked":"SKIP","floor":44}],"player_experience":4033070,"relics_obtained":[{"floor":9,"key":"Vajra"},{"floor":41,"key":"Potion Belt"},{"floor":44,"key":"Smiling Mask"}],"event_choices":[{"damage_healed":0,"gold_gain":0,"player_choice":"Donut","damage_taken":0,"max_hp_gain":5,"max_hp_loss":0,"event_name":"Big Fish","floor":2,"gold_loss":0},{"damage_healed":0,"gold_gain":0,"player_choice":"Success","damage_taken":11,"relics_obtained":["Orichalcum"],"max_hp_gain":0,"max_hp_loss":0,"event_name":"Scrap Ooze","floor":5,"gold_loss":0},{"damage_healed":0,"gold_gain":0,"player_choice":"Entered Light","damage_taken":23,"max_hp_gain":0,"max_hp_loss":0,"event_name":"Shining Light","floor":6,"gold_loss":0,"cards_upgraded":["Strike_B","Defend_B"]},{"cards_removed":["Strike_B"],"damage_healed":0,"gold_gain":0,"player_choice":"Card Removal","damage_taken":7,"max_hp_gain":0,"max_hp_loss":0,"event_name":"Golden Wing","floor":14,"gold_loss":0},{"damage_healed":0,"gold_gain":0,"cards_transformed":["Defend_B","Defend_B"],"player_choice":"Became Test Subject","damage_taken":0,"max_hp_gain":0,"max_hp_loss":0,"event_name":"Drug Dealer","floor":20,"gold_loss":0,"cards_obtained":["Thunder Strike","Seek"]},{"damage_healed":0,"gold_gain":0,"player_choice":"Ignored","damage_taken":0,"max_hp_gain":0,"max_hp_loss":0,"event_name":"The Mausoleum","floor":24,"gold_loss":0},{"damage_healed":0,"gold_gain":0,"player_choice":"Ignored","damage_taken":0,"max_hp_gain":0,"max_hp_loss":0,"event_name":"Vampires","floor":28,"gold_loss":0},{"cards_removed":["Gash"],"damage_healed":0,"gold_gain":0,"player_choice":"Purged","damage_taken":0,"max_hp_gain":0,"max_hp_loss":0,"event_name":"Purifier","floor":37,"gold_loss":0},{"damage_healed":0,"gold_gain":0,"player_choice":"Forge","damage_taken":0,"max_hp_gain":0,"max_hp_loss":0,"event_name":"Accursed Blacksmith","floor":45,"gold_loss":0,"cards_upgraded":["Capacitor"]}],"is_beta":false,"boss_relics":[{"not_picked":["Sozu","FrozenCore"],"picked":"Runic Pyramid"},{"not_picked":["White Beast Statue","Runic Dome"],"picked":"Cursed Key"}],"items_purged_floors":[11,31],"is_endless":false,"potions_floor_spawned":[3,4,8,12,18,19,21,27,30,39,41,44],"killed_by":"Transient","ascension_level":20}