{"gold_per_floor":[11,22,37,55,74,106,106,181,181,200,200,200,230,246,246,320,320,335,44,44,3,3,3,23,36,62,73,73,92,108,142,142,215,215,235,250,261,261,161,161,174,49,121,133,133,133,133],"floor_reached":47,"playtime":1829,"items_purged":["Strike_R","Strike_R","Defend_R"],"score":1022,"play_id":"892dd428-f611-4ffd-9ca3-87e5b5239048","local_time":"20190307003434","is_ascension_mode":true,"campfire_choices":[{"data":"Feed","floor":7.0,"key":"SMITH"},{"floor":12.0,"key":"REST"},{"data":"Body Slam","floor":15.0,"key":"SMITH"},{"data":"Evolve","floor":23.0,"key":"SMITH"},{"floor":28.0,"key":"REST"},{"floor":32.0,"key":"REST"},{"floor":40.0,"key":"REST"}],"neow_cost":"NO_GOLD","seed_source_timestamp":1763877984175800,"circlet_count":0,"master_deck":["AscendersBane","Defend_R","Defend_R","Defend_R","Bash","Feed+1","Feel No Pain","Shrug It Off","Reckless Charge","Demon Form","Infernal Blade","Carnage","Second Wind","Body Slam+1","Metallicize","Bludgeon","Shockwave+1","Sword Boomerang+1","Reckless Charge+1","Shrug It Off","Evolve+1","Disarm","Havoc","Reckless Charge+1","Burning Pact","Reaper","Feel No Pain","Intimidate","Disarm","Power Through"],"special_seed":0,"relics":["Burning Blood","Ancient Tea Set","StoneCalendar","GremlinMask","Kunai","Astrolabe","Oddly Smooth Stone","Bronze Scales","Torii","Orrery","Bottled Tornado","Regal Pillow"],"potions_floor_usage":[47],"damage_taken":[{"damage":11.0,"enemies":"Cultist","floor":1.0,"turns":4.0},{"damage":10.0,"enemies":"Jaw Worm","floor":2.0,"turns":6.0},{"damage":1.0,"enemies":"Small Slimes","floor":3.0,"turns":3.0},{"damage":16.0,"enemies":"Looter","floor":4.0,"turns":5.0},{"damage":5.0,"enemies":"2 Fungi Beasts","floor":5.0,"turns":5.0},{"damage":29.0,"enemies":"3 Sentries","floor":6.0,"turns":9.0},{"damage":9.0,"enemies":"Lots of Slimes","floor":10.0,"turns":3.0},{"damage":22.0,"enemies":"Gremlin Nob","floor":13.0,"turns":4.0},{"damage":0.0,"enemies":"Blue Slaver","floor":14.0,"turns":4.0},{"damage":39.0,"enemies":"The Guardian","floor":16.0,"turns":12.0},{"damage":21.0,"enemies":"3 Byrds","floor":18.0,"turns":7.0},{"damage":15.0,"enemies":"Shell Parasite","floor":24.0,"turns":7.0},{"damage":3.0,"enemies":"Cultist and Chosen","floor":25.0,"turns":7.0},{"damage":21.0,"enemies":"Snake Plant","floor":27.0,"turns":5.0},{"damage":0.0,"enemies":"Centurion and Healer","floor":29.0,"turns":6.0},{"damage":35.0,"enemies":"Shelled Parasite and Fungi","floor":30.0,"turns":7.0},{"damage":47.0,"enemies":"Gremlin Leader","floor":31.0,"turns":7.0},{"damage":60.0,"enemies":"Collector","floor":33.0,"turns":9.0},{"damage":14.0,"enemies":"3 Shapes","floor":35.0,"turns":7.0},{"damage":24.0,"enemies":"Orb Walker","floor":36.0,"turns":3.0},{"damage":45.0,"enemies":"Jaw Worm Horde","floor":37.0,"turns":6.0},{"damage":7.0,"enemies":"4 Shapes","floor":41.0,"turns":8.0},{"damage":31.0,"enemies":"Spire Growth","floor":44.0,"turns":6.0},{"damage":84,"enemies":"Transient","floor":47,"turns":4}],"seed_played":"-5692292076117446359","potions_obtained":[{"floor":1.0,"key":"FearPotion"},{"floor":3.0,"key":"Ancient Potion"},{"floor":4.0,"key":"SteroidPotion"},{"floor":13.0,"key":"Fire Potion"},{"floor":16.0,"key":"SteroidPotion"},{"floor":18.0,"key":"SpeedPotion"},{"floor":27.0,"key":"Block Potion"},{"floor":29.0,"key":"Poison Potion"},{"floor":30.0,"key":"Strength Potion"},{"floor":33.0,"key":"Swift Potion"},{"floor":35.0,"key":"Poison Potion"},{"floor":36.0,"key":"SkillPotion"},{"floor":41.0,"key":"GamblersBrew"}],"is_trial":false,"path_per_floor":["M","M","M","M","M","E","R","?","T","M","?","R","E","M","R","B",null,"M","$","?","$","?","R","M","M","T","M","R","M","M","E","R","B",null,"M","M","M","?","$","R","M","$","T","M","?","T","M"],"character_chosen":"IRONCLAD","items_purchased":["Oddly Smooth Stone","Shrug It Off","Evolve"],"campfire_rested":4,"item_purchase_floors":[19,19,21],"current_hp_per_floor":[66,65,73,63,67,47,47,36,36,37,37,65,49,55,55,26,80,69,69,69,69,69,69,64,71,71,56,89,99,70,29,63,13,92,84,66,38,38,38,74,77,77,77,58,58,58,0],"gold":133,"neow_bonus":"THREE_RARE_CARDS","is_prod":false,"is_daily":false,"chose_seed":false,"campfire_upgraded":3,"win_rate":0,"timestamp":1551886474,"path_taken":["M","M","M","M","M","E","R","?","T","M","?","R","E","M","R","BOSS","M","?","?","$","?","R","M","M","T","M","R","M","M","E","R","BOSS","M","M","M","?","$","R","M","$","T","?","?","?","M"],"build_version":"2019-01-23","purchased_purges":3,"victory":false,"max_hp_per_floor":[78,81,84,84,87,90,90,90,90,94,94,94,94,94,94,98,98,102,102,102,102,102,102,106,110,110,110,110,114,114,114,114,118,118,118,118,122,122,122,122,126,126,126,126,126,126,126],"card_choices":[{"not_picked":["Bludgeon","Limit Break"],"picked":"Feed","floor":0.0},{"not_picked":["Pommel Strike","Wild Strike"],"picked":"Feel No Pain","floor":1.0},{"not_picked":["Flame Barrier","Perfected Strike"],"picked":"Shrug It Off","floor":2.0},{"not_picked":["Perfected Strike","Shrug It Off"],"picked":"Reckless Charge","floor":3.0},{"not_picked":["Perfected Strike","Fire Breathing"],"picked":"Demon Form","floor":4.0},{"not_picked":["Perfected Strike","Clothesline"],"picked":"Infernal Blade","floor":5.0},{"not_picked":["Wild Strike","Flex"],"picked":"Carnage","floor":6.0},{"not_picked":["Infernal Blade","Sword Boomerang"],"picked":"Second Wind","floor":10.0},{"not_picked":["Warcry","Cleave"],"picked":"Body Slam","floor":13.0},{"not_picked":["Inflame","Reckless Charge"],"picked":"Metallicize","floor":14.0},{"not_picked":["Double Tap","Juggernaut"],"picked":"Bludgeon","floor":16.0},{"not_picked":["Dropkick","Anger","Warcry"],"picked":"SKIP","floor":18.0},{"not_picked":["Rupture","Cleave+1","Thunderclap"],"picked":"SKIP","floor":24.0},{"not_picked":["Havoc","Corruption"],"picked":"Disarm","floor":25.0},{"not_picked":["Cleave","Headbutt"],"picked":"Havoc","floor":27.0},{"not_picked":["Pummel","Rupture+1","True Grit"],"picked":"SKIP","floor":29.0},{"not_picked":["Pummel","Seeing Red"],"picked":"Reckless Charge+1","floor":30.0},{"not_picked":["Iron Wave","Cleave"],"picked":"Burning Pact","floor":31.0},{"not_picked":["Exhume","Impervious"],"picked":"Reaper","floor":33.0},{"not_picked":["Heavy Blade","Infernal Blade"],"picked":"Feel No Pain","floor":34.0},{"not_picked":["Iron Wave","Ghostly Armor"],"picked":"Intimidate","floor":34.0},{"not_picked":["Flex","Blood for Blood"],"picked":"Disarm","floor":34.0},{"not_picked":["Cleave","Flame Barrier","Flex"],"picked":"SKIP","floor":35.0},{"not_picked":["Warcry","Fire Breathing","Havoc"],"picked":"SKIP","floor":36.0},{"not_picked":["Warcry","Fire Breathing","Havoc"],"picked":"SKIP","floor":36.0},{"not_picked":["Iron Wave+1","Warcry","Wild Strike"],"picked":"SKIP","floor":37.0},{"not_picked":["Reckless Charge+1","Warcry"],"picked":"Power Through","floor":41.0},{"not_picked":["Clash","Havoc+1","Wild Strike"],"picked":"SKIP","floor":44.0}],"player_experience":4475963,"relics_obtained":[{"floor":6.0,"key":"Ancient Tea Set"},{"floor":9.0,"key":"StoneCalendar"},{"floor":13.0,"key":"Kunai"},{"floor":26.0,"key":"Bronze Scales"},{"floor":31.0,"key":"Torii"},{"floor":43.0,"key":"Bottled Tornado"},{"floor":46.0,"key":"Regal Pillow"}],"event_choices":[{"damage_healed":0.0,"max_hp_gain":0.0,"max_hp_loss":0.0,"gold_gain":75.0,"event_name":"World of Goop","player_choice":"Gather Gold","floor":8.0,"gold_loss":0.0,"damage_taken":11.0},{"damage_healed":0.0,"max_hp_gain":0.0,"max_hp_loss":0.0,"gold_gain":0.0,"event_name":"FaceTrader","player_choice":"Trade","floor":11.0,"gold_loss":0.0,"damage_taken":0.0,"relics_obtained":["GremlinMask"]},{"damage_healed":0.0,"max_hp_gain":0.0,"max_hp_loss":0.0,"gold_gain":0.0,"event_name":"Beggar","player_choice":"Ignored","floor":20.0,"gold_loss":0.0,"damage_taken":0.0},{"damage_healed":0.0,"max_hp_gain":0.0,"max_hp_loss":0.0,"gold_gain":0.0,"event_name":"Forgotten Altar","player_choice":"Smashed Altar","floor":22.0,"gold_loss":0.0,"damage_taken":0.0,"cards_obtained":["Decay"]},{"cards_removed":["Decay"],"damage_healed":0.0,"max_hp_gain":0.0,"max_hp_loss":0.0,"gold_gain":0.0,"event_name":"Fountain of Cleansing","player_choice":"Removed Curses","floor":38.0,"gold_loss":0.0,"damage_taken":0.0},{"damage_healed":0.0,"max_hp_gain":0.0,"max_hp_loss":0.0,"gold_gain":0.0,"event_name":"Mysterious Sphere","player_choice":"Ignored","floor":45.0,"gold_loss":0.0,"damage_taken":0.0}],"is_beta":false,"boss_relics":[{"not_picked":["Busted Crown","Fusion Hammer"],"picked":"Astrolabe"},{"not_picked":["Lizard Tail","Coffee Dripper"],"picked":"Orrery"}],"items_purged_floors":[19,39,42],"is_endless":false,"potions_floor_spawned":[1,3,4,13,16,18,27,29,30,33,35,36,41],"killed_by":"Transient","ascension_level":20}