{"gold_per_floor":[114,114,33,49,65,65,65,94,94,94,94,110,110,130,130,225,225,243,259,259,36,52,52,80,80,80,108,108,123,123,123,123,226,276,292,292,292,262,317,317,334,334,357,357,357,257,257,132,132,132],"floor_reached":50,"playtime":3361,"items_purged":["Strike_R","Parasite","Normality"],"score":589,"play_id":"85461fd8-2fac-40d6-9feb-4dd6c6238de9","local_time":"20190220220410","is_ascension_mode":true,"campfire_choices":[{"data":"Body Slam","floor":6.0,"key":"SMITH"},{"data":"Entrench","floor":11.0,"key":"SMITH"},{"floor":13.0,"key":"REST"},{"data":"Power Through","floor":15.0,"key":"SMITH"},{"floor":23.0,"key":"REST"},{"floor":25.0,"key":"REST"},{"data":"Demon Form","floor":28.0,"key":"SMITH"},{"floor":32.0,"key":"REST"},{"floor":40.0,"key":"REST"},{"floor":42.0,"key":"REST"},{"data":"Feel No Pain","floor":44.0,"key":"SMITH"},{"floor":49.0,"key":"REST"}],"neow_cost":"NONE","seed_source_timestamp":0,"circlet_count":0,"master_deck":["Strike_R+1","Strike_R+1","Strike_R+1","Defend_R+1","Defend_R+1","Defend_R+1","Defend_R+1","Bash","Warcry","Evolve","Body Slam+1","Entrench+1","Shrug It Off","Power Through+1","Second Wind+1","Demon Form+1","True Grit+1","Bloodletting","Whirlwind+1","Feel No Pain+1","Intimidate","Wild Strike","Spot Weakness+1","Sever Soul","Reckless Charge","Offering","Madness","Madness","Madness"],"special_seed":0,"relics":["Cursed Key","Sundial","Prayer Wheel","Spirit Poop","Runic Cube","Enchiridion","Juzu Bracelet","Bottled Flame","Happy Flower","Tiny House","PreservedInsect","Question Card"],"potions_floor_usage":[50,50,50,50,50],"damage_taken":[{"damage":9.0,"enemies":"2 Louse","floor":1.0,"turns":3.0},{"damage":2.0,"enemies":"Jaw Worm","floor":4.0,"turns":3.0},{"damage":1.0,"enemies":"Cultist","floor":5.0,"turns":4.0},{"damage":56.0,"enemies":"Gremlin Nob","floor":8.0,"turns":5.0},{"damage":3.0,"enemies":"Large Slime","floor":12.0,"turns":6.0},{"damage":2.0,"enemies":"2 Fungi Beasts","floor":14.0,"turns":4.0},{"damage":15.0,"enemies":"The Guardian","floor":16.0,"turns":13.0},{"damage":7.0,"enemies":"Chosen","floor":18.0,"turns":5.0},{"damage":7.0,"enemies":"Spheric Guardian","floor":19.0,"turns":5.0},{"damage":22.0,"enemies":"Centurion and Healer","floor":22.0,"turns":6.0},{"damage":37.0,"enemies":"Gremlin Leader","floor":24.0,"turns":6.0},{"damage":17.0,"enemies":"Slavers","floor":27.0,"turns":6.0},{"damage":17.0,"enemies":"Snake Plant","floor":29.0,"turns":5.0},{"damage":10.0,"enemies":"Champ","floor":33.0,"turns":13.0},{"damage":17.0,"enemies":"3 Shapes","floor":35.0,"turns":5.0},{"damage":44.0,"enemies":"2 Orb Walkers","floor":39.0,"turns":6.0},{"damage":22.0,"enemies":"3 Darklings","floor":41.0,"turns":6.0},{"damage":73,"enemies":"Awakened One","floor":50,"turns":5}],"seed_played":"-4286293012510682388","potions_obtained":[{"floor":12.0,"key":"Weak Potion"},{"floor":16.0,"key":"EssenceOfSteel"},{"floor":18.0,"key":"Regen Potion"},{"floor":22.0,"key":"GamblersBrew"},{"floor":34.0,"key":"Fruit Juice"},{"floor":35.0,"key":"Ancient Potion"},{"floor":38.0,"key":"BloodPotion"},{"floor":38.0,"key":"EntropicBrew"},{"floor":39.0,"key":"LiquidBronze"}],"is_trial":false,"path_per_floor":["M","?","$","M","M","R","$","E","T","?","R","M","R","M","R","B",null,"M","M","?","$","M","R","E","R","T","E","R","M","?","?","R","B",null,"M","?","?","?","?","R","M","R","T","R","?","$","T","$","R","B"],"character_chosen":"IRONCLAD","items_purchased":["Evolve","Feel No Pain","Intimidate"],"campfire_rested":7,"item_purchase_floors":[3,21,21],"current_hp_per_floor":[71,64,64,62,61,61,61,5,5,5,5,2,26,24,24,9,62,55,48,32,32,25,49,12,36,36,19,19,2,2,2,26,16,74,57,46,46,46,11,38,16,43,43,43,43,43,43,43,69,0],"gold":132,"neow_bonus":"BOSS_RELIC","is_prod":false,"is_daily":false,"chose_seed":false,"campfire_upgraded":5,"win_rate":0,"timestamp":1550667850,"path_taken":["M","?","$","M","M","R","$","E","T","?","R","?","R","M","R","BOSS","M","M","?","$","M","R","E","R","T","E","R","M","?","?","R","BOSS","M","?","?","?","?","R","M","R","T","R","?","$","?","$","R","BOSS"],"build_version":"2019-01-23","purchased_purges":3,"victory":false,"max_hp_per_floor":[80,80,80,80,80,80,80,80,80,80,80,80,80,80,80,80,80,80,80,80,80,80,80,80,80,80,80,80,80,80,80,80,80,90,90,90,90,90,90,90,90,90,90,90,90,87,87,87,87,87],"card_choices":[{"not_picked":["Fire Breathing","Anger"],"picked":"Warcry","floor":1.0},{"not_picked":["Iron Wave","Thunderclap"],"picked":"Body Slam","floor":4.0},{"not_picked":["Corruption","Headbutt","Clothesline"],"picked":"SKIP","floor":5.0},{"not_picked":["Sever Soul","Double Tap"],"picked":"Entrench","floor":8.0},{"not_picked":["Heavy Blade","Sentinel"],"picked":"Shrug It Off","floor":12.0},{"not_picked":["Headbutt","Pommel Strike","Clothesline"],"picked":"SKIP","floor":12.0},{"not_picked":["Battle Trance","Immolate"],"picked":"Power Through","floor":14.0},{"not_picked":["Seeing Red","Feel No Pain"],"picked":"Second Wind","floor":14.0},{"not_picked":["Immolate","Berserk"],"picked":"Demon Form","floor":16.0},{"not_picked":["Headbutt","Blood for Blood"],"picked":"True Grit+1","floor":18.0},{"not_picked":["Second Wind","Rage"],"picked":"Bloodletting","floor":18.0},{"not_picked":["Bludgeon","Hemokinesis"],"picked":"Whirlwind+1","floor":19.0},{"not_picked":["Clash+1","Body Slam","Pommel Strike"],"picked":"SKIP","floor":19.0},{"not_picked":["Armaments","Rage"],"picked":"Wild Strike","floor":22.0},{"not_picked":["Rage","Whirlwind","Twin Strike"],"picked":"SKIP","floor":22.0},{"not_picked":["Battle Trance","Perfected Strike"],"picked":"Spot Weakness+1","floor":24.0},{"not_picked":["Havoc","Intimidate"],"picked":"Sever Soul","floor":27.0},{"not_picked":["Rupture","Anger"],"picked":"Reckless Charge","floor":29.0},{"not_picked":["Iron Wave","Whirlwind+1","Havoc+1"],"picked":"SKIP","floor":29.0},{"not_picked":["Immolate","Fiend Fire"],"picked":"Offering","floor":33.0},{"not_picked":["Pommel Strike","Warcry+1","Whirlwind"],"picked":"SKIP","floor":35.0},{"not_picked":["Fire Breathing","Shrug It Off","Headbutt"],"picked":"SKIP","floor":35.0},{"not_picked":["Jack Of All Trades","Mind Blast"],"picked":"Madness","floor":37.0},{"not_picked":["Thunderclap+1","Flex+1","Rage"],"picked":"SKIP","floor":41.0},{"not_picked":["Anger","Carnage","Disarm+1"],"picked":"SKIP","floor":41.0}],"player_experience":154424,"relics_obtained":[{"floor":8.0,"key":"Sundial"},{"floor":9.0,"key":"Prayer Wheel"},{"floor":20.0,"key":"Enchiridion"},{"floor":24.0,"key":"Juzu Bracelet"},{"floor":26.0,"key":"Bottled Flame"},{"floor":27.0,"key":"Happy Flower"},{"floor":43.0,"key":"PreservedInsect"},{"floor":47.0,"key":"Question Card"}],"event_choices":[{"cards_removed":["Strike_R"],"damage_healed":0.0,"max_hp_gain":0.0,"max_hp_loss":0.0,"gold_gain":0.0,"event_name":"Golden Wing","player_choice":"Card Removal","floor":2.0,"gold_loss":0.0,"damage_taken":7.0},{"cards_removed":["Doubt"],"damage_healed":0.0,"max_hp_gain":0.0,"max_hp_loss":0.0,"gold_gain":0.0,"event_name":"Bonfire Elementals","player_choice":"Offered Curse","floor":10.0,"gold_loss":0.0,"damage_taken":0.0,"relics_obtained":["Spirit Poop"]},{"damage_healed":0.0,"max_hp_gain":0.0,"max_hp_loss":0.0,"gold_gain":0.0,"event_name":"Cursed Tome","player_choice":"Obtained Book","floor":20.0,"gold_loss":0.0,"damage_taken":16.0},{"damage_healed":0.0,"max_hp_gain":0.0,"max_hp_loss":0.0,"gold_gain":0.0,"event_name":"Back to Basics","player_choice":"Simplicity","floor":30.0,"gold_loss":0.0,"damage_taken":0.0,"cards_upgraded":["Strike_R","Strike_R","Strike_R","Defend_R","Defend_R","Defend_R","Defend_R"]},{"damage_healed":0.0,"max_hp_gain":0.0,"max_hp_loss":0.0,"gold_gain":0.0,"event_name":"Vampires","player_choice":"Ignored","floor":31.0,"gold_loss":0.0,"damage_taken":0.0},{"damage_healed":0.0,"max_hp_gain":0.0,"max_hp_loss":0.0,"gold_gain":0.0,"event_name":"Winding Halls","player_choice":"Embrace Madness","floor":36.0,"gold_loss":0.0,"damage_taken":11.0,"cards_obtained":["Madness","Madness"]},{"damage_healed":0.0,"max_hp_gain":0.0,"max_hp_loss":0.0,"gold_gain":0.0,"event_name":"SensoryStone","player_choice":"Memory 1","floor":37.0,"gold_loss":0.0,"damage_taken":0.0},{"damage_healed":0.0,"max_hp_gain":0.0,"max_hp_loss":0.0,"gold_gain":0.0,"event_name":"The Woman in Blue","player_choice":"Bought 2 Potions","floor":38.0,"gold_loss":0.0,"damage_taken":0.0},{"damage_healed":0.0,"max_hp_gain":0.0,"max_hp_loss":0.0,"gold_gain":0.0,"event_name":"Mysterious Sphere","player_choice":"Fight","floor":39.0,"gold_loss":0.0,"damage_taken":0.0},{"cards_removed":["Shame"],"damage_healed":0.0,"max_hp_gain":0.0,"max_hp_loss":0.0,"gold_gain":0.0,"event_name":"Purifier","player_choice":"Purged","floor":45.0,"gold_loss":0.0,"damage_taken":0.0}],"is_beta":false,"boss_relics":[{"not_picked":["White Beast Statue","Coffee Dripper"],"picked":"Runic Cube"},{"not_picked":["Pandora\u0027s Box","Astrolabe"],"picked":"Tiny House"}],"items_purged_floors":[21,46,48],"is_endless":false,"potions_floor_spawned":[12,16,18,22,35,39],"killed_by":"Awakened One","ascension_level":5}