{"gold_per_floor":[16,35,48,48,13,13,47,47,47,59,59,79,79,90,90,90],"floor_reached":16,"playtime":314,"items_purged":[],"score":204,"play_id":"df1babde-2fbb-41dc-b8f7-2877c2e4dbd1","local_time":"20190212011643","is_ascension_mode":true,"campfire_choices":[{"data":"Defragment","floor":6,"key":"SMITH"},{"data":"Loop","floor":8,"key":"SMITH"},{"data":"Lockon","floor":11,"key":"SMITH"},{"data":"Zap","floor":15,"key":"SMITH"}],"neow_cost":"NO_GOLD","seed_source_timestamp":1060110235290600,"circlet_count":0,"master_deck":["AscendersBane","Strike_B","Strike_B","Strike_B","Defend_B","Defend_B","Defend_B","Zap+1","Dualcast","Defragment+1","Steam Power","Rebound","Loop+1","Ball Lightning","Lockon+1","Conserve Battery+1"],"relics":["Cracked Core","Ornamental Fan","Toxic Egg 2","Strawberry"],"potions_floor_usage":[16,16],"damage_taken":[{"damage":7,"enemies":"Jaw Worm","floor":1,"turns":3},{"damage":6,"enemies":"2 Louse","floor":2,"turns":3},{"damage":1,"enemies":"Cultist","floor":3,"turns":4},{"damage":25,"enemies":"Lagavulin","floor":7,"turns":7},{"damage":15,"enemies":"Exordium Wildlife","floor":10,"turns":3},{"damage":21,"enemies":"Blue Slaver","floor":12,"turns":3},{"damage":0,"enemies":"Large Slime","floor":14,"turns":4},{"damage":21,"enemies":"Slime Boss","floor":16,"turns":5}],"seed_played":"-2195932418437225782","potions_obtained":[{"floor":1,"key":"SpeedPotion"},{"floor":3,"key":"Ancient Potion"},{"floor":12,"key":"Fire Potion"}],"is_trial":false,"path_per_floor":["M","M","M","$","?","R","E","R","T","M","R","M","?","M","R","B"],"character_chosen":"DEFECT","items_purchased":[],"campfire_rested":0,"item_purchase_floors":[],"current_hp_per_floor":[57,51,50,50,67,67,42,42,42,27,27,6,13,13,13,0],"gold":90,"neow_bonus":"TRANSFORM_TWO_CARDS","is_prod":false,"is_daily":false,"chose_seed":false,"campfire_upgraded":4,"win_rate":0,"timestamp":1549901803,"path_taken":["M","M","M","$","?","R","E","R","T","M","R","M","?","?","R","BOSS"],"build_version":"2019-01-23","purchased_purges":0,"victory":false,"max_hp_per_floor":[71,71,71,71,71,71,71,71,71,71,71,71,78,78,78,78],"card_choices":[{"not_picked":["Compile Driver","Skim"],"picked":"Rebound","floor":1},{"not_picked":["Turbo","Scrape","Fusion"],"picked":"SKIP","floor":2},{"not_picked":["Redo","Aggregate"],"picked":"Loop","floor":3},{"not_picked":["Self Repair","Rebound"],"picked":"Ball Lightning","floor":7},{"not_picked":["Loop","Capacitor"],"picked":"Lockon","floor":10},{"not_picked":["Beam Cell","Tempest+1"],"picked":"Redo+1","floor":12},{"not_picked":["Chill+1","Stack+1"],"picked":"Conserve Battery+1","floor":14}],"player_experience":4264765,"relics_obtained":[{"floor":7,"key":"Ornamental Fan"},{"floor":9,"key":"Toxic Egg 2"}],"event_choices":[{"damage_healed":17,"gold_gain":0,"player_choice":"Healed","damage_taken":0,"max_hp_gain":0,"max_hp_loss":0,"event_name":"The Cleric","floor":5,"gold_loss":35},{"cards_removed":["Redo"],"damage_healed":0,"gold_gain":0,"player_choice":"Gave Card","damage_taken":0,"relics_obtained":["Strawberry"],"max_hp_gain":0,"max_hp_loss":0,"event_name":"WeMeetAgain","floor":13,"gold_loss":0}],"is_beta":false,"boss_relics":[],"items_purged_floors":[],"is_endless":false,"potions_floor_spawned":[1,3,12],"killed_by":"Slime Boss","ascension_level":20}