{"gold_per_floor":[118,118,129,139,214,214,214,8,8,8,22,54,54,35,35,35],"floor_reached":16,"playtime":642,"items_purged":[],"score":120,"play_id":"9ff28dab-7960-4cd3-8112-362c95df8cb6","local_time":"20190220120737","is_ascension_mode":true,"campfire_choices":[{"data":"Armaments","floor":6,"key":"SMITH"},{"data":"Seeing Red","floor":10,"key":"SMITH"},{"data":"Second Wind","floor":13,"key":"SMITH"},{"data":"Bash","floor":15,"key":"SMITH"}],"neow_cost":"NONE","seed_source_timestamp":7987756451627,"circlet_count":0,"master_deck":["Strike_R","Strike_R","Strike_R","Strike_R","Defend_R","Defend_R","Defend_R","Defend_R","Bash+1","Seeing Red+1","Armaments+1","Feel No Pain","Second Wind+1"],"relics":["Burning Blood","NeowsBlessing","Darkstone Periapt","Happy Flower","PreservedInsect","Orichalcum"],"potions_floor_usage":[12,16,16],"damage_taken":[{"damage":0,"enemies":"Small Slimes","floor":1,"turns":1},{"damage":0,"enemies":"Cultist","floor":3,"turns":1},{"damage":0,"enemies":"Jaw Worm","floor":4,"turns":1},{"damage":6,"enemies":"Blue Slaver","floor":11,"turns":4},{"damage":13,"enemies":"Gremlin Nob","floor":12,"turns":3},{"damage":0,"enemies":"Exordium Thugs","floor":14,"turns":4},{"damage":70,"enemies":"Hexaghost","floor":16,"turns":14}],"seed_played":"-3387148299208321546","potions_obtained":[{"floor":1,"key":"PowerPotion"},{"floor":4,"key":"AttackPotion"},{"floor":14,"key":"FearPotion"}],"is_trial":false,"path_per_floor":["M","?","M","M","?","R","T","$","T","R","M","E","R","M","R","B"],"character_chosen":"IRONCLAD","items_purchased":["Happy Flower","Dexterity Potion"],"campfire_rested":0,"item_purchase_floors":[8,8],"current_hp_per_floor":[80,80,80,80,69,69,69,69,69,69,69,62,62,68,68,0],"gold":35,"neow_bonus":"THREE_ENEMY_KILL","is_prod":false,"is_daily":false,"chose_seed":false,"campfire_upgraded":4,"win_rate":0,"timestamp":1550632057,"path_taken":["M","?","M","?","?","R","?","$","T","R","M","E","R","M","R","BOSS"],"build_version":"2019-01-23","purchased_purges":0,"victory":false,"max_hp_per_floor":[80,80,80,80,80,80,80,80,80,80,80,80,80,80,80,80],"card_choices":[{"not_picked":["Rupture","Dual Wield","Iron Wave"],"picked":"SKIP","floor":1},{"not_picked":["Iron Wave","Battle Trance"],"picked":"Seeing Red","floor":3},{"not_picked":["Burning Pact","Clash"],"picked":"Armaments","floor":4},{"not_picked":["Clothesline","Armaments"],"picked":"Feel No Pain","floor":11},{"not_picked":["Carnage","Armaments"],"picked":"Second Wind","floor":12},{"not_picked":["Seeing Red","Corruption","Twin Strike"],"picked":"SKIP","floor":14}],"player_experience":148985,"relics_obtained":[{"floor":7,"key":"Darkstone Periapt"},{"floor":9,"key":"PreservedInsect"},{"floor":12,"key":"Orichalcum"}],"event_choices":[{"cards_removed":["Strike_R"],"damage_healed":0,"gold_gain":0,"player_choice":"Offered Basic","damage_taken":0,"max_hp_gain":0,"max_hp_loss":0,"event_name":"Bonfire Elementals","floor":2,"gold_loss":0},{"damage_healed":0,"gold_gain":75,"player_choice":"Gather Gold","damage_taken":11,"max_hp_gain":0,"max_hp_loss":0,"event_name":"World of Goop","floor":5,"gold_loss":0}],"is_beta":false,"boss_relics":[],"items_purged_floors":[],"is_endless":false,"potions_floor_spawned":[1,4,14],"killed_by":"Hexaghost","ascension_level":4}