{"gold_per_floor":[121,133,295,324,336,348,378,390,425,450,512,542,569,581],"floor_reached":14,"playtime":308,"items_purged":[],"score":264,"play_id":"c54cf028-418b-44d6-ac44-95a981441aee","local_time":"20190210234021","daily_mods":["Diverse"],"is_ascension_mode":true,"campfire_choices":[{"data":"Bash","floor":6,"key":"SMITH"},{"data":"Conserve Battery","floor":8,"key":"SMITH"}],"neow_cost":"","seed_source_timestamp":0,"circlet_count":0,"master_deck":["AscendersBane","Strike_R","Strike_R","Strike_R","Strike_R","Strike_R","Defend_R","Defend_R","Defend_R","Defend_R","Bash+1","Injury","Writhe","Regret","Thunderclap","Doubt","Discovery+1","Conserve Battery+1","Feel No Pain","Conserve Battery","Deflect"],"relics":["Burning Blood","PrismaticShard","Calling Bell","MawBank","Matryoshka","Nunchaku","Bag of Marbles","Blue Candle","Regal Pillow","Juzu Bracelet"],"potions_floor_usage":[10,10],"damage_taken":[{"damage":11,"enemies":"Cultist","floor":1,"turns":4},{"damage":2,"enemies":"2 Louse","floor":4,"turns":2},{"damage":13,"enemies":"Small Slimes","floor":7,"turns":3},{"damage":19,"enemies":"Exordium Thugs","floor":10,"turns":5},{"damage":11,"enemies":"2 Fungi Beasts","floor":12,"turns":4},{"damage":36,"enemies":"Gremlin Gang","floor":13,"turns":8},{"damage":12,"enemies":"Large Slime","floor":14,"turns":2}],"seed_played":"8354453124607279613","potions_obtained":[{"floor":1,"key":"Poison Potion"},{"floor":7,"key":"SkillPotion"}],"is_trial":true,"path_per_floor":["M","T","?","M","?","R","M","R","T","M","?","M","M","M"],"character_chosen":"IRONCLAD","items_purchased":[],"campfire_rested":0,"item_purchase_floors":[],"current_hp_per_floor":[63,63,63,67,67,67,60,60,60,47,47,42,12,0],"gold":581,"neow_bonus":"","is_prod":false,"is_daily":false,"chose_seed":false,"campfire_upgraded":2,"win_rate":0,"timestamp":1549809621,"path_taken":["M","?","?","M","?","R","?","R","T","M","?","M","M","M"],"build_version":"2019-01-23","purchased_purges":0,"victory":false,"max_hp_per_floor":[75,75,75,75,75,75,75,75,75,75,75,75,75,75],"card_choices":[{"not_picked":["Outmaneuver","Stack"],"picked":"Thunderclap","floor":1},{"not_picked":["Madness","Defragment"],"picked":"Discovery","floor":4},{"not_picked":["Headbutt","Gash"],"picked":"Conserve Battery","floor":7},{"not_picked":["Perfected Strike","Barrage"],"picked":"Feel No Pain","floor":10},{"not_picked":["Prepared","Clothesline"],"picked":"Conserve Battery","floor":12},{"not_picked":["Leap","Compile Driver"],"picked":"Deflect","floor":13}],"player_experience":4249422,"relics_obtained":[{"floor":0,"key":"MawBank"},{"floor":0,"key":"Matryoshka"},{"floor":0,"key":"Nunchaku"},{"floor":2,"key":"Bag of Marbles"},{"floor":2,"key":"Blue Candle"},{"floor":9,"key":"Regal Pillow"},{"floor":9,"key":"Juzu Bracelet"}],"event_choices":[{"damage_healed":0,"gold_gain":150,"player_choice":"AGREE","damage_taken":0,"max_hp_gain":0,"max_hp_loss":0,"event_name":"Liars Game","floor":3,"gold_loss":0,"cards_obtained":["Doubt"]},{"damage_healed":0,"gold_gain":0,"player_choice":"Upgraded","damage_taken":0,"max_hp_gain":0,"max_hp_loss":0,"event_name":"Upgrade Shrine","floor":5,"gold_loss":0,"cards_upgraded":["Discovery"]},{"damage_healed":0,"gold_gain":50,"player_choice":"Pray","damage_taken":0,"max_hp_gain":0,"max_hp_loss":0,"event_name":"Golden Shrine","floor":11,"gold_loss":0}],"is_beta":false,"boss_relics":[],"items_purged_floors":[],"is_endless":false,"potions_floor_spawned":[1,7],"killed_by":"Large Slime","ascension_level":20}