{"gold_per_floor":[119,139,139,157,170,198,198,228,253,253,63,63,94,104,104,203,203,217,217,234,324,341,341,366,381,431,447,63,79,79,95,95,196,196,211,228,242,242,256,256,272,287,287,304,304,304,140,0,0,0],"floor_reached":51,"playtime":7131,"items_purged":["Strike_R"],"score":700,"play_id":"ff02de97-4c09-4b9a-bdf9-a4db672d86a9","local_time":"20190216155403","is_ascension_mode":true,"campfire_choices":[{"data":"Bash","floor":7,"key":"SMITH"},{"data":"Metallicize","floor":12,"key":"SMITH"},{"data":"Feel No Pain","floor":15,"key":"SMITH"},{"floor":23,"key":"REST"},{"floor":30,"key":"REST"},{"data":"Panacea","floor":32,"key":"SMITH"},{"data":"Seeing Red","floor":40,"key":"SMITH"},{"data":"Demon Form","floor":45,"key":"SMITH"},{"data":"Bludgeon","floor":49,"key":"SMITH"}],"neow_cost":"NONE","seed_source_timestamp":152176053300,"circlet_count":0,"master_deck":["Strike_R","Strike_R","Strike_R","Strike_R","Defend_R+1","Defend_R+1","Defend_R","Defend_R","Bash+1","True Grit+1","Clothesline+1","Metallicize+1","Thunderclap","Pommel Strike","Headbutt","Feel No Pain+1","Bludgeon+1","Flame Barrier","Carnage","Brutality","Battle Trance","Shockwave","Seeing Red+1","Flame Barrier+1","Reckless Charge+1","Disarm+1","Havoc+1","Panacea+1","Metallicize+1","Demon Form+1","Seeing Red+1","Infernal Blade+1","Rupture"],"relics":["Black Blood","War Paint","Blood Vial","Bag of Preparation","Bag of Marbles","Runic Cube","Mango","Centennial Puzzle","Anchor","Bronze Scales","Shuriken","Red Mask"],"potions_floor_usage":[24,24,24,27,39,41,50,50],"damage_taken":[{"damage":3,"enemies":"Small Slimes","floor":1,"turns":4},{"damage":0,"enemies":"2 Louse","floor":2,"turns":3},{"damage":1,"enemies":"Cultist","floor":4,"turns":4},{"damage":1,"enemies":"2 Fungi Beasts","floor":5,"turns":4},{"damage":5,"enemies":"Lagavulin","floor":6,"turns":10},{"damage":23,"enemies":"3 Sentries","floor":8,"turns":9},{"damage":1,"enemies":"Lagavulin","floor":13,"turns":8},{"damage":2,"enemies":"Exordium Wildlife","floor":14,"turns":3},{"damage":12,"enemies":"Slime Boss","floor":16,"turns":15},{"damage":10,"enemies":"Chosen","floor":18,"turns":6},{"damage":11,"enemies":"Shell Parasite","floor":20,"turns":4},{"damage":9,"enemies":"Snake Plant","floor":22,"turns":6},{"damage":53,"enemies":"Slavers","floor":24,"turns":8},{"damage":8,"enemies":"Cultist and Chosen","floor":25,"turns":6},{"damage":9,"enemies":"Snecko","floor":27,"turns":6},{"damage":0,"enemies":"Chosen and Byrds","floor":29,"turns":4},{"damage":1,"enemies":"Snake Plant","floor":31,"turns":3},{"damage":39,"enemies":"Collector","floor":33,"turns":8},{"damage":11,"enemies":"3 Darklings","floor":35,"turns":7},{"damage":1,"enemies":"Orb Walker","floor":36,"turns":2},{"damage":8,"enemies":"Maw","floor":37,"turns":7},{"damage":25,"enemies":"4 Shapes","floor":39,"turns":9},{"damage":16,"enemies":"Writhing Mass","floor":41,"turns":7},{"damage":10,"enemies":"Sphere and 2 Shapes","floor":42,"turns":5},{"damage":12,"enemies":"Maw","floor":44,"turns":7},{"damage":43,"enemies":"Donu and Deca","floor":50,"turns":12}],"seed_played":"6453825899988793087","potions_obtained":[{"floor":4,"key":"FearPotion"},{"floor":5,"key":"Strength Potion"},{"floor":13,"key":"Block Potion"},{"floor":24,"key":"SkillPotion"},{"floor":29,"key":"Dexterity Potion"},{"floor":31,"key":"BloodPotion"},{"floor":37,"key":"SkillPotion"},{"floor":39,"key":"PowerPotion"}],"is_trial":false,"path_per_floor":["M","M","?","M","M","E","R","E","T","?","$","R","E","M","R","B",null,"M","?","M","?","M","R","E","M","T","M","$","M","R","M","R","B",null,"M","M","M","?","M","R","M","M","T","M","R","?","$","?","R","B",null],"character_chosen":"IRONCLAD","items_purchased":["Feel No Pain","Bludgeon","Anchor","Panacea","Bronze Scales","Rupture","PowerPotion"],"campfire_rested":2,"item_purchase_floors":[11,11,28,28,28,47,47],"current_hp_per_floor":[88,88,70,75,80,81,81,64,64,69,69,69,76,82,82,78,93,89,89,86,68,67,93,60,60,60,59,59,67,99,106,106,74,107,106,107,107,107,92,92,88,90,90,90,90,90,90,90,90,59],"gold":0,"neow_bonus":"TEN_PERCENT_HP_BONUS","is_prod":false,"is_daily":false,"chose_seed":false,"campfire_upgraded":7,"win_rate":0,"timestamp":1550328843,"path_taken":["M","M","?","M","M","E","R","E","T","?","$","R","E","M","R","BOSS","M","?","M","?","M","R","E","M","T","M","$","M","R","?","R","BOSS","M","M","M","?","M","R","M","M","T","M","R","?","$","?","R","BOSS"],"build_version":"2019-01-23","purchased_purges":1,"victory":true,"max_hp_per_floor":[88,88,88,88,88,88,88,88,88,93,93,93,93,93,93,93,93,93,93,93,93,93,93,107,107,107,107,107,107,107,107,107,107,107,107,107,107,107,107,107,107,107,107,107,107,107,107,107,107,107],"card_choices":[{"not_picked":["Heavy Blade","Feel No Pain"],"picked":"True Grit","floor":1},{"not_picked":["Clash","Perfected Strike"],"picked":"Clothesline","floor":2},{"not_picked":["Bloodletting","Rage"],"picked":"Metallicize","floor":4},{"not_picked":["Body Slam","Havoc"],"picked":"Thunderclap","floor":5},{"not_picked":["Clash","Brutality"],"picked":"Pommel Strike","floor":6},{"not_picked":["Thunderclap","Twin Strike"],"picked":"Headbutt","floor":8},{"not_picked":["Cleave","Clash"],"picked":"Flame Barrier","floor":13},{"not_picked":["Dropkick","True Grit"],"picked":"Carnage","floor":14},{"not_picked":["Double Tap","Limit Break"],"picked":"Brutality","floor":16},{"not_picked":["Wild Strike","Heavy Blade"],"picked":"Battle Trance","floor":18},{"not_picked":["Rage+1","Shockwave"],"picked":"Seeing Red+1","floor":20},{"not_picked":["Pommel Strike","Havoc"],"picked":"Flame Barrier+1","floor":22},{"not_picked":["Metallicize","Sword Boomerang","Reckless Charge+1"],"picked":"SKIP","floor":24},{"not_picked":["Metallicize","Sword Boomerang"],"picked":"Reckless Charge+1","floor":24},{"not_picked":["Intimidate","Twin Strike"],"picked":"Disarm+1","floor":25},{"not_picked":["Feel No Pain","Second Wind"],"picked":"Havoc+1","floor":27},{"not_picked":["Fire Breathing","Body Slam+1"],"picked":"Metallicize+1","floor":29},{"not_picked":["Thunderclap+1","Seeing Red","Uppercut+1"],"picked":"SKIP","floor":31},{"not_picked":["Bludgeon","Offering"],"picked":"Demon Form","floor":33},{"not_picked":["Clash+1","Iron Wave+1","Blood for Blood"],"picked":"SKIP","floor":35},{"not_picked":["Twin Strike","Cleave+1"],"picked":"Seeing Red","floor":36},{"not_picked":["Body Slam","Bloodletting+1","Iron Wave"],"picked":"SKIP","floor":37},{"not_picked":["Anger","True Grit","Clash"],"picked":"SKIP","floor":39},{"not_picked":["Bloodletting","Heavy Blade"],"picked":"Infernal Blade+1","floor":41},{"not_picked":["Entrench","Wild Strike+1","Twin Strike+1"],"picked":"SKIP","floor":42},{"not_picked":["Cleave","Warcry+1","Headbutt"],"picked":"SKIP","floor":44}],"player_experience":315812,"relics_obtained":[{"floor":6,"key":"War Paint"},{"floor":8,"key":"Blood Vial"},{"floor":9,"key":"Bag of Preparation"},{"floor":13,"key":"Bag of Marbles"},{"floor":24,"key":"Mango"},{"floor":26,"key":"Centennial Puzzle"},{"floor":43,"key":"Shuriken"}],"event_choices":[{"damage_healed":0,"gold_gain":0,"player_choice":"Entered Light","damage_taken":18,"max_hp_gain":0,"max_hp_loss":0,"event_name":"Shining Light","floor":3,"gold_loss":0,"cards_upgraded":["Clothesline","True Grit"]},{"damage_healed":0,"gold_gain":0,"player_choice":"Donut","damage_taken":0,"max_hp_gain":5,"max_hp_loss":0,"event_name":"Big Fish","floor":10,"gold_loss":0},{"damage_healed":0,"gold_gain":0,"player_choice":"Read","damage_taken":0,"max_hp_gain":0,"max_hp_loss":0,"event_name":"The Library","floor":19,"gold_loss":0,"cards_obtained":["Shockwave"]},{"damage_healed":0,"gold_gain":90,"player_choice":"GOLD ","damage_taken":18,"max_hp_gain":0,"max_hp_loss":0,"event_name":"Knowing Skull","floor":21,"potions_obtained":[],"gold_loss":0,"cards_obtained":[]},{"damage_healed":0,"gold_gain":0,"player_choice":"Memory 1","damage_taken":0,"max_hp_gain":0,"max_hp_loss":0,"event_name":"SensoryStone","floor":38,"gold_loss":0},{"damage_healed":0,"gold_gain":0,"player_choice":"Ignored","damage_taken":0,"max_hp_gain":0,"max_hp_loss":0,"event_name":"Mysterious Sphere","floor":46,"gold_loss":0},{"damage_healed":0,"gold_gain":0,"player_choice":"Paid","damage_taken":0,"relics_obtained":["Red Mask"],"max_hp_gain":0,"max_hp_loss":0,"event_name":"Tomb of Lord Red Mask","floor":48,"gold_loss":140}],"is_beta":false,"boss_relics":[{"not_picked":["Orrery","Mark of Pain"],"picked":"Runic Cube"},{"not_picked":["Philosopher\u0027s Stone","Black Star"],"picked":"Black Blood"}],"items_purged_floors":[47],"is_endless":false,"potions_floor_spawned":[4,5,13,18,24,29,31,37,39],"ascension_level":1}