{"gold_per_floor":[116,128,139,159,172,172,199,215,286,286,296,296,316,341,341,414,414,428,438,448,463,463,493,493,543,543,543,468,468],"floor_reached":29,"playtime":972,"items_purged":["Strike_G"],"score":518,"play_id":"11912d37-a134-4024-831c-7f82c48e43fa","local_time":"20190225005433","is_ascension_mode":true,"campfire_choices":[{"data":"Crippling Poison","floor":6.0,"key":"SMITH"},{"data":"Neutralize","floor":10.0,"key":"SMITH"},{"data":"Backstab","floor":12.0,"key":"SMITH"},{"floor":15.0,"key":"REST"},{"floor":24.0,"key":"REST"},{"floor":27.0,"key":"REST"}],"neow_cost":"NONE","seed_source_timestamp":901750591106500,"circlet_count":0,"master_deck":["AscendersBane","Defend_G","Defend_G","Defend_G","Defend_G","Strike_G","Strike_G","Strike_G","Strike_G","Survivor","Neutralize+1","Riddle With Holes","Dagger Throw","Crippling Poison+1","Backstab+1","Riddle With Holes","Cloak And Dagger","Predator","Backflip","Adrenaline","Grand Finale","Grand Finale","PiercingWail","Escape Plan","Calculated Gamble","Grand Finale"],"special_seed":0,"relics":["Ring of the Serpent","Blood Vial","Orichalcum","Turnip","Lantern"],"potions_floor_usage":[],"damage_taken":[{"damage":1.0,"enemies":"Cultist","floor":1.0,"turns":3.0},{"damage":2.0,"enemies":"Jaw Worm","floor":2.0,"turns":4.0},{"damage":0.0,"enemies":"2 Louse","floor":3.0,"turns":3.0},{"damage":5.0,"enemies":"Lots of Slimes","floor":4.0,"turns":3.0},{"damage":3.0,"enemies":"Large Slime","floor":5.0,"turns":5.0},{"damage":13.0,"enemies":"3 Sentries","floor":7.0,"turns":8.0},{"damage":6.0,"enemies":"Exordium Thugs","floor":8.0,"turns":3.0},{"damage":4.0,"enemies":"Blue Slaver","floor":11.0,"turns":3.0},{"damage":1.0,"enemies":"Exordium Wildlife","floor":13.0,"turns":2.0},{"damage":19.0,"enemies":"Lagavulin","floor":14.0,"turns":5.0},{"damage":19.0,"enemies":"The Guardian","floor":16.0,"turns":12.0},{"damage":0.0,"enemies":"Chosen","floor":18.0,"turns":3.0},{"damage":0.0,"enemies":"3 Byrds","floor":19.0,"turns":5.0},{"damage":26.0,"enemies":"Snake Plant","floor":20.0,"turns":4.0},{"damage":8.0,"enemies":"Centurion and Healer","floor":21.0,"turns":5.0},{"damage":35.0,"enemies":"Slavers","floor":23.0,"turns":5.0},{"damage":24,"enemies":"Book of Stabbing","floor":29,"turns":3}],"seed_played":"5227812804859173874","potions_obtained":[{"floor":2.0,"key":"Swift Potion"},{"floor":4.0,"key":"Energy Potion"},{"floor":8.0,"key":"SteroidPotion"},{"floor":13.0,"key":"Explosive Potion"},{"floor":18.0,"key":"Regen Potion"}],"is_trial":false,"path_per_floor":["M","M","M","M","M","R","E","M","T","R","M","R","M","E","R","B",null,"M","M","M","M","?","E","R","?","T","R","$","E"],"character_chosen":"THE_SILENT","items_purchased":[],"campfire_rested":3,"item_purchase_floors":[],"current_hp_per_floor":[58,56,56,51,48,48,35,31,31,31,29,29,30,13,32,15,53,55,57,43,37,37,4,23,23,23,42,42,20],"gold":468,"neow_bonus":"TRANSFORM_CARD","is_prod":false,"is_daily":false,"chose_seed":false,"campfire_upgraded":3,"win_rate":0,"timestamp":1551023673,"path_taken":["M","M","M","M","M","R","E","M","T","R","M","R","M","E","R","BOSS","M","?","M","M","?","E","R","?","T","R","$","E"],"build_version":"2019-01-23","purchased_purges":1,"victory":false,"max_hp_per_floor":[66,66,66,66,66,66,66,66,66,66,66,66,66,66,66,66,66,66,66,66,66,66,66,66,66,66,66,66,66],"card_choices":[{"not_picked":["Bane","Blade Dance"],"picked":"Dagger Throw","floor":1.0},{"not_picked":["Deadly Poison","Dash"],"picked":"Crippling Poison","floor":2.0},{"not_picked":["Dash","Flying Knee"],"picked":"Backstab","floor":3.0},{"not_picked":["PiercingWail","Deflect"],"picked":"Riddle With Holes","floor":4.0},{"not_picked":["Deflect","Catalyst"],"picked":"Cloak And Dagger","floor":5.0},{"not_picked":["Setup","Reflex"],"picked":"Predator","floor":7.0},{"not_picked":["Caltrops","Accuracy"],"picked":"Backflip","floor":8.0},{"not_picked":["Blade Dance","Underhanded Strike"],"picked":"Adrenaline","floor":11.0},{"not_picked":["Dagger Throw","Blade Dance","Skewer"],"picked":"SKIP","floor":13.0},{"not_picked":["Deadly Poison","Backstab"],"picked":"Grand Finale","floor":14.0},{"not_picked":["Wraith Form v2","Doppelganger"],"picked":"Grand Finale","floor":16.0},{"not_picked":["Slice","Outmaneuver"],"picked":"PiercingWail","floor":18.0},{"not_picked":["Sucker Punch","Bane+1","Poisoned Stab"],"picked":"SKIP","floor":19.0},{"not_picked":["Backstab","Slice"],"picked":"Escape Plan","floor":20.0},{"not_picked":["Acrobatics","Underhanded Strike"],"picked":"Calculated Gamble","floor":21.0},{"not_picked":["Wraith Form v2","Underhanded Strike"],"picked":"Grand Finale","floor":23.0}],"player_experience":4392697,"relics_obtained":[{"floor":7.0,"key":"Blood Vial"},{"floor":14.0,"key":"Orichalcum"},{"floor":23.0,"key":"Turnip"},{"floor":26.0,"key":"Lantern"}],"event_choices":[{"damage_healed":0.0,"max_hp_gain":0.0,"max_hp_loss":0.0,"gold_gain":0.0,"event_name":"Ghosts","player_choice":"Ignored","floor":22.0,"gold_loss":0.0,"damage_taken":0.0},{"damage_healed":0.0,"max_hp_gain":0.0,"max_hp_loss":0.0,"gold_gain":50.0,"event_name":"Golden Shrine","player_choice":"Pray","floor":25.0,"gold_loss":0.0,"damage_taken":0.0}],"is_beta":false,"boss_relics":[{"not_picked":["Coffee Dripper","Busted Crown"],"picked":"Ring of the Serpent"}],"items_purged_floors":[28],"is_endless":false,"potions_floor_spawned":[2,4,5,8,13,18],"killed_by":"Book of Stabbing","ascension_level":20}