{"gold_per_floor":[366,63,81,100,175,185,217,5,32,32,49,49,76,76,76,171,171,189,64,64,64,78,78,78],"floor_reached":24,"playtime":1782,"items_purged":["Strike_R"],"score":214,"play_id":"89ba2485-a702-49d4-9075-b1a9bdc1d9b9","local_time":"20190215213327","is_ascension_mode":true,"campfire_choices":[{"data":"Apotheosis","floor":10,"key":"SMITH"},{"floor":15,"key":"REST"},{"data":"Power Through","floor":23,"key":"SMITH"}],"neow_cost":"TEN_PERCENT_HP_LOSS","seed_source_timestamp":84340777577644,"circlet_count":0,"master_deck":["Strike_R","Strike_R","Defend_R","Defend_R","Defend_R","Defend_R","Bash","Evolve","Seeing Red","Shrug It Off","Second Wind","Apotheosis+1","Dropkick","Body Slam+1","Dual Wield","Dropkick","Power Through+1"],"relics":["Burning Blood","Bird Faced Urn","Orichalcum","Smiling Mask","Dream Catcher","Empty Cage"],"potions_floor_usage":[6,7,13,13,18,24],"damage_taken":[{"damage":1,"enemies":"Cultist","floor":1,"turns":4},{"damage":9,"enemies":"Jaw Worm","floor":3,"turns":4},{"damage":4,"enemies":"Small Slimes","floor":4,"turns":5},{"damage":2,"enemies":"Looter","floor":6,"turns":3},{"damage":31,"enemies":"3 Sentries","floor":7,"turns":15},{"damage":7,"enemies":"Blue Slaver","floor":11,"turns":4},{"damage":31,"enemies":"Lagavulin","floor":13,"turns":6},{"damage":56,"enemies":"The Guardian","floor":16,"turns":14},{"damage":18,"enemies":"3 Byrds","floor":18,"turns":6},{"damage":0,"enemies":"Chosen","floor":22,"turns":6},{"damage":72,"enemies":"Gremlin Leader","floor":24,"turns":9}],"seed_played":"984869903224910305","potions_obtained":[{"floor":4,"key":"Poison Potion"},{"floor":6,"key":"SkillPotion"},{"floor":7,"key":"Poison Potion"},{"floor":11,"key":"FearPotion"},{"floor":16,"key":"Explosive Potion"},{"floor":22,"key":"Fire Potion"}],"is_trial":false,"path_per_floor":["M","$","M","M","?","M","E","$","T","R","M","?","E","?","R","B",null,"M","$","?","?","M","R","E"],"character_chosen":"IRONCLAD","items_purchased":["Bird Faced Urn","Apotheosis","Dropkick","Dropkick"],"campfire_rested":1,"item_purchase_floors":[2,8,8,19],"current_hp_per_floor":[72,72,69,71,60,64,41,41,41,41,40,33,10,34,55,7,72,62,62,62,62,70,70,0],"gold":78,"neow_bonus":"TWO_FIFTY_GOLD","is_prod":false,"is_daily":false,"chose_seed":false,"campfire_upgraded":2,"win_rate":0,"timestamp":1550234007,"path_taken":["M","$","M","M","?","M","E","$","T","R","M","?","E","?","R","BOSS","M","$","?","?","?","R","E"],"build_version":"2019-01-23","purchased_purges":1,"victory":false,"max_hp_per_floor":[72,72,72,72,72,72,72,72,72,72,72,72,72,72,72,72,72,72,72,72,72,72,72,72],"card_choices":[{"not_picked":["Sword Boomerang","Iron Wave"],"picked":"Evolve","floor":1},{"not_picked":["Warcry","Sword Boomerang"],"picked":"Seeing Red","floor":3},{"not_picked":["Warcry","Searing Blow"],"picked":"Shrug It Off","floor":4},{"not_picked":["Sever Soul","Flame Barrier"],"picked":"Armaments","floor":6},{"not_picked":["Pummel","Infernal Blade"],"picked":"Second Wind","floor":7},{"not_picked":["Twin Strike","Bloodletting"],"picked":"Body Slam","floor":11},{"not_picked":["Evolve","Reaper"],"picked":"Dual Wield","floor":13},{"not_picked":["Body Slam","True Grit+1","Twin Strike"],"picked":"SKIP","floor":18},{"not_picked":["Rampage+1","True Grit"],"picked":"Power Through","floor":22}],"player_experience":100296,"relics_obtained":[{"floor":7,"key":"Orichalcum"},{"floor":9,"key":"Smiling Mask"},{"floor":13,"key":"Dream Catcher"}],"event_choices":[{"damage_healed":0,"gold_gain":75,"player_choice":"Gather Gold","damage_taken":11,"max_hp_gain":0,"max_hp_loss":0,"event_name":"World of Goop","floor":5,"gold_loss":0},{"cards_removed":["Armaments"],"damage_healed":0,"gold_gain":0,"player_choice":"Card Removal","damage_taken":7,"max_hp_gain":0,"max_hp_loss":0,"event_name":"Golden Wing","floor":12,"gold_loss":0},{"damage_healed":24,"gold_gain":0,"player_choice":"Banana","damage_taken":0,"max_hp_gain":0,"max_hp_loss":0,"event_name":"Big Fish","floor":14,"gold_loss":0},{"damage_healed":0,"gold_gain":0,"player_choice":"Ignored","damage_taken":0,"max_hp_gain":0,"max_hp_loss":0,"event_name":"Vampires","floor":20,"gold_loss":0},{"damage_healed":0,"gold_gain":0,"player_choice":"Upgraded","damage_taken":0,"max_hp_gain":0,"max_hp_loss":0,"event_name":"Upgrade Shrine","floor":21,"gold_loss":0,"cards_upgraded":["Body Slam"]}],"is_beta":false,"boss_relics":[{"not_picked":["Runic Cube","Sozu"],"picked":"Empty Cage"}],"items_purged_floors":[19],"is_endless":false,"potions_floor_spawned":[4,6,7,11,16,22],"killed_by":"Gremlin Leader","ascension_level":1}