{"gold_per_floor":[110,126,139,149,0,27,42,42,42,42,117,117,117,136,136,214,214,226,238,48,98,114,114,114],"floor_reached":24,"playtime":559,"items_purged":["Strike_B","Strike_B"],"score":396,"play_id":"582e463e-a510-418b-a4d2-29b20e8b2e56","local_time":"20190130011951","is_ascension_mode":true,"campfire_choices":[{"data":"White Noise","floor":8,"key":"SMITH"},{"data":"White Noise","floor":10,"key":"SMITH"},{"data":"Sunder","floor":12,"key":"SMITH"},{"data":"Dualcast","floor":15,"key":"SMITH"},{"floor":23,"key":"REST"}],"neow_cost":"NONE","seed_source_timestamp":166226834926300,"circlet_count":0,"master_deck":["AscendersBane","Strike_B","Strike_B","Defend_B","Defend_B","Defend_B","Defend_B","Zap","Dualcast+1","Rebound","White Noise+1","Ball Lightning","White Noise+1","Sunder+1","FTL","Cold Snap","Electrodynamics","Genetic Algorithm","Genetic Algorithm","Go for the Eyes+1","Defragment","Glacier"],"relics":["Cracked Core","NeowsBlessing","Pen Nib","Sundial","Singing Bowl","Orrery"],"potions_floor_usage":[16,22],"damage_taken":[{"damage":0,"enemies":"Cultist","floor":1,"turns":1},{"damage":0,"enemies":"Jaw Worm","floor":2,"turns":1},{"damage":0,"enemies":"2 Louse","floor":3,"turns":1},{"damage":1,"enemies":"Exordium Wildlife","floor":4,"turns":3},{"damage":10,"enemies":"3 Sentries","floor":6,"turns":3},{"damage":4,"enemies":"Lots of Slimes","floor":7,"turns":4},{"damage":11,"enemies":"Looter","floor":14,"turns":2},{"damage":10,"enemies":"Slime Boss","floor":16,"turns":4},{"damage":7,"enemies":"Chosen","floor":18,"turns":4},{"damage":15,"enemies":"3 Byrds","floor":19,"turns":3},{"damage":28,"enemies":"Snecko","floor":22,"turns":6},{"damage":66,"enemies":"Gremlin Leader","floor":24,"turns":6}],"seed_played":"-4533478435803891620","potions_obtained":[{"floor":1,"key":"Regen Potion"},{"floor":4,"key":"Ancient Potion"},{"floor":14,"key":"PowerPotion"},{"floor":19,"key":"Dexterity Potion"}],"is_trial":false,"path_per_floor":["M","M","M","M","$","E","M","R","T","R","?","R","T","M","R","B",null,"M","M","$","?","M","R","E"],"character_chosen":"DEFECT","items_purchased":["Sunder","Defragment"],"campfire_rested":1,"item_purchase_floors":[5,20],"current_hp_per_floor":[64,64,64,63,63,53,49,49,49,49,38,38,38,29,29,19,66,61,46,46,46,32,56,0],"gold":114,"neow_bonus":"THREE_ENEMY_KILL","is_prod":false,"is_daily":false,"chose_seed":false,"campfire_upgraded":4,"win_rate":0,"timestamp":1548778791,"path_taken":["M","?","?","M","?","E","M","R","T","R","?","R","?","M","R","BOSS","M","M","$","?","M","R","E"],"build_version":"2019-01-23","purchased_purges":2,"victory":false,"max_hp_per_floor":[71,71,71,71,71,71,71,71,71,71,71,71,71,73,73,73,79,81,81,81,81,81,81,81],"card_choices":[{"not_picked":["Chill","Leap"],"picked":"Rebound","floor":1},{"not_picked":["Coolheaded","Recycle"],"picked":"White Noise","floor":2},{"not_picked":["Sweeping Beam","Double Energy"],"picked":"Ball Lightning","floor":3},{"not_picked":["Barrage","Go for the Eyes"],"picked":"White Noise","floor":4},{"not_picked":["Beam Cell","Rainbow"],"picked":"FTL","floor":6},{"not_picked":["Ball Lightning","Steam"],"picked":"Cold Snap","floor":7},{"not_picked":["Gash","Scrape","Chaos"],"picked":"Singing Bowl","floor":14},{"not_picked":["Echo Form","Hyperbeam"],"picked":"Electrodynamics","floor":16},{"not_picked":["Loop","Auto Shields","Stack"],"picked":"Singing Bowl","floor":17},{"not_picked":["Stack","Steam"],"picked":"Genetic Algorithm","floor":17},{"not_picked":["Doom and Gloom","Fusion"],"picked":"Genetic Algorithm","floor":17},{"not_picked":["Undo","Gash","Conserve Battery"],"picked":"Singing Bowl","floor":17},{"not_picked":["Compile Driver","Sweeping Beam","Turbo"],"picked":"Singing Bowl","floor":17},{"not_picked":["Blizzard","Go for the Eyes","Stack+1"],"picked":"Singing Bowl","floor":18},{"not_picked":["Cold Snap","Tempest+1"],"picked":"Go for the Eyes+1","floor":19},{"not_picked":["Heatsinks","Stack"],"picked":"Glacier","floor":22}],"player_experience":4166303,"relics_obtained":[{"floor":6,"key":"Pen Nib"},{"floor":9,"key":"Sundial"},{"floor":13,"key":"Singing Bowl"}],"event_choices":[{"damage_healed":0,"gold_gain":75,"player_choice":"Gather Gold","damage_taken":11,"max_hp_gain":0,"max_hp_loss":0,"event_name":"World of Goop","floor":11,"gold_loss":0},{"damage_healed":0,"gold_gain":50,"player_choice":"Stole From Cult","damage_taken":0,"max_hp_gain":0,"max_hp_loss":0,"event_name":"Nest","floor":21,"gold_loss":0}],"is_beta":false,"boss_relics":[{"not_picked":["FrozenCore","Coffee Dripper"],"picked":"Orrery"}],"items_purged_floors":[5,20],"is_endless":false,"potions_floor_spawned":[1,4,14,19],"killed_by":"Gremlin Leader","ascension_level":20}