{"gold_per_floor":[115,126,126,143,21,21,37,54,54,70,70,104,104,114,114,216,216,231,141,41,41],"floor_reached":21,"playtime":1046,"items_purged":["Strike_R","Strike_R"],"score":262,"play_id":"f752f356-2076-4186-b951-f92ed3624bf1","local_time":"20190228232628","is_ascension_mode":true,"campfire_choices":[{"data":"Bash","floor":6.0,"key":"SMITH"},{"data":"True Grit","floor":11.0,"key":"SMITH"},{"floor":13.0,"key":"REST"},{"data":"Wild Strike","floor":15.0,"key":"SMITH"}],"neow_cost":"NONE","seed_source_timestamp":1046432793298335,"circlet_count":0,"master_deck":["Defend_R","Defend_R","Defend_R","Defend_R","Bash+1","Evolve","Sentinel","Wild Strike+1","Shrug It Off","Shrug It Off","True Grit+1","Shrug It Off","Barricade","Feel No Pain"],"special_seed":0,"relics":["Burning Blood","NeowsBlessing","Ancient Tea Set","Potion Belt","Empty Cage"],"potions_floor_usage":[],"damage_taken":[{"damage":0.0,"enemies":"Cultist","floor":1.0,"turns":1.0},{"damage":0.0,"enemies":"Jaw Worm","floor":2.0,"turns":1.0},{"damage":0.0,"enemies":"2 Louse","floor":4.0,"turns":1.0},{"damage":14.0,"enemies":"Blue Slaver","floor":7.0,"turns":4.0},{"damage":21.0,"enemies":"Exordium Wildlife","floor":8.0,"turns":6.0},{"damage":15.0,"enemies":"2 Fungi Beasts","floor":10.0,"turns":5.0},{"damage":43.0,"enemies":"Lagavulin","floor":12.0,"turns":7.0},{"damage":0.0,"enemies":"Blue Slaver","floor":14.0,"turns":5.0},{"damage":33.0,"enemies":"Hexaghost","floor":16.0,"turns":13.0},{"damage":23.0,"enemies":"Shell Parasite","floor":18.0,"turns":20.0},{"damage":12,"enemies":"2 Thieves","floor":19,"turns":5},{"damage":54,"enemies":"Sentry and Sphere","floor":21,"turns":5}],"seed_played":"-2224943440844141415","potions_obtained":[{"floor":7.0,"key":"Explosive Potion"},{"floor":8.0,"key":"Regen Potion"},{"floor":12.0,"key":"Explosive Potion"},{"floor":14.0,"key":"LiquidBronze"}],"is_trial":false,"path_per_floor":["M","M","?","M","$","R","M","M","T","M","R","E","R","M","R","B",null,"M","M","$","M"],"character_chosen":"IRONCLAD","items_purchased":["Wild Strike"],"campfire_rested":1,"item_purchase_floors":[5],"current_hp_per_floor":[78,80,80,80,80,80,72,57,57,60,60,23,47,53,53,26,67,50,44,44,0],"gold":41,"neow_bonus":"THREE_ENEMY_KILL","is_prod":false,"is_daily":false,"chose_seed":false,"campfire_upgraded":3,"win_rate":0,"timestamp":1551363988,"path_taken":["M","M","?","M","$","R","M","M","T","M","R","E","R","M","R","BOSS","M","M","$","M"],"build_version":"2019-01-23","purchased_purges":2,"victory":false,"max_hp_per_floor":[80,80,80,80,80,80,80,80,80,80,80,80,80,80,80,80,80,80,80,80,80],"card_choices":[{"not_picked":["Havoc","Sword Boomerang","Anger"],"picked":"SKIP","floor":1.0},{"not_picked":["Shrug It Off","Havoc"],"picked":"Evolve","floor":2.0},{"not_picked":["Cleave","Iron Wave"],"picked":"Sentinel","floor":4.0},{"not_picked":["Bloodletting","Fire Breathing"],"picked":"Shrug It Off","floor":7.0},{"not_picked":["Twin Strike","Armaments"],"picked":"Shrug It Off","floor":8.0},{"not_picked":["Searing Blow","Pummel"],"picked":"True Grit","floor":10.0},{"not_picked":["Bludgeon","Spot Weakness"],"picked":"Shrug It Off","floor":12.0},{"not_picked":["Warcry","Rupture","Disarm"],"picked":"SKIP","floor":14.0},{"not_picked":["Offering","Juggernaut"],"picked":"Barricade","floor":16.0},{"not_picked":["Dropkick+1","Iron Wave","Flex+1"],"picked":"SKIP","floor":18.0},{"not_picked":["Iron Wave","Uppercut"],"picked":"Feel No Pain","floor":19}],"player_experience":215874,"relics_obtained":[{"floor":9.0,"key":"Ancient Tea Set"},{"floor":12.0,"key":"Potion Belt"}],"event_choices":[{"cards_removed":["Strike_R"],"damage_healed":0.0,"max_hp_gain":0.0,"max_hp_loss":0.0,"gold_gain":0.0,"event_name":"Bonfire Elementals","player_choice":"Offered Basic","floor":3.0,"gold_loss":0.0,"damage_taken":0.0}],"is_beta":false,"boss_relics":[{"not_picked":["Lizard Tail","Tiny House"],"picked":"Empty Cage"}],"items_purged_floors":[5,20],"is_endless":false,"potions_floor_spawned":[7,8,12,14],"killed_by":"Sentry and Sphere","ascension_level":9}