{"gold_per_floor":[114,114,128,228,238,270,270,270,297,297,312,312,47,82,82,205,205,220,7,0,0,99,140,158,158,158,173,98,16,49,49,49,151,151,170,183,0,100,117,152,152,171,171,181,191,217,217,143,143,143],"floor_reached":51,"playtime":5323,"items_purged":["Parasite"],"score":964,"play_id":"b911e448-baef-4249-90a5-516776145b85","local_time":"20190221133433","is_ascension_mode":true,"campfire_choices":[{"data":"Power Through","floor":8.0,"key":"SMITH"},{"data":"Warcry","floor":10.0,"key":"SMITH"},{"data":"Bash","floor":12.0,"key":"SMITH"},{"data":"Shrug It Off","floor":15.0,"key":"SMITH"},{"data":"Dark Embrace","floor":32.0,"key":"SMITH"},{"data":"Double Tap","floor":41.0,"key":"SMITH"},{"data":"Barricade","floor":49,"key":"SMITH"}],"neow_cost":"CURSE","seed_source_timestamp":8110363531895,"circlet_count":0,"master_deck":["Bash+1","Power Through+1","Warcry+1","Ghostly Armor","Feel No Pain","Feel No Pain","Apotheosis+1","Offering","Shrug It Off+1","Dark Embrace+1","Evolve","Spot Weakness","Reckless Charge","Shrug It Off","Spot Weakness","Reckless Charge","Double Tap+1","Burning Pact","Bludgeon","Shrug It Off","Inflame","Rupture","Cleave","Flex+1","Warcry+1","Barricade+1"],"special_seed":0,"relics":["Burning Blood","Torii","Oddly Smooth Stone","Bloody Idol","Boot","Strawberry","Busted Crown","Meat on the Bone","Pantograph","Sundial","Pandora\u0027s Box","Red Mask","Orichalcum","Singing Bowl"],"potions_floor_usage":[50,50,50],"damage_taken":[{"damage":2.0,"enemies":"Cultist","floor":1.0,"turns":4.0},{"damage":7.0,"enemies":"Jaw Worm","floor":3.0,"turns":4.0},{"damage":1.0,"enemies":"2 Louse","floor":5.0,"turns":4.0},{"damage":34.0,"enemies":"Gremlin Nob","floor":6.0,"turns":4.0},{"damage":2.0,"enemies":"Exordium Wildlife","floor":11.0,"turns":5.0},{"damage":18.0,"enemies":"Lagavulin","floor":14.0,"turns":9.0},{"damage":27.0,"enemies":"Slime Boss","floor":16.0,"turns":11.0},{"damage":15.0,"enemies":"Shell Parasite","floor":18.0,"turns":8.0},{"damage":2.0,"enemies":"2 Thieves","floor":20.0,"turns":5.0},{"damage":6.0,"enemies":"Book of Stabbing","floor":23.0,"turns":7.0},{"damage":7.0,"enemies":"Centurion and Healer","floor":24.0,"turns":7.0},{"damage":7.0,"enemies":"Snake Plant","floor":27.0,"turns":6.0},{"damage":27.0,"enemies":"Gremlin Leader","floor":30.0,"turns":7.0},{"damage":48.0,"enemies":"Collector","floor":33.0,"turns":11.0},{"damage":21.0,"enemies":"Orb Walker","floor":35.0,"turns":4.0},{"damage":10.0,"enemies":"3 Shapes","floor":36.0,"turns":4.0},{"damage":12.0,"enemies":"3 Darklings","floor":39.0,"turns":4.0},{"damage":24.0,"enemies":"Reptomancer","floor":40.0,"turns":5.0},{"damage":28.0,"enemies":"Spire Growth","floor":42.0,"turns":6.0},{"damage":17.0,"enemies":"Jaw Worm Horde","floor":44.0,"turns":4.0},{"damage":16.0,"enemies":"Writhing Mass","floor":45.0,"turns":5.0},{"damage":8,"enemies":"Nemesis","floor":46,"turns":9},{"damage":36,"enemies":"Awakened One","floor":50,"turns":9}],"seed_played":"6030302745566429511","potions_obtained":[{"floor":2.0,"key":"SteroidPotion"},{"floor":2.0,"key":"FearPotion"},{"floor":2.0,"key":"Poison Potion"},{"floor":3.0,"key":"Dexterity Potion"},{"floor":6.0,"key":"Ancient Potion"},{"floor":11.0,"key":"PowerPotion"},{"floor":16.0,"key":"Swift Potion"},{"floor":18.0,"key":"Energy Potion"},{"floor":23.0,"key":"Ancient Potion"},{"floor":33.0,"key":"Fire Potion"},{"floor":36.0,"key":"Strength Potion"},{"floor":39.0,"key":"Regen Potion"},{"floor":42.0,"key":"SkillPotion"},{"floor":45.0,"key":"Regen Potion"}],"is_trial":false,"path_per_floor":["M","?","M","?","M","E","?","R","T","R","M","R","$","E","R","B",null,"M","$","M","$","?","E","M","?","T","M","?","$","E","?","R","B",null,"M","M","?","?","M","E","R","M","T","M","M","E","?","$","R","B",null],"character_chosen":"IRONCLAD","items_purchased":["Apotheosis","Offering","Evolve","Spot Weakness","Reckless Charge","EssenceOfSteel"],"campfire_rested":0,"item_purchase_floors":[13,13,19,19,29,48],"current_hp_per_floor":[80,80,79,79,80,52,32,32,32,32,36,36,36,31,31,10,68,59,59,63,63,63,63,62,62,62,61,61,61,52,52,52,52,76,66,67,67,72,71,58,58,65,65,59,54,57,57,57,57,52],"gold":143,"neow_bonus":"ONE_RARE_RELIC","is_prod":false,"is_daily":false,"chose_seed":false,"campfire_upgraded":7,"win_rate":0,"timestamp":1550723673,"path_taken":["M","?","?","?","?","E","?","R","T","R","M","R","?","E","R","BOSS","M","$","M","$","?","E","M","?","T","?","?","$","E","?","R","BOSS","M","M","?","?","?","E","R","M","T","M","M","E","?","$","R","BOSS"],"build_version":"2019-01-23","purchased_purges":1,"victory":true,"max_hp_per_floor":[80,80,80,80,80,80,80,80,80,80,80,80,80,87,87,87,87,87,84,84,84,84,84,84,84,84,84,84,84,84,84,84,84,84,84,84,84,84,84,84,84,84,84,84,84,84,84,84,84,84],"card_choices":[{"not_picked":["Armaments","Flex"],"picked":"Power Through","floor":1.0},{"not_picked":["Perfected Strike","Anger"],"picked":"Warcry","floor":3.0},{"not_picked":["Anger","Warcry"],"picked":"Ghostly Armor","floor":5.0},{"not_picked":["Clash","Metallicize"],"picked":"Feel No Pain","floor":6.0},{"not_picked":["Whirlwind","Blood for Blood"],"picked":"Feel No Pain","floor":11.0},{"not_picked":["Sword Boomerang","Inflame"],"picked":"Shrug It Off","floor":14.0},{"not_picked":["Demon Form","Impervious"],"picked":"Dark Embrace","floor":16.0},{"not_picked":["Wild Strike"],"picked":"SKIP","floor":18.0},{"not_picked":["Armaments"],"picked":"SKIP","floor":20.0},{"not_picked":[],"picked":"Reckless Charge","floor":23.0},{"not_picked":[],"picked":"Shrug It Off","floor":24.0},{"not_picked":[],"picked":"Spot Weakness","floor":27.0},{"not_picked":["Carnage"],"picked":"SKIP","floor":30.0},{"not_picked":["Carnage+1"],"picked":"SKIP","floor":35.0},{"not_picked":["Pommel Strike+1"],"picked":"SKIP","floor":36.0},{"not_picked":[],"picked":"Flex+1","floor":39.0},{"not_picked":[],"picked":"Warcry+1","floor":40.0},{"not_picked":["Blood for Blood+1"],"picked":"SKIP","floor":42.0},{"not_picked":["Blood for Blood+1"],"picked":"SKIP","floor":44.0},{"not_picked":["Twin Strike"],"picked":"SKIP","floor":45.0},{"not_picked":[],"picked":"Barricade","floor":46}],"player_experience":161429,"relics_obtained":[{"floor":6.0,"key":"Oddly Smooth Stone"},{"floor":9.0,"key":"Boot"},{"floor":14.0,"key":"Strawberry"},{"floor":23.0,"key":"Meat on the Bone"},{"floor":26.0,"key":"Pantograph"},{"floor":30.0,"key":"Sundial"},{"floor":40.0,"key":"Orichalcum"},{"floor":46,"key":"Singing Bowl"}],"event_choices":[{"damage_healed":0.0,"max_hp_gain":0.0,"max_hp_loss":0.0,"gold_gain":0.0,"event_name":"Lab","player_choice":"Got Potions","floor":2.0,"gold_loss":0.0,"damage_taken":0.0},{"damage_healed":0.0,"max_hp_gain":0.0,"max_hp_loss":0.0,"gold_gain":100.0,"event_name":"Golden Shrine","player_choice":"Pray","floor":4.0,"gold_loss":0.0,"damage_taken":0.0},{"damage_healed":0.0,"max_hp_gain":0.0,"max_hp_loss":0.0,"gold_gain":0.0,"event_name":"Golden Idol","player_choice":"Take Damage","floor":7.0,"gold_loss":0.0,"damage_taken":20.0,"relics_obtained":["Golden Idol"]},{"damage_healed":0.0,"max_hp_gain":0.0,"max_hp_loss":0.0,"gold_gain":99.0,"event_name":"Nest","player_choice":"Stole From Cult","floor":22.0,"gold_loss":0.0,"damage_taken":0.0},{"damage_healed":0.0,"max_hp_gain":0.0,"max_hp_loss":0.0,"gold_gain":0.0,"event_name":"Accursed Blacksmith","player_choice":"Forge","floor":25.0,"gold_loss":0.0,"damage_taken":0.0,"cards_upgraded":["Apotheosis"]},{"cards_removed":["Strike_R"],"damage_healed":0.0,"max_hp_gain":0.0,"max_hp_loss":0.0,"gold_gain":0.0,"event_name":"Beggar","player_choice":"Gave Gold","floor":28.0,"gold_loss":75.0,"damage_taken":0.0},{"damage_healed":0.0,"max_hp_gain":0.0,"max_hp_loss":0.0,"gold_gain":0.0,"event_name":"Forgotten Altar","player_choice":"Gave Idol","floor":31.0,"relics_lost":["Golden Idol"],"gold_loss":0.0,"damage_taken":0.0,"relics_obtained":["Bloody Idol"]},{"damage_healed":0.0,"max_hp_gain":0.0,"max_hp_loss":0.0,"gold_gain":0.0,"event_name":"Tomb of Lord Red Mask","player_choice":"Paid","floor":37.0,"gold_loss":183.0,"damage_taken":0.0,"relics_obtained":["Red Mask"]},{"damage_healed":0.0,"max_hp_gain":0.0,"max_hp_loss":0.0,"gold_gain":100.0,"event_name":"Golden Shrine","player_choice":"Pray","floor":38.0,"gold_loss":0.0,"damage_taken":0.0},{"cards_removed":["Evolve"],"damage_healed":0,"gold_gain":0,"player_choice":"Purged","damage_taken":0,"max_hp_gain":0,"max_hp_loss":0,"event_name":"Purifier","floor":47,"gold_loss":0}],"is_beta":false,"boss_relics":[{"not_picked":["Calling Bell","Philosopher\u0027s Stone"],"picked":"Busted Crown"},{"not_picked":["White Beast Statue","Black Star"],"picked":"Pandora\u0027s Box"}],"items_purged_floors":[19],"is_endless":false,"potions_floor_spawned":[3,6,11,16,18,23,33,36,39,42,45],"ascension_level":5}