{"gold_per_floor":[119,15,15,32,32,32,60,60,87,114,40,40,83,98,98,98],"floor_reached":16,"playtime":365,"items_purged":["Strike_R"],"score":268,"play_id":"addb0118-e7a3-4c52-9c31-9880d143af51","local_time":"20190320134833","is_ascension_mode":true,"campfire_choices":[{"data":"Flex","floor":6,"key":"SMITH"},{"data":"Uppercut","floor":8,"key":"SMITH"},{"data":"Inflame","floor":15,"key":"SMITH"}],"neow_cost":"NONE","seed_source_timestamp":14143358853202,"circlet_count":0,"master_deck":["AscendersBane","Strike_R","Strike_R","Strike_R","Strike_R+1","Defend_R+1","Defend_R","Defend_R","Defend_R+1","Bash+1","Iron Wave","Flex+1","Feel No Pain","Uppercut+1","Inflame+1","Immolate","Injury"],"special_seed":0,"relics":["Burning Blood","NeowsBlessing","Matryoshka","War Paint","Boot","Art of War","Singing Bowl","Golden Idol","Ancient Tea Set"],"potions_floor_usage":[10,16,16],"damage_taken":[{"damage":0.0,"enemies":"Cultist","floor":1.0,"turns":1.0},{"damage":0,"enemies":"Small Slimes","floor":4,"turns":2},{"damage":0,"enemies":"3 Sentries","floor":7,"turns":2},{"damage":30,"enemies":"Lagavulin","floor":10,"turns":4},{"damage":26,"enemies":"Gremlin Nob","floor":13,"turns":4},{"damage":0,"enemies":"2 Louse","floor":14,"turns":2},{"damage":24,"enemies":"Hexaghost","floor":16,"turns":9}],"seed_played":"-1502942876232633995","potions_obtained":[{"floor":4,"key":"GamblersBrew"},{"floor":7,"key":"Poison Potion"},{"floor":14,"key":"Weak Potion"}],"is_trial":false,"path_per_floor":["M","$","T","M","?","R","E","R","T","E","$","?","E","M","R","B"],"character_chosen":"IRONCLAD","items_purchased":["Flex","Immolate"],"campfire_rested":0,"item_purchase_floors":[2,11],"current_hp_per_floor":[74,74,74,75,52,52,58,58,58,34,34,34,16,24,24,0],"gold":98,"neow_bonus":"THREE_ENEMY_KILL","is_prod":false,"is_daily":false,"chose_seed":false,"campfire_upgraded":3,"win_rate":0,"timestamp":1553057313,"path_taken":["M","$","?","M","?","R","E","R","T","E","$","?","E","M","R","BOSS"],"build_version":"2019-01-23","purchased_purges":1,"victory":false,"max_hp_per_floor":[75,75,75,75,75,75,75,75,75,75,75,75,77,79,79,79],"card_choices":[{"not_picked":["Clash","Twin Strike"],"picked":"Iron Wave","floor":1.0},{"not_picked":["Ghostly Armor","Dropkick"],"picked":"Feel No Pain","floor":4},{"not_picked":["Iron Wave","Metallicize"],"picked":"Uppercut","floor":7},{"not_picked":["Shrug It Off","Flame Barrier"],"picked":"Inflame","floor":10},{"not_picked":["Twin Strike","Brutality","Combust"],"picked":"Singing Bowl","floor":13},{"not_picked":["Uppercut","Warcry","Searing Blow"],"picked":"Singing Bowl","floor":14}],"player_experience":371254,"relics_obtained":[{"floor":3,"key":"Matryoshka"},{"floor":7,"key":"War Paint"},{"floor":9,"key":"Boot"},{"floor":9,"key":"Art of War"},{"floor":10,"key":"Singing Bowl"},{"floor":13,"key":"Ancient Tea Set"}],"event_choices":[{"damage_healed":0,"gold_gain":0,"player_choice":"Entered Light","damage_taken":23,"max_hp_gain":0,"max_hp_loss":0,"event_name":"Shining Light","floor":5,"gold_loss":0,"cards_upgraded":["Bash","Strike_R"]},{"damage_healed":0,"gold_gain":0,"player_choice":"Take Wound","damage_taken":0,"relics_obtained":["Golden Idol"],"max_hp_gain":0,"max_hp_loss":0,"event_name":"Golden Idol","floor":12,"gold_loss":0,"cards_obtained":["Injury"]}],"is_beta":false,"boss_relics":[],"items_purged_floors":[2],"is_endless":false,"potions_floor_spawned":[4,7,14],"killed_by":"Hexaghost","ascension_level":18}