{"gold_per_floor":[113,113,124,124,49,49,82,82,82,95,95,128,128,28,28,102,102,116,116,151,164,164,164,164,180,180,180,195,195,212,224,224,303,303,313,313,535,554,324,359,37,48,48,48,59,59,59,59,59,59,59,59,59,17,50,50],"floor_reached":56,"playtime":2437,"items_purged":["Strike_B","Defend_B","Defend_B","Strike_B"],"score":1862,"play_id":"11980fe4-26ab-45dc-a369-704a0f51f5a0","local_time":"20190309021412","is_ascension_mode":true,"campfire_choices":[{"data":"Blizzard","floor":6.0,"key":"SMITH"},{"data":"Capacitor","floor":8.0,"key":"SMITH"},{"data":"Glacier","floor":11.0,"key":"SMITH"},{"data":"Consume","floor":13.0,"key":"SMITH"},{"floor":15.0,"key":"REST"},{"floor":23.0,"key":"REST"},{"data":"Echo Form","floor":27.0,"key":"SMITH"},{"floor":29.0,"key":"REST"},{"floor":32.0,"key":"REST"},{"floor":44.0,"key":"REST"},{"floor":49.0,"key":"RECALL"},{"data":"Capacitor","floor":53.0,"key":"SMITH"}],"neow_cost":"NONE","seed_source_timestamp":115406343747700,"circlet_count":0,"master_deck":["AscendersBane","Defend_B","Zap","Dualcast","Glacier+1","Capacitor+1","Blizzard+1","Undo","Chill","Consume+1","Electrodynamics","Coolheaded","Hologram+1","Capacitor+1","Cold Snap","Echo Form+1","Hologram+1","Buffer","Turbo","Purity","Conserve Battery"],"special_seed":0,"relics":["FrozenCore","NeowsBlessing","Omamori","Centennial Puzzle","Girya","Runic Pyramid","Red Mask","The Courier","Bag of Preparation","Kunai","Art of War","Bronze Scales"],"potions_floor_usage":[56,56],"damage_taken":[{"damage":0.0,"enemies":"Small Slimes","floor":1.0,"turns":1.0},{"damage":0.0,"enemies":"2 Louse","floor":3.0,"turns":1.0},{"damage":0.0,"enemies":"Lagavulin","floor":7.0,"turns":1.0},{"damage":2.0,"enemies":"Cultist","floor":10.0,"turns":5.0},{"damage":31.0,"enemies":"Gremlin Nob","floor":12.0,"turns":6.0},{"damage":14.0,"enemies":"Slime Boss","floor":16.0,"turns":14.0},{"damage":19.0,"enemies":"3 Byrds","floor":18.0,"turns":3.0},{"damage":12.0,"enemies":"Masked Bandits","floor":20.0,"turns":2.0},{"damage":0.0,"enemies":"Shell Parasite","floor":21.0,"turns":7.0},{"damage":4.0,"enemies":"Centurion and Healer","floor":25.0,"turns":7.0},{"damage":43.0,"enemies":"Chosen and Byrds","floor":28.0,"turns":11.0},{"damage":19.0,"enemies":"Snake Plant","floor":30.0,"turns":7.0},{"damage":0.0,"enemies":"Centurion and Healer","floor":31.0,"turns":8.0},{"damage":0.0,"enemies":"Champ","floor":33.0,"turns":16.0},{"damage":4.0,"enemies":"3 Darklings","floor":35.0,"turns":5.0},{"damage":0.0,"enemies":"3 Shapes","floor":38.0,"turns":4.0},{"damage":35.0,"enemies":"Reptomancer","floor":40.0,"turns":8.0},{"damage":6.0,"enemies":"3 Darklings","floor":42.0,"turns":5.0},{"damage":0.0,"enemies":"Maw","floor":45.0,"turns":8.0},{"damage":1.0,"enemies":"Time Eater","floor":50.0,"turns":16.0},{"damage":3.0,"enemies":"Donu and Deca","floor":51.0,"turns":10.0},{"damage":59.0,"enemies":"Shield and Spear","floor":55.0,"turns":8.0},{"damage":11,"enemies":"The Heart","floor":56,"turns":5}],"seed_played":"-1216421589774953507","potions_obtained":[{"floor":1.0,"key":"Fire Potion"},{"floor":7.0,"key":"SpeedPotion"},{"floor":21.0,"key":"Dexterity Potion"},{"floor":25.0,"key":"Regen Potion"},{"floor":30.0,"key":"Energy Potion"},{"floor":33.0,"key":"EntropicBrew"},{"floor":38.0,"key":"EssenceOfSteel"},{"floor":45.0,"key":"Dexterity Potion"}],"is_trial":false,"path_per_floor":["M","?","M","?","$","R","E","R","T","M","R","E","R","$","R","B",null,"M","?","?","M","?","R","?","M","T","R","M","R","M","M","R","B",null,"M","?","?","M","$","E","$","M","T","R","M","?","?","?","R","B","B",null,"R","$","E","B"],"character_chosen":"DEFECT","items_purchased":["Bag of Preparation","Art of War","Regen Potion","SpeedPotion"],"campfire_rested":5,"item_purchase_floors":[39,41,41,54],"current_hp_per_floor":[64,57,57,57,57,57,57,57,57,55,55,24,24,24,45,31,61,42,42,30,30,30,51,51,47,47,47,19,40,21,21,42,42,64,60,60,60,60,60,25,25,31,31,52,52,52,52,66,66,65,62,69,69,69,10,0],"gold":50,"neow_bonus":"THREE_ENEMY_KILL","is_prod":false,"is_daily":false,"chose_seed":false,"campfire_upgraded":6,"win_rate":0,"timestamp":1552065252,"path_taken":["M","?","M","?","$","R","E","R","T","M","R","E","R","$","R","BOSS","M","?","?","M","?","R","?","M","T","R","M","R","M","M","R","BOSS","M","?","?","M","$","E","$","?","T","R","M","?","?","?","R","BOSS","BOSS","R","$","E","BOSS"],"build_version":"2019-01-23","purchased_purges":4,"victory":false,"max_hp_per_floor":[71,71,71,71,71,71,71,71,71,71,71,71,71,71,71,71,71,71,71,71,71,71,71,71,71,71,71,71,71,71,71,71,71,71,71,71,71,71,71,71,71,71,71,71,71,71,71,71,71,71,71,71,71,71,71,71],"card_choices":[{"not_picked":["Hologram","Conserve Battery"],"picked":"Glacier","floor":1.0},{"not_picked":["Double Energy","Rebound"],"picked":"Capacitor","floor":3.0},{"not_picked":["Stack","Skim"],"picked":"Undo","floor":7.0},{"not_picked":["Steam Power","Leap"],"picked":"Chill","floor":10.0},{"not_picked":["Gash","Static Discharge"],"picked":"Consume","floor":12.0},{"not_picked":["Machine Learning","Meteor Strike"],"picked":"Electrodynamics","floor":16.0},{"not_picked":["Compile Driver","Conserve Battery"],"picked":"Coolheaded","floor":18.0},{"not_picked":["Gash","Streamline"],"picked":"Hologram+1","floor":20.0},{"not_picked":["Sunder","Loop"],"picked":"Capacitor","floor":21.0},{"not_picked":["Coolheaded","Skim"],"picked":"Echo Form","floor":25.0},{"not_picked":["Ball Lightning","Rebound","Go for the Eyes"],"picked":"SKIP","floor":28.0},{"not_picked":["Cold Snap+1","Stack"],"picked":"Reinforced Body","floor":30.0},{"not_picked":["Cold Snap","Rebound"],"picked":"Hologram+1","floor":31.0},{"not_picked":["Hyperbeam","Biased Cognition"],"picked":"Buffer","floor":33.0},{"not_picked":["Sweeping Beam","Stack","Go for the Eyes"],"picked":"SKIP","floor":35.0},{"not_picked":["Beam Cell","Cold Snap"],"picked":"Turbo","floor":38.0},{"not_picked":["Tempest","Gash","Steam Power"],"picked":"SKIP","floor":40.0},{"not_picked":["Lockon","Hello World","Gash"],"picked":"SKIP","floor":42.0},{"not_picked":["Barrage","Gash","Hologram"],"picked":"SKIP","floor":45.0},{"not_picked":["Jack Of All Trades","The Bomb"],"picked":"Purity","floor":47.0},{"not_picked":["Self Repair","Stack"],"picked":"Conserve Battery","floor":55.0}],"player_experience":4499006,"relics_obtained":[{"floor":7.0,"key":"Omamori"},{"floor":9.0,"key":"Centennial Puzzle"},{"floor":12.0,"key":"Girya"},{"floor":20.0,"key":"Red Mask"},{"floor":26.0,"key":"The Courier"},{"floor":40.0,"key":"Kunai"},{"floor":55.0,"key":"Bronze Scales"}],"event_choices":[{"cards_removed":["Defend_B"],"damage_healed":0.0,"max_hp_gain":0.0,"max_hp_loss":0.0,"gold_gain":0.0,"event_name":"Golden Wing","player_choice":"Card Removal","floor":2.0,"gold_loss":0.0,"damage_taken":7.0},{"damage_healed":0.0,"max_hp_gain":0.0,"max_hp_loss":0.0,"gold_gain":0.0,"cards_transformed":["Strike_B"],"event_name":"Living Wall","player_choice":"Change","floor":4.0,"gold_loss":0.0,"damage_taken":0.0,"cards_obtained":["Blizzard"]},{"damage_healed":0.0,"max_hp_gain":0.0,"max_hp_loss":0.0,"gold_gain":0.0,"event_name":"Forgotten Altar","player_choice":"Smashed Altar","floor":19.0,"gold_loss":0.0,"damage_taken":0.0,"cards_obtained":["Decay"]},{"damage_healed":0.0,"max_hp_gain":0.0,"max_hp_loss":0.0,"gold_gain":0.0,"event_name":"Masked Bandits","player_choice":"Fought Bandits","floor":20.0,"gold_loss":0.0,"damage_taken":0.0},{"damage_healed":0.0,"max_hp_gain":0.0,"max_hp_loss":0.0,"gold_gain":0.0,"event_name":"The Library","player_choice":"Read","floor":22.0,"gold_loss":0.0,"damage_taken":0.0,"cards_obtained":["Cold Snap"]},{"cards_removed":["Strike_B"],"damage_healed":0.0,"max_hp_gain":0.0,"max_hp_loss":0.0,"gold_gain":0.0,"event_name":"Bonfire Elementals","player_choice":"Offered Basic","floor":24.0,"gold_loss":0.0,"damage_taken":0.0},{"damage_healed":0.0,"max_hp_gain":0.0,"max_hp_loss":0.0,"gold_gain":0.0,"event_name":"Mysterious Sphere","player_choice":"Ignored","floor":36.0,"gold_loss":0.0,"damage_taken":0.0},{"damage_healed":0.0,"max_hp_gain":0.0,"max_hp_loss":0.0,"gold_gain":222.0,"event_name":"Tomb of Lord Red Mask","player_choice":"Wore Mask","floor":37.0,"gold_loss":0.0,"damage_taken":0.0},{"cards_removed":["Reinforced Body"],"damage_healed":0.0,"max_hp_gain":0.0,"max_hp_loss":0.0,"gold_gain":0.0,"event_name":"Falling","player_choice":"Removed Skill","floor":46.0,"gold_loss":0.0,"damage_taken":0.0},{"damage_healed":0.0,"max_hp_gain":0.0,"max_hp_loss":0.0,"gold_gain":0.0,"event_name":"SensoryStone","player_choice":"Memory 1","floor":47.0,"gold_loss":0.0,"damage_taken":0.0},{"damage_healed":14.0,"max_hp_gain":0.0,"max_hp_loss":0.0,"gold_gain":0.0,"event_name":"Winding Halls","player_choice":"Writhe","floor":48.0,"gold_loss":0.0,"damage_taken":0.0,"cards_obtained":["Writhe"]}],"is_beta":false,"boss_relics":[{"not_picked":["Calling Bell","Empty Cage"],"picked":"Runic Pyramid"},{"not_picked":["Lizard Tail","Coffee Dripper"],"picked":"FrozenCore"}],"items_purged_floors":[5,14,39,41],"is_endless":false,"potions_floor_spawned":[1,7,21,25,30,33,38,45,55],"killed_by":"The Heart","ascension_level":20}