{"gold_per_floor":[116,133,133,144,294,326,326,346,373,14,33,33,47,57,57,57],"floor_reached":16,"playtime":1166,"items_purged":["Regret"],"score":192,"play_id":"516f7d0b-8cae-4c86-9c7f-bddd7b60d4fe","local_time":"20190314133622","is_ascension_mode":true,"campfire_choices":[{"data":"Juggernaut","floor":7.0,"key":"SMITH"},{"floor":12,"key":"REST"},{"floor":15,"key":"REST"}],"neow_cost":"NONE","seed_source_timestamp":12946942950354,"circlet_count":0,"master_deck":["AscendersBane","Strike_R","Strike_R","Strike_R","Strike_R","Strike_R","Defend_R","Defend_R","Defend_R","Defend_R","Bash","Spot Weakness","Metallicize","Uppercut","Doubt","Juggernaut+1","Power Through","Armaments","Disarm","Armaments","Body Slam"],"special_seed":0,"relics":["Velvet Choker","Smiling Mask","Pen Nib","Potion Belt","Mummified Hand"],"potions_floor_usage":[11,11],"damage_taken":[{"damage":3.0,"enemies":"Small Slimes","floor":1.0,"turns":3.0},{"damage":7.0,"enemies":"2 Louse","floor":2.0,"turns":3.0},{"damage":4.0,"enemies":"Cultist","floor":4.0,"turns":4.0},{"damage":31.0,"enemies":"Gremlin Nob","floor":6.0,"turns":5.0},{"damage":22.0,"enemies":"Gremlin Gang","floor":8.0,"turns":3.0},{"damage":0,"enemies":"2 Fungi Beasts","floor":11,"turns":2},{"damage":6,"enemies":"3 Louse","floor":13,"turns":3},{"damage":1,"enemies":"Exordium Wildlife","floor":14,"turns":4},{"damage":39,"enemies":"The Guardian","floor":16,"turns":9}],"seed_played":"421738035710293269","potions_obtained":[{"floor":2.0,"key":"Explosive Potion"},{"floor":6.0,"key":"AttackPotion"},{"floor":8.0,"key":"Swift Potion"},{"floor":14,"key":"LiquidBronze"}],"is_trial":false,"path_per_floor":["M","M","?","M","?","E","R","M","T","$","M","R","M","M","R","B"],"character_chosen":"IRONCLAD","items_purchased":["Mummified Hand","Armaments"],"campfire_rested":2,"item_purchase_floors":[10,10],"current_hp_per_floor":[65,58,58,54,54,23,23,1,1,1,1,23,17,16,38,0],"gold":57,"neow_bonus":"BOSS_RELIC","is_prod":false,"is_daily":false,"chose_seed":false,"campfire_upgraded":1,"win_rate":0,"timestamp":1552538182,"path_taken":["M","M","?","M","?","E","R","M","T","$","M","R","M","M","R","BOSS"],"build_version":"2019-01-23","purchased_purges":1,"victory":false,"max_hp_per_floor":[75,75,75,75,75,75,75,75,75,75,75,75,75,75,75,75],"card_choices":[{"not_picked":["Warcry","Body Slam"],"picked":"Spot Weakness","floor":1.0},{"not_picked":["Warcry","Wild Strike"],"picked":"Metallicize","floor":2.0},{"not_picked":["Twin Strike","Shrug It Off"],"picked":"Uppercut","floor":4.0},{"not_picked":["Headbutt","Body Slam"],"picked":"Juggernaut","floor":6.0},{"not_picked":["Twin Strike","Anger"],"picked":"Power Through","floor":8.0},{"not_picked":["Pommel Strike","Thunderclap"],"picked":"Disarm","floor":11},{"not_picked":["Anger","Headbutt"],"picked":"Armaments","floor":13},{"not_picked":["Rampage","Twin Strike"],"picked":"Body Slam","floor":14}],"player_experience":314861,"relics_obtained":[{"floor":6.0,"key":"Pen Nib"},{"floor":9.0,"key":"Potion Belt"}],"event_choices":[{"damage_healed":0.0,"max_hp_gain":0.0,"max_hp_loss":0.0,"gold_gain":0.0,"event_name":"Big Fish","player_choice":"Box","floor":3.0,"gold_loss":0.0,"damage_taken":0.0,"relics_obtained":["Smiling Mask"],"cards_obtained":["Regret"]},{"damage_healed":0.0,"max_hp_gain":0.0,"max_hp_loss":0.0,"gold_gain":150.0,"event_name":"Liars Game","player_choice":"AGREE","floor":5.0,"gold_loss":0.0,"damage_taken":0.0,"cards_obtained":["Doubt"]}],"is_beta":false,"boss_relics":[],"items_purged_floors":[10],"is_endless":false,"potions_floor_spawned":[2,6,8,14],"killed_by":"The Guardian","ascension_level":17}