{"gold_per_floor":[112,123,138,158,171,206,281,296,367,402,391,391,418,429,429,533,533,547,563,563],"floor_reached":20,"playtime":1322,"items_purged":[],"score":220,"play_id":"87214b1e-9c41-4635-b7c6-6d1ea13169ed","local_time":"20190216191126","is_ascension_mode":true,"campfire_choices":[{"floor":15,"key":"REST"}],"neow_cost":"NONE","seed_source_timestamp":5814278943500,"circlet_count":0,"master_deck":["Strike_R","Strike_R","Strike_R","Strike_R","Strike_R","Defend_R","Defend_R","Defend_R","Defend_R","Bash+1","Wild Strike","Wild Strike","Armaments","Pommel Strike","Juggernaut","Inflame","Perfected Strike","Shrug It Off","Demon Form","Armaments","True Grit","Headbutt","Headbutt","Whirlwind"],"relics":["Burning Blood","Smiling Mask","Dodecahedron","Dream Catcher","Unceasing Top","Orrery"],"potions_floor_usage":[6,6,10,18],"damage_taken":[{"damage":6,"enemies":"Cultist","floor":1,"turns":4},{"damage":7,"enemies":"Jaw Worm","floor":2,"turns":2},{"damage":5,"enemies":"Small Slimes","floor":3,"turns":2},{"damage":17,"enemies":"Looter","floor":4,"turns":3},{"damage":0,"enemies":"Exordium Wildlife","floor":5,"turns":3},{"damage":24,"enemies":"Gremlin Nob","floor":6,"turns":4},{"damage":2,"enemies":"2 Fungi Beasts","floor":8,"turns":4},{"damage":37,"enemies":"3 Sentries","floor":10,"turns":9},{"damage":17,"enemies":"Exordium Thugs","floor":11,"turns":4},{"damage":20,"enemies":"Gremlin Nob","floor":13,"turns":4},{"damage":8,"enemies":"Blue Slaver","floor":14,"turns":3},{"damage":38,"enemies":"The Guardian","floor":16,"turns":13},{"damage":29,"enemies":"2 Thieves","floor":18,"turns":5},{"damage":35,"enemies":"Shell Parasite","floor":19,"turns":7},{"damage":30,"enemies":"Snake Plant","floor":20,"turns":4}],"seed_played":"1237814102593534622","potions_obtained":[{"floor":0,"key":"Weak Potion"},{"floor":0,"key":"FairyPotion"},{"floor":0,"key":"AttackPotion"},{"floor":2,"key":"SpeedPotion"},{"floor":4,"key":"Regen Potion"},{"floor":5,"key":"BloodPotion"},{"floor":13,"key":"SneckoOil"},{"floor":16,"key":"Explosive Potion"}],"is_trial":false,"path_per_floor":["M","M","M","M","M","E","?","M","T","E","M","?","E","M","R","B",null,"M","M","M"],"character_chosen":"IRONCLAD","items_purchased":[],"campfire_rested":1,"item_purchase_floors":[],"current_hp_per_floor":[80,79,80,69,75,65,54,58,58,42,31,31,17,15,39,7,80,57,28,0],"gold":563,"neow_bonus":"THREE_SMALL_POTIONS","is_prod":false,"is_daily":false,"chose_seed":false,"campfire_upgraded":0,"win_rate":0,"timestamp":1550340686,"path_taken":["M","M","M","M","M","E","?","M","T","E","M","?","E","M","R","BOSS","M","M","M"],"build_version":"2019-01-23","purchased_purges":0,"victory":false,"max_hp_per_floor":[80,80,80,80,80,80,80,80,80,80,80,80,80,80,80,80,80,80,80,80],"card_choices":[{"not_picked":["Sentinel","Clash"],"picked":"Wild Strike","floor":1},{"not_picked":["Havoc","Heavy Blade"],"picked":"Wild Strike","floor":2},{"not_picked":["Sentinel","Twin Strike"],"picked":"Armaments","floor":3},{"not_picked":["Heavy Blade","Corruption","Havoc"],"picked":"SKIP","floor":4},{"not_picked":["Twin Strike","Sentinel"],"picked":"Pommel Strike","floor":5},{"not_picked":["Anger","Feel No Pain"],"picked":"Juggernaut","floor":6},{"not_picked":["Thunderclap","Flex","Dropkick"],"picked":"SKIP","floor":8},{"not_picked":["Dual Wield","Thunderclap","Hemokinesis"],"picked":"SKIP","floor":10},{"not_picked":["Body Slam","Reckless Charge","Seeing Red"],"picked":"SKIP","floor":11},{"not_picked":["Dark Embrace","Headbutt"],"picked":"Inflame","floor":13},{"not_picked":["Clash","Iron Wave"],"picked":"Perfected Strike","floor":14},{"not_picked":["Perfected Strike","Thunderclap"],"picked":"Shrug It Off","floor":15},{"not_picked":["Double Tap","Feed"],"picked":"Demon Form","floor":16},{"not_picked":["Power Through","Carnage"],"picked":"Armaments","floor":17},{"not_picked":["Ghostly Armor","Seeing Red"],"picked":"True Grit","floor":17},{"not_picked":["Twin Strike","Pummel"],"picked":"Headbutt","floor":17},{"not_picked":["Pummel","Pommel Strike"],"picked":"Headbutt","floor":17},{"not_picked":["Thunderclap","Anger","Body Slam"],"picked":"SKIP","floor":18},{"not_picked":["Iron Wave","Body Slam+1"],"picked":"Whirlwind","floor":19}],"player_experience":322943,"relics_obtained":[{"floor":6,"key":"Smiling Mask"},{"floor":9,"key":"Dodecahedron"},{"floor":10,"key":"Dream Catcher"},{"floor":13,"key":"Unceasing Top"}],"event_choices":[{"damage_healed":0,"gold_gain":75,"player_choice":"Gather Gold","damage_taken":11,"max_hp_gain":0,"max_hp_loss":0,"event_name":"World of Goop","floor":7,"gold_loss":0},{"damage_healed":0,"gold_gain":0,"player_choice":"Grow","damage_taken":0,"max_hp_gain":0,"max_hp_loss":0,"event_name":"Living Wall","floor":12,"gold_loss":0,"cards_upgraded":["Bash"]}],"is_beta":false,"boss_relics":[{"not_picked":["Cursed Key","Tiny House"],"picked":"Orrery"}],"items_purged_floors":[],"is_endless":false,"potions_floor_spawned":[2,4,5,13,16],"killed_by":"Snake Plant","ascension_level":2}