{"gold_per_floor":[113,263,280,300,64,64,140,140,167,7,7,40,60,94,94,168,168,181,72,72,72,122,122,148,162,185,185,211,211,211,226,226,226],"floor_reached":33,"playtime":1546,"items_purged":["Doubt"],"score":588,"play_id":"dcace353-63d7-4b37-82c9-1ada00592476","local_time":"20190316103220","is_ascension_mode":true,"campfire_choices":[{"data":"Bash","floor":6,"key":"SMITH"},{"data":"Headbutt","floor":8,"key":"SMITH"},{"data":"Feed","floor":11,"key":"SMITH"},{"floor":15,"key":"DIG"},{"data":"Juggernaut","floor":23,"key":"SMITH"},{"floor":29,"key":"REST"},{"floor":32,"key":"REST"}],"neow_cost":"NONE","seed_source_timestamp":797098250756114,"circlet_count":0,"master_deck":["AscendersBane","Strike_R","Strike_R","Strike_R","Strike_R","Strike_R","Defend_R","Defend_R","Defend_R","Defend_R","Bash+1","Purity","Headbutt+1","Battle Trance","Battle Trance","Feed+1","Juggernaut+1","Shockwave","Shrug It Off","Impervious","Shrug It Off","Shockwave","Feel No Pain","Spot Weakness","Disarm"],"relics":["Burning Blood","Orichalcum","Strawberry","Pantograph","Shovel","Pocketwatch","Snecko Eye","Blood Vial","Bag of Marbles","Juzu Bracelet","SsserpentHead"],"potions_floor_usage":[12,13,24,33],"damage_taken":[{"damage":11,"enemies":"Jaw Worm","floor":1,"turns":5},{"damage":9,"enemies":"2 Louse","floor":3,"turns":3},{"damage":4,"enemies":"Small Slimes","floor":4,"turns":4},{"damage":5,"enemies":"Gremlin Nob","floor":12,"turns":3},{"damage":20,"enemies":"Exordium Thugs","floor":13,"turns":5},{"damage":18,"enemies":"Lagavulin","floor":14,"turns":6},{"damage":69,"enemies":"Hexaghost","floor":16,"turns":10},{"damage":10,"enemies":"Spheric Guardian","floor":18,"turns":4},{"damage":61,"enemies":"Book of Stabbing","floor":24,"turns":7},{"damage":0,"enemies":"Chosen","floor":25,"turns":4},{"damage":27,"enemies":"Colosseum Slavers","floor":27,"turns":4},{"damage":11,"enemies":"Shelled Parasite and Fungi","floor":31,"turns":3},{"damage":115,"enemies":"Automaton","floor":33,"turns":10}],"seed_played":"-7936604642152486335","potions_obtained":[{"floor":3,"key":"Strength Potion"},{"floor":12,"key":"Weak Potion"},{"floor":18,"key":"Energy Potion"},{"floor":25,"key":"FearPotion"}],"is_trial":false,"path_per_floor":["M","?","M","M","$","R","?","R","T","$","R","E","M","E","R","B",null,"M","$","?","?","?","R","E","M","T","?","T","R","?","M","R","B"],"character_chosen":"IRONCLAD","items_purchased":["Orichalcum","Feed","Shrug It Off","Shockwave"],"campfire_rested":2,"item_purchase_floors":[5,10,19,19],"current_hp_per_floor":[63,63,60,62,62,62,62,62,69,69,69,74,64,56,56,18,75,75,75,75,75,75,75,24,36,36,21,21,54,54,55,89,0],"gold":226,"neow_bonus":"RANDOM_COLORLESS","is_prod":false,"is_daily":false,"chose_seed":false,"campfire_upgraded":4,"win_rate":0,"timestamp":1552699940,"path_taken":["M","?","M","M","$","R","?","R","T","?","R","E","M","E","R","BOSS","M","$","?","?","?","R","E","?","T","?","?","R","?","M","R","BOSS"],"build_version":"2019-01-23","purchased_purges":1,"victory":false,"max_hp_per_floor":[75,75,75,75,75,75,75,75,82,82,82,86,90,94,94,94,94,98,98,98,98,98,98,102,106,106,110,110,110,110,114,114,114],"card_choices":[{"not_picked":["Entrench","Seeing Red"],"picked":"Headbutt","floor":1},{"not_picked":["Iron Wave","Clothesline"],"picked":"Battle Trance","floor":3},{"not_picked":["True Grit","Clothesline"],"picked":"Battle Trance","floor":4},{"not_picked":["Heavy Blade","Uppercut"],"picked":"Juggernaut","floor":12},{"not_picked":["Sentinel","Thunderclap"],"picked":"Shockwave","floor":13},{"not_picked":["Intimidate","Twin Strike"],"picked":"Shrug It Off","floor":14},{"not_picked":["Limit Break","Dark Embrace"],"picked":"Impervious","floor":16},{"not_picked":["Rupture","Fire Breathing","Perfected Strike"],"picked":"SKIP","floor":18},{"not_picked":["Offering","Bloodletting","Rupture"],"picked":"SKIP","floor":24},{"not_picked":["Second Wind","Wild Strike"],"picked":"Spot Weakness","floor":25},{"not_picked":["Sword Boomerang","Searing Blow"],"picked":"Disarm","floor":31}],"player_experience":714304,"relics_obtained":[{"floor":9,"key":"Strawberry"},{"floor":12,"key":"Pantograph"},{"floor":14,"key":"Shovel"},{"floor":15,"key":"Pocketwatch"},{"floor":24,"key":"Blood Vial"},{"floor":26,"key":"Bag of Marbles"},{"floor":28,"key":"Juzu Bracelet"}],"event_choices":[{"damage_healed":0,"gold_gain":150,"player_choice":"AGREE","damage_taken":0,"max_hp_gain":0,"max_hp_loss":0,"event_name":"Liars Game","floor":2,"gold_loss":0,"cards_obtained":["Doubt"]},{"damage_healed":0,"gold_gain":76,"player_choice":"Gained Gold","damage_taken":0,"max_hp_gain":0,"max_hp_loss":0,"event_name":"Golden Wing","floor":7,"gold_loss":0},{"damage_healed":0,"gold_gain":0,"player_choice":"Read","damage_taken":0,"max_hp_gain":0,"max_hp_loss":0,"event_name":"The Library","floor":20,"gold_loss":0,"cards_obtained":["Feel No Pain"]},{"damage_healed":0,"gold_gain":0,"player_choice":"Ignored","damage_taken":0,"max_hp_gain":0,"max_hp_loss":0,"event_name":"Vampires","floor":21,"gold_loss":0},{"damage_healed":0,"gold_gain":50,"player_choice":"Pray","damage_taken":0,"max_hp_gain":0,"max_hp_loss":0,"event_name":"Golden Shrine","floor":22,"gold_loss":0},{"damage_healed":0,"gold_gain":0,"player_choice":"Fight","damage_taken":0,"max_hp_gain":0,"max_hp_loss":0,"event_name":"Colosseum","floor":27,"gold_loss":0},{"damage_healed":0,"gold_gain":0,"player_choice":"Fled From Nobs","damage_taken":0,"max_hp_gain":0,"max_hp_loss":0,"event_name":"Colosseum","floor":27,"gold_loss":0},{"damage_healed":0,"gold_gain":0,"player_choice":"Trade","damage_taken":0,"relics_obtained":["SsserpentHead"],"max_hp_gain":0,"max_hp_loss":0,"event_name":"FaceTrader","floor":30,"gold_loss":0}],"is_beta":false,"boss_relics":[{"not_picked":["White Beast Statue","Velvet Choker"],"picked":"Snecko Eye"}],"items_purged_floors":[5],"is_endless":false,"potions_floor_spawned":[3,12,18,25,27],"killed_by":"Automaton","ascension_level":20}