{"gold_per_floor":[213,224,224,242,253,288,288,268,294,329,70,99,112,140,140,218,218,228,153,13,23,33,33,66,66,66,101,117,117,117],"floor_reached":30,"playtime":1599,"items_purged":["Strike_B","Strike_B"],"score":566,"play_id":"7f11b965-e8d3-4aeb-a4dd-07ad8d461c6b","local_time":"20190305234116","is_ascension_mode":true,"campfire_choices":[{"floor":7.0,"key":"REST"},{"data":"Rainbow","floor":15.0,"key":"SMITH"},{"floor":23.0,"key":"REST"},{"floor":29,"key":"REST"}],"neow_cost":"NONE","seed_source_timestamp":355387312602678,"circlet_count":0,"master_deck":["AscendersBane","Strike_B","Defend_B","Defend_B","Defend_B","Defend_B","Zap","Dualcast","Conserve Battery","Reboot+1","Melter","Go for the Eyes","Rainbow+1","BootSequence","Consume","Seek","Biased Cognition","Fission","Defragment","Echo Form","BootSequence+1","Capacitor"],"special_seed":0,"relics":["Cracked Core","DataDisk","Smiling Mask","Anchor","Lee\u0027s Waffle","Oddly Smooth Stone","Ornamental Fan","Black Star","Pen Nib","Centennial Puzzle","Ancient Tea Set","Letter Opener","Pantograph"],"potions_floor_usage":[],"damage_taken":[{"damage":2.0,"enemies":"Small Slimes","floor":1.0,"turns":4.0},{"damage":6.0,"enemies":"Cultist","floor":2.0,"turns":4.0},{"damage":9.0,"enemies":"Jaw Worm","floor":4.0,"turns":5.0},{"damage":18.0,"enemies":"Gremlin Gang","floor":5.0,"turns":5.0},{"damage":33.0,"enemies":"Gremlin Nob","floor":6.0,"turns":4.0},{"damage":9.0,"enemies":"Lagavulin","floor":10.0,"turns":5.0},{"damage":11.0,"enemies":"3 Sentries","floor":12.0,"turns":8.0},{"damage":0.0,"enemies":"3 Louse","floor":13.0,"turns":4.0},{"damage":11.0,"enemies":"Lagavulin","floor":14.0,"turns":6.0},{"damage":12.0,"enemies":"Hexaghost","floor":16.0,"turns":9.0},{"damage":2.0,"enemies":"3 Byrds","floor":18.0,"turns":6.0},{"damage":0.0,"enemies":"Spheric Guardian","floor":21.0,"turns":2.0},{"damage":21.0,"enemies":"3 Cultists","floor":22.0,"turns":6.0},{"damage":32.0,"enemies":"Slavers","floor":24.0,"turns":6.0},{"damage":8.0,"enemies":"Colosseum Slavers","floor":25.0,"turns":4.0},{"damage":25.0,"enemies":"Book of Stabbing","floor":27.0,"turns":6.0},{"damage":0,"enemies":"Centurion and Healer","floor":28,"turns":6},{"damage":29,"enemies":"Gremlin Leader","floor":30,"turns":3}],"seed_played":"74774488803772502","potions_obtained":[{"floor":2.0,"key":"FairyPotion"},{"floor":5.0,"key":"FocusPotion"},{"floor":8.0,"key":"Explosive Potion"},{"floor":10.0,"key":"Dexterity Potion"},{"floor":12.0,"key":"Dexterity Potion"},{"floor":14.0,"key":"AttackPotion"},{"floor":21.0,"key":"GamblersBrew"},{"floor":22.0,"key":"Block Potion"},{"floor":24.0,"key":"Energy Potion"},{"floor":27.0,"key":"SteroidPotion"}],"is_trial":false,"path_per_floor":["M","M","?","M","M","E","R","?","T","E","$","E","M","E","R","B",null,"M","?","$","M","M","R","E","?","T","E","M","R","E"],"character_chosen":"DEFECT","items_purchased":["Lee\u0027s Waffle","Fission"],"campfire_rested":3,"item_purchase_floors":[11,20],"current_hp_per_floor":[62,56,56,47,29,7,28,28,28,19,78,67,67,56,56,44,70,68,68,68,68,47,70,38,30,30,5,5,28,0],"gold":117,"neow_bonus":"HUNDRED_GOLD","is_prod":false,"is_daily":false,"chose_seed":false,"campfire_upgraded":1,"win_rate":0,"timestamp":1551847276,"path_taken":["M","M","?","?","M","E","R","?","T","E","$","E","?","E","R","BOSS","M","?","$","M","M","R","E","?","T","E","M","R","E"],"build_version":"2019-01-23","purchased_purges":2,"victory":false,"max_hp_per_floor":[71,71,71,71,71,71,71,71,71,71,78,78,78,78,78,78,78,78,78,78,78,78,78,78,78,78,78,78,78,78],"card_choices":[{"not_picked":["Stack","Hologram"],"picked":"Conserve Battery","floor":1.0},{"not_picked":["Hologram","Compile Driver"],"picked":"Reboot","floor":2.0},{"not_picked":["Stack","Heatsinks"],"picked":"Melter","floor":4.0},{"not_picked":["Conserve Battery","Beam Cell"],"picked":"Go for the Eyes","floor":5.0},{"not_picked":["Reprogram","Stack"],"picked":"Rainbow","floor":6.0},{"not_picked":["Stack","Thunder Strike","Conserve Battery"],"picked":"SKIP","floor":10.0},{"not_picked":["Go for the Eyes","Steam Power"],"picked":"BootSequence","floor":12.0},{"not_picked":["Redo","Steam"],"picked":"Consume","floor":13.0},{"not_picked":["Go for the Eyes","Force Field"],"picked":"Seek","floor":14.0},{"not_picked":["Hyperbeam","Seek"],"picked":"Biased Cognition","floor":16.0},{"not_picked":["Stack+1","Turbo","Undo"],"picked":"SKIP","floor":18.0},{"not_picked":["Barrage","Gash"],"picked":"Defragment","floor":21.0},{"not_picked":["Undo","Compile Driver"],"picked":"Echo Form","floor":22.0},{"not_picked":["Tempest","Go for the Eyes+1"],"picked":"BootSequence+1","floor":24.0},{"not_picked":["Conserve Battery+1","Barrage+1"],"picked":"Capacitor","floor":27.0},{"not_picked":["Undo","Fission","Double Energy"],"picked":"SKIP","floor":28}],"player_experience":521677,"relics_obtained":[{"floor":6.0,"key":"DataDisk"},{"floor":9.0,"key":"Smiling Mask"},{"floor":10.0,"key":"Anchor"},{"floor":12.0,"key":"Oddly Smooth Stone"},{"floor":14.0,"key":"Ornamental Fan"},{"floor":24.0,"key":"Pen Nib"},{"floor":24.0,"key":"Centennial Puzzle"},{"floor":26.0,"key":"Ancient Tea Set"},{"floor":27.0,"key":"Letter Opener"},{"floor":27.0,"key":"Pantograph"}],"event_choices":[{"damage_healed":0.0,"max_hp_gain":0.0,"max_hp_loss":0.0,"gold_gain":0.0,"event_name":"Accursed Blacksmith","player_choice":"Forge","floor":3.0,"gold_loss":0.0,"damage_taken":0.0,"cards_upgraded":["Reboot"]},{"damage_healed":0.0,"max_hp_gain":0.0,"max_hp_loss":0.0,"gold_gain":0.0,"event_name":"The Woman in Blue","player_choice":"Bought 1 Potion","floor":8.0,"gold_loss":0.0,"damage_taken":0.0},{"cards_removed":["Strike_B"],"damage_healed":0.0,"max_hp_gain":0.0,"max_hp_loss":0.0,"gold_gain":0.0,"event_name":"Beggar","player_choice":"Gave Gold","floor":19.0,"gold_loss":75.0,"damage_taken":0.0},{"damage_healed":0.0,"max_hp_gain":0.0,"max_hp_loss":0.0,"gold_gain":0.0,"event_name":"Colosseum","player_choice":"Fight","floor":25.0,"gold_loss":0.0,"damage_taken":0.0},{"damage_healed":0.0,"max_hp_gain":0.0,"max_hp_loss":0.0,"gold_gain":0.0,"event_name":"Colosseum","player_choice":"Fled From Nobs","floor":25.0,"gold_loss":0.0,"damage_taken":0.0}],"is_beta":false,"boss_relics":[{"not_picked":["Snecko Eye","Calling Bell"],"picked":"Black Star"}],"items_purged_floors":[11,20],"is_endless":false,"potions_floor_spawned":[2,5,10,12,14,21,22,24,27],"killed_by":"Gremlin Leader","ascension_level":18}