{"gold_per_floor":[118,131,131,142,156,156,190,190,190,216,228,228,228,38,38,140,190,161,261,275,275,200,200,234,234,234,244,258,258,276,294,294,294],"floor_reached":33,"playtime":3008,"items_purged":[],"score":357,"play_id":"8b862685-8c66-4d5f-86b7-ac2ddbfb588d","local_time":"20190219225755","is_ascension_mode":true,"campfire_choices":[{"data":"Metallicize","floor":6.0,"key":"SMITH"},{"data":"Body Slam","floor":8.0,"key":"SMITH"},{"data":"Bash","floor":12.0,"key":"SMITH"},{"data":"Armaments","floor":15.0,"key":"SMITH"},{"floor":23.0,"key":"REST"},{"floor":25.0,"key":"REST"},{"data":"Flame Barrier","floor":32.0,"key":"SMITH"}],"neow_cost":"NONE","seed_source_timestamp":265297986094496,"circlet_count":0,"master_deck":["Strike_R","Strike_R","Strike_R","Defend_R","Defend_R","Defend_R","Defend_R","Bash+1","Feel No Pain","Metallicize+1","Body Slam+1","Shrug It Off","Evolve","Ghostly Armor","Armaments+1","Exhume+1","Power Through+1","Flame Barrier+1"],"special_seed":0,"relics":["Burning Blood","Orichalcum","Strawberry","Mummified Hand","Nunchaku","Charon\u0027s Ashes","Tiny House","Mango","Pantograph","Ice Cream","Meat on the Bone"],"potions_floor_usage":[33,33,33],"damage_taken":[{"damage":1.0,"enemies":"2 Louse","floor":1.0,"turns":2.0},{"damage":0.0,"enemies":"Cultist","floor":2.0,"turns":3.0},{"damage":6.0,"enemies":"Jaw Worm","floor":4.0,"turns":3.0},{"damage":5.0,"enemies":"Exordium Thugs","floor":5.0,"turns":5.0},{"damage":10.0,"enemies":"3 Sentries","floor":7.0,"turns":13.0},{"damage":41.0,"enemies":"Lagavulin","floor":10.0,"turns":7.0},{"damage":7.0,"enemies":"Blue Slaver","floor":11.0,"turns":3.0},{"damage":26.0,"enemies":"Hexaghost","floor":16.0,"turns":11.0},{"damage":23.0,"enemies":"2 Thieves","floor":18.0,"turns":5.0},{"damage":16.0,"enemies":"Colosseum Slavers","floor":19.0,"turns":9.0},{"damage":60.0,"enemies":"Colosseum Nobs","floor":19.0,"turns":10.0},{"damage":4.0,"enemies":"Shell Parasite","floor":20.0,"turns":17.0},{"damage":32.0,"enemies":"Slavers","floor":24.0,"turns":12.0},{"damage":9.0,"enemies":"Sentry and Sphere","floor":27.0,"turns":15.0},{"damage":43.0,"enemies":"3 Cultists","floor":28.0,"turns":11.0},{"damage":1.0,"enemies":"Centurion and Healer","floor":30.0,"turns":7.0},{"damage":4.0,"enemies":"Cultist and Chosen","floor":31.0,"turns":8.0},{"damage":116,"enemies":"Collector","floor":33,"turns":15}],"seed_played":"-6898572349372803080","potions_obtained":[{"floor":1.0,"key":"Energy Potion"},{"floor":2.0,"key":"SpeedPotion"},{"floor":16.0,"key":"SkillPotion"},{"floor":17.0,"key":"Energy Potion"},{"floor":18.0,"key":"AttackPotion"},{"floor":24.0,"key":"Ancient Potion"},{"floor":30.0,"key":"Weak Potion"}],"is_trial":false,"path_per_floor":["M","M","?","M","M","R","E","R","T","E","M","R","?","$","R","B",null,"M","?","M","?","?","R","E","R","T","M","M","?","M","M","R","B"],"character_chosen":"IRONCLAD","items_purchased":["Evolve","Ghostly Armor","Armaments"],"campfire_rested":2,"item_purchase_floors":[14,14,14],"current_hp_per_floor":[80,80,80,80,80,80,83,83,83,48,47,47,47,47,47,27,92,75,25,27,27,27,58,32,63,63,60,35,35,52,66,66,0],"gold":294,"neow_bonus":"RANDOM_COMMON_RELIC","is_prod":false,"is_daily":false,"chose_seed":false,"campfire_upgraded":5,"win_rate":0,"timestamp":1550584675,"path_taken":["M","M","?","?","M","R","E","R","T","E","M","R","?","?","R","BOSS","M","?","M","?","?","R","E","R","T","M","M","?","?","M","R","BOSS"],"build_version":"2019-01-23","purchased_purges":0,"victory":false,"max_hp_per_floor":[80,80,80,80,80,80,87,87,87,87,87,87,87,87,87,87,92,92,106,106,106,106,106,106,106,106,106,106,106,106,106,106,106],"card_choices":[{"not_picked":["Shrug It Off","Rupture"],"picked":"Feel No Pain","floor":1.0},{"not_picked":["Cleave","Clothesline","Headbutt"],"picked":"SKIP","floor":2.0},{"not_picked":["Searing Blow","Perfected Strike","Warcry"],"picked":"SKIP","floor":4.0},{"not_picked":["Burning Pact","Limit Break","Wild Strike"],"picked":"SKIP","floor":5.0},{"not_picked":["Headbutt","Thunderclap"],"picked":"Body Slam","floor":7.0},{"not_picked":["Anger","Corruption"],"picked":"Shrug It Off","floor":10.0},{"not_picked":["Anger","Perfected Strike","Infernal Blade"],"picked":"SKIP","floor":11.0},{"not_picked":["Bludgeon","Reaper"],"picked":"Exhume","floor":16.0},{"not_picked":["Twin Strike","Armaments","Body Slam"],"picked":"SKIP","floor":18.0},{"not_picked":["Clash+1","Clothesline","Havoc"],"picked":"SKIP","floor":20.0},{"not_picked":["Whirlwind","Feed","Disarm"],"picked":"SKIP","floor":24.0},{"not_picked":["Clothesline","Metallicize+1"],"picked":"Power Through+1","floor":27.0},{"not_picked":["Warcry","True Grit","Armaments"],"picked":"SKIP","floor":28.0},{"not_picked":["Carnage","Reckless Charge"],"picked":"Flame Barrier","floor":30.0},{"not_picked":["Body Slam","Reckless Charge","Perfected Strike+1"],"picked":"SKIP","floor":31.0}],"player_experience":144591,"relics_obtained":[{"floor":7.0,"key":"Strawberry"},{"floor":9.0,"key":"Mummified Hand"},{"floor":10.0,"key":"Nunchaku"},{"floor":19.0,"key":"Mango"},{"floor":19.0,"key":"Pantograph"},{"floor":24.0,"key":"Ice Cream"},{"floor":26.0,"key":"Meat on the Bone"}],"event_choices":[{"damage_healed":0.0,"max_hp_gain":0.0,"max_hp_loss":0.0,"gold_gain":0.0,"cards_transformed":["Strike_R"],"event_name":"Transmorgrifier","player_choice":"Transformed","floor":3.0,"gold_loss":0.0,"damage_taken":0.0,"cards_obtained":["Metallicize"]},{"damage_healed":0.0,"max_hp_gain":0.0,"max_hp_loss":0.0,"gold_gain":0.0,"event_name":"WeMeetAgain","player_choice":"Gave Potion","floor":13.0,"gold_loss":0.0,"damage_taken":0.0,"relics_obtained":["Charon\u0027s Ashes"]},{"damage_healed":0.0,"max_hp_gain":0.0,"max_hp_loss":0.0,"gold_gain":0.0,"event_name":"Colosseum","player_choice":"Fight","floor":19.0,"gold_loss":0.0,"damage_taken":0.0},{"damage_healed":0.0,"max_hp_gain":0.0,"max_hp_loss":0.0,"gold_gain":0.0,"event_name":"Colosseum","player_choice":"Fought Nobs","floor":19.0,"gold_loss":0.0,"damage_taken":0.0},{"damage_healed":0.0,"max_hp_gain":0.0,"max_hp_loss":0.0,"gold_gain":0.0,"event_name":"Vampires","player_choice":"Ignored","floor":21.0,"gold_loss":0.0,"damage_taken":0.0},{"cards_removed":["Strike_R"],"damage_healed":0.0,"max_hp_gain":0.0,"max_hp_loss":0.0,"gold_gain":0.0,"event_name":"Beggar","player_choice":"Gave Gold","floor":22.0,"gold_loss":75.0,"damage_taken":0.0},{"damage_healed":0.0,"max_hp_gain":0.0,"max_hp_loss":0.0,"gold_gain":0.0,"event_name":"Duplicator","player_choice":"Ignored","floor":29.0,"gold_loss":0.0,"damage_taken":0.0}],"is_beta":false,"boss_relics":[{"not_picked":["Snecko Eye","Runic Dome"],"picked":"Tiny House"}],"items_purged_floors":[],"is_endless":false,"potions_floor_spawned":[1,2,16,18,24,30],"killed_by":"Collector","ascension_level":4}