{"gold_per_floor":[115,127,139,154,170,170,119,119,169,202,202,127,52,72,72,146,146,157,517,135,147,147],"floor_reached":22,"playtime":627,"items_purged":["Defend_B","Defend_B"],"score":372,"play_id":"bd823902-d997-452a-b5d8-34fdd078f3ad","local_time":"20190212003652","is_ascension_mode":true,"campfire_choices":[{"data":"Defragment","floor":6,"key":"SMITH"},{"data":"Defragment","floor":8,"key":"SMITH"},{"data":"Chaos","floor":15,"key":"SMITH"}],"neow_cost":"NONE","seed_source_timestamp":1057405324697300,"circlet_count":0,"master_deck":["AscendersBane","Strike_B","Zap","Dualcast","Chaos+1","Defragment+1","Sweeping Beam","Defragment+1","Chill","Coolheaded","Steam","Biased Cognition","Machine Learning+1","Heatsinks+1","Doom and Gloom+1","Coolheaded","Turbo"],"relics":["Cracked Core","Strawberry","Matryoshka","Astrolabe","Pear"],"potions_floor_usage":[5,10,16,16,21],"damage_taken":[{"damage":1,"enemies":"Cultist","floor":1,"turns":4},{"damage":0,"enemies":"2 Louse","floor":2,"turns":2},{"damage":1,"enemies":"Small Slimes","floor":3,"turns":4},{"damage":3,"enemies":"3 Louse","floor":4,"turns":3},{"damage":22,"enemies":"Gremlin Gang","floor":5,"turns":4},{"damage":12,"enemies":"3 Sentries","floor":10,"turns":7},{"damage":0,"enemies":"Blue Slaver","floor":14,"turns":4},{"damage":29,"enemies":"Slime Boss","floor":16,"turns":11},{"damage":0,"enemies":"3 Byrds","floor":18,"turns":5},{"damage":17,"enemies":"Shell Parasite","floor":21,"turns":5},{"damage":0,"enemies":"Centurion and Healer","floor":22,"turns":1}],"seed_played":"-1710735743388845223","potions_obtained":[{"floor":3,"key":"Energy Potion"},{"floor":5,"key":"EssenceOfSteel"},{"floor":10,"key":"GamblersBrew"},{"floor":14,"key":"Poison Potion"},{"floor":18,"key":"EssenceOfSteel"}],"is_trial":false,"path_per_floor":["M","M","M","M","M","R","?","R","T","E","?","?","$","M","R","B",null,"M","?","$","M","M"],"character_chosen":"DEFECT","items_purchased":["Pear"],"campfire_rested":0,"item_purchase_floors":[20],"current_hp_per_floor":[63,63,62,59,37,37,37,37,44,32,32,32,32,32,32,3,59,59,24,34,17,17],"gold":147,"neow_bonus":"REMOVE_CARD","is_prod":false,"is_daily":false,"chose_seed":false,"campfire_upgraded":3,"win_rate":0,"timestamp":1549899412,"path_taken":["M","?","M","M","M","R","?","R","T","E","?","?","$","M","R","BOSS","M","?","$","?","?"],"build_version":"2019-01-23","purchased_purges":2,"victory":false,"max_hp_per_floor":[71,71,71,71,71,71,71,71,78,78,78,78,78,78,78,78,78,78,78,88,88,88],"card_choices":[{"not_picked":["Redo","Storm"],"picked":"Chaos","floor":1},{"not_picked":["Scrape","Coolheaded"],"picked":"Defragment","floor":2},{"not_picked":["Genetic Algorithm","Recycle"],"picked":"Sweeping Beam","floor":3},{"not_picked":["Go for the Eyes","Reprogram"],"picked":"Defragment","floor":4},{"not_picked":["Seek","Leap"],"picked":"Chill","floor":5},{"not_picked":["Beam Cell","Sweeping Beam"],"picked":"Coolheaded","floor":10},{"not_picked":["Leap","Sweeping Beam"],"picked":"Steam","floor":14},{"not_picked":["All For One","Machine Learning"],"picked":"Biased Cognition","floor":16},{"not_picked":["Conserve Battery","Cold Snap"],"picked":"Coolheaded","floor":18},{"not_picked":["Barrage","Ball Lightning"],"picked":"Turbo","floor":21}],"player_experience":4262295,"relics_obtained":[{"floor":9,"key":"Strawberry"},{"floor":10,"key":"Matryoshka"}],"event_choices":[{"damage_healed":0,"gold_gain":0,"player_choice":"Left Gold","damage_taken":0,"max_hp_gain":0,"max_hp_loss":0,"event_name":"World of Goop","floor":7,"gold_loss":51},{"damage_healed":0,"gold_gain":0,"player_choice":"Ignored","damage_taken":0,"max_hp_gain":0,"max_hp_loss":0,"event_name":"Liars Game","floor":11,"gold_loss":0},{"cards_removed":["Strike_B"],"damage_healed":0,"gold_gain":0,"player_choice":"Card Removal","damage_taken":0,"max_hp_gain":0,"max_hp_loss":0,"event_name":"The Cleric","floor":12,"gold_loss":75},{"damage_healed":0,"gold_gain":360,"player_choice":"GOLD GOLD GOLD GOLD ","damage_taken":35,"max_hp_gain":0,"max_hp_loss":0,"event_name":"Knowing Skull","floor":19,"potions_obtained":[],"gold_loss":0,"cards_obtained":[]}],"is_beta":false,"boss_relics":[{"not_picked":["Runic Pyramid","Ectoplasm"],"picked":"Astrolabe"}],"items_purged_floors":[13,20],"is_endless":false,"potions_floor_spawned":[3,5,10,14,18],"killed_by":"Centurion and Healer","ascension_level":20}