{"gold_per_floor":[116,116,131,144,160,160,187,217,217,284,298,298,315,326,326,326],"floor_reached":16,"playtime":600,"items_purged":[],"score":208,"play_id":"b3b31547-6318-431e-892b-0db8dd1beb8f","local_time":"20190101003051","is_ascension_mode":true,"campfire_choices":[{"data":"Bash","floor":6,"key":"SMITH"},{"data":"Disarm","floor":15,"key":"SMITH"}],"neow_cost":"NONE","seed_source_timestamp":33210484965948,"circlet_count":0,"master_deck":["AscendersBane","Strike_R","Strike_R","Strike_R","Strike_R","Strike_R","Defend_R","Defend_R","Defend_R","Defend_R","Bash+1","Sentinel","Impervious","Battle Trance","Headbutt","Wild Strike","Warcry","Parasite","Armaments","Disarm+1"],"relics":["Sozu","Orichalcum","Torii","Pantograph"],"potions_floor_usage":[],"damage_taken":[{"damage":0,"enemies":"Cultist","floor":1,"turns":3},{"damage":2,"enemies":"Jaw Worm","floor":3,"turns":5},{"damage":0,"enemies":"Small Slimes","floor":4,"turns":4},{"damage":2,"enemies":"2 Fungi Beasts","floor":5,"turns":5},{"damage":32,"enemies":"Gremlin Nob","floor":7,"turns":4},{"damage":1,"enemies":"Looter","floor":11,"turns":3},{"damage":0,"enemies":"3 Louse","floor":13,"turns":4},{"damage":2,"enemies":"Blue Slaver","floor":14,"turns":3},{"damage":23,"enemies":"The Guardian","floor":16,"turns":13}],"seed_played":"-4408230505779938607","potions_obtained":[],"is_trial":false,"path_per_floor":["M","?","M","M","M","R","E","?","T","?","M","?","M","M","R","B"],"character_chosen":"IRONCLAD","items_purchased":[],"campfire_rested":0,"item_purchase_floors":[],"current_hp_per_floor":[68,68,66,66,64,64,32,32,32,32,31,49,49,47,47,49],"gold":326,"neow_bonus":"BOSS_RELIC","is_prod":false,"is_daily":false,"chose_seed":false,"campfire_upgraded":2,"win_rate":0,"timestamp":1546270251,"path_taken":["M","?","M","M","?","R","E","?","T","?","M","?","M","M","R","BOSS"],"build_version":"2018-12-20","purchased_purges":0,"victory":false,"max_hp_per_floor":[75,75,75,75,75,75,75,75,75,75,75,75,75,75,75,75],"card_choices":[{"not_picked":["Clothesline","Sever Soul"],"picked":"Sentinel","floor":1},{"not_picked":["Wild Strike","Thunderclap"],"picked":"Impervious","floor":3},{"not_picked":["Intimidate","Sentinel"],"picked":"Battle Trance","floor":4},{"not_picked":["Disarm","Warcry"],"picked":"Headbutt","floor":5},{"not_picked":["Feel No Pain","Sword Boomerang"],"picked":"Wild Strike","floor":7},{"not_picked":["Iron Wave","Twin Strike"],"picked":"Warcry","floor":11},{"not_picked":["Entrench","Clothesline"],"picked":"Armaments","floor":13},{"not_picked":["Exhume","Pommel Strike"],"picked":"Disarm","floor":14}],"player_experience":3946548,"relics_obtained":[{"floor":7,"key":"Orichalcum"},{"floor":9,"key":"Pantograph"}],"event_choices":[{"damage_healed":0,"gold_gain":0,"player_choice":"Got Potions","damage_taken":0,"max_hp_gain":0,"max_hp_loss":0,"event_name":"Lab","floor":2,"gold_loss":0},{"damage_healed":0,"gold_gain":30,"player_choice":"Searched \u00273\u0027 times","damage_taken":0,"relics_obtained":["Torii"],"max_hp_gain":0,"max_hp_loss":0,"event_name":"Dead Adventurer","floor":8,"gold_loss":0},{"damage_healed":0,"gold_gain":67,"player_choice":"Gained Gold","damage_taken":0,"max_hp_gain":0,"max_hp_loss":0,"event_name":"Golden Wing","floor":10,"gold_loss":0},{"damage_healed":18,"gold_gain":0,"player_choice":"Healed and dodged fight","damage_taken":0,"max_hp_gain":0,"max_hp_loss":0,"event_name":"Mushrooms","floor":12,"gold_loss":0,"cards_obtained":["Parasite"]}],"is_beta":false,"boss_relics":[],"items_purged_floors":[],"is_endless":false,"potions_floor_spawned":[4,11,13],"killed_by":"The Guardian","ascension_level":20}