{"gold_per_floor":[12,30,30,30,47,47,77,88,88,88,102,136,136,166,166,242,242,260,271,286,286,286,286,302,302],"floor_reached":25,"playtime":724,"items_purged":[],"score":471,"play_id":"0e0ffde9-bf41-4631-b5dd-cbd6083117af","local_time":"20190111011623","is_ascension_mode":true,"campfire_choices":[{"data":"Combust","floor":6,"key":"SMITH"},{"floor":13,"key":"REST"},{"data":"Infernal Blade","floor":15,"key":"SMITH"},{"floor":23,"key":"REST"}],"neow_cost":"NO_GOLD","seed_source_timestamp":26687104998059,"circlet_count":0,"master_deck":["AscendersBane","Strike_R","Strike_R+1","Strike_R","Defend_R+1","Defend_R","Defend_R+1","Defend_R+1","Bash+1","Anger","Headbutt","Combust+1","Disarm+1","Wild Strike","Carnage","Battle Trance","Infernal Blade+1","Feed","Shrug It Off","Iron Wave"],"relics":["Burning Blood","Whetstone","Kunai","War Paint","Smiling Mask","Empty Cage"],"potions_floor_usage":[5,12,16,18,24],"damage_taken":[{"damage":18,"enemies":"Cultist","floor":1,"turns":5},{"damage":2,"enemies":"Jaw Worm","floor":2,"turns":3},{"damage":1,"enemies":"2 Louse","floor":5,"turns":3},{"damage":31,"enemies":"Lagavulin","floor":7,"turns":6},{"damage":7,"enemies":"Looter","floor":8,"turns":3},{"damage":10,"enemies":"2 Fungi Beasts","floor":11,"turns":2},{"damage":15,"enemies":"3 Sentries","floor":12,"turns":6},{"damage":10,"enemies":"Gremlin Nob","floor":14,"turns":3},{"damage":17,"enemies":"Slime Boss","floor":16,"turns":6},{"damage":11,"enemies":"Spheric Guardian","floor":18,"turns":3},{"damage":2,"enemies":"Chosen","floor":19,"turns":5},{"damage":27,"enemies":"Snecko","floor":20,"turns":5},{"damage":20,"enemies":"Chosen and Byrds","floor":24,"turns":6},{"damage":66,"enemies":"Sentry and Sphere","floor":25,"turns":9}],"seed_played":"-4118793088656474093","potions_obtained":[{"floor":5,"key":"Fruit Juice"},{"floor":7,"key":"Fire Potion"},{"floor":8,"key":"Energy Potion"},{"floor":12,"key":"Dexterity Potion"},{"floor":14,"key":"Fire Potion"},{"floor":18,"key":"PowerPotion"}],"is_trial":false,"path_per_floor":["M","M","T","?","M","R","E","M","T","?","M","E","R","E","R","B",null,"M","M","M","?","?","R","M","M"],"character_chosen":"IRONCLAD","items_purchased":[],"campfire_rested":2,"item_purchase_floors":[],"current_hp_per_floor":[70,74,74,74,84,84,59,58,58,30,26,17,45,41,41,30,78,73,77,56,56,42,70,59,0],"gold":302,"neow_bonus":"TWENTY_PERCENT_HP_BONUS","is_prod":false,"is_daily":false,"chose_seed":false,"campfire_upgraded":2,"win_rate":0,"timestamp":1547136983,"path_taken":["M","M","?","?","M","R","E","M","T","?","M","E","R","E","R","BOSS","M","M","M","?","?","R","M","M"],"build_version":"2019-01-03v4","purchased_purges":0,"victory":false,"max_hp_per_floor":[89,89,89,89,94,94,94,94,94,94,94,94,94,94,94,94,94,94,94,94,94,94,94,97,97],"card_choices":[{"not_picked":["Anger","Reckless Charge","Heavy Blade"],"picked":"SKIP","floor":1},{"not_picked":["Reckless Charge","Heavy Blade"],"picked":"Anger","floor":1},{"not_picked":["True Grit","Sword Boomerang"],"picked":"Headbutt","floor":2},{"not_picked":["Cleave","Reckless Charge"],"picked":"Combust","floor":5},{"not_picked":["Reckless Charge","Clash","Disarm"],"picked":"SKIP","floor":7},{"not_picked":["Reckless Charge","Clash"],"picked":"Disarm","floor":7},{"not_picked":["Fire Breathing","Body Slam"],"picked":"Wild Strike","floor":8},{"not_picked":["Rupture","Iron Wave"],"picked":"Carnage","floor":11},{"not_picked":["Clothesline","Perfected Strike"],"picked":"Battle Trance","floor":12},{"not_picked":["Warcry","Body Slam"],"picked":"Infernal Blade","floor":14},{"not_picked":["Dark Embrace","Demon Form"],"picked":"Feed","floor":16},{"not_picked":["Headbutt","Evolve"],"picked":"Shrug It Off","floor":18},{"not_picked":["Headbutt","Clash","Thunderclap"],"picked":"SKIP","floor":19},{"not_picked":["Hemokinesis","Body Slam","Warcry"],"picked":"SKIP","floor":20},{"not_picked":["Combust","Body Slam"],"picked":"Iron Wave","floor":24}],"player_experience":4042791,"relics_obtained":[{"floor":7,"key":"Whetstone"},{"floor":9,"key":"Kunai"},{"floor":12,"key":"War Paint"},{"floor":14,"key":"Smiling Mask"}],"event_choices":[{"damage_healed":0,"gold_gain":0,"player_choice":"Ignored","damage_taken":0,"max_hp_gain":0,"max_hp_loss":0,"event_name":"Liars Game","floor":4,"gold_loss":0},{"damage_healed":0,"gold_gain":0,"player_choice":"Entered Light","damage_taken":28,"max_hp_gain":0,"max_hp_loss":0,"event_name":"Shining Light","floor":10,"gold_loss":0,"cards_upgraded":["Defend_R","Defend_R"]},{"damage_healed":0,"gold_gain":0,"player_choice":"Ignored","damage_taken":0,"max_hp_gain":0,"max_hp_loss":0,"event_name":"The Mausoleum","floor":21,"gold_loss":0},{"damage_healed":0,"gold_gain":0,"player_choice":"Damaged","damage_taken":14,"max_hp_gain":0,"max_hp_loss":0,"event_name":"Wheel of Change","floor":22,"gold_loss":0}],"is_beta":false,"boss_relics":[{"not_picked":["Tiny House","Snecko Eye"],"picked":"Empty Cage"}],"items_purged_floors":[],"is_endless":false,"potions_floor_spawned":[5,7,8,12,14,18],"killed_by":"Sentry and Sphere","ascension_level":20}