{"gold_per_floor":[119,135,135,60,81,116,116,132,189,189,189],"floor_reached":11,"playtime":283,"items_purged":["Strike_R"],"score":99,"play_id":"c0046077-59f9-4e43-9320-9fe6e65475d1","local_time":"20190225140028","is_ascension_mode":true,"campfire_choices":[{"data":"Bash","floor":7,"key":"SMITH"},{"floor":10,"key":"REST"}],"neow_cost":"NONE","seed_source_timestamp":14915083248974,"circlet_count":0,"master_deck":["Strike_R","Strike_R","Strike_R","Strike_R","Defend_R","Defend_R","Defend_R","Defend_R","Bash+1","Power Through","Whirlwind","Spot Weakness","Sever Soul","Demon Form"],"relics":["Burning Blood","NeowsBlessing","Golden Idol","Blood Vial","Tiny Chest"],"potions_floor_usage":[6,8,8],"damage_taken":[{"damage":0,"enemies":"Cultist","floor":1,"turns":1},{"damage":0,"enemies":"Jaw Worm","floor":2,"turns":1},{"damage":0,"enemies":"Small Slimes","floor":5,"turns":1},{"damage":38,"enemies":"Gremlin Nob","floor":6,"turns":5},{"damage":12,"enemies":"Exordium Thugs","floor":8,"turns":4},{"damage":56,"enemies":"Lagavulin","floor":11,"turns":6}],"seed_played":"-6457902582608262901","potions_obtained":[{"floor":1,"key":"SteroidPotion"},{"floor":2,"key":"Block Potion"},{"floor":6,"key":"EssenceOfSteel"}],"is_trial":false,"path_per_floor":["M","M","?","$","M","E","R","M","T","R","E"],"character_chosen":"IRONCLAD","items_purchased":[],"campfire_rested":1,"item_purchase_floors":[],"current_hp_per_floor":[78,80,60,60,66,34,34,30,30,54,0],"gold":189,"neow_bonus":"THREE_ENEMY_KILL","is_prod":false,"is_daily":false,"chose_seed":false,"campfire_upgraded":1,"win_rate":0,"timestamp":1551070828,"path_taken":["M","?","?","$","M","E","R","M","T","R","E"],"build_version":"2019-01-23","purchased_purges":1,"victory":false,"max_hp_per_floor":[80,80,80,80,80,80,80,80,80,80,80],"card_choices":[{"not_picked":["Battle Trance","Shockwave"],"picked":"Power Through","floor":1},{"not_picked":["True Grit","Thunderclap"],"picked":"Whirlwind","floor":2},{"not_picked":["Thunderclap","Iron Wave"],"picked":"Spot Weakness","floor":5},{"not_picked":["Havoc","Headbutt"],"picked":"Sever Soul","floor":6},{"not_picked":["Shrug It Off","Sword Boomerang"],"picked":"Demon Form","floor":8}],"player_experience":185385,"relics_obtained":[{"floor":6,"key":"Blood Vial"},{"floor":9,"key":"Tiny Chest"}],"event_choices":[{"damage_healed":0,"gold_gain":0,"player_choice":"Take Damage","damage_taken":20,"relics_obtained":["Golden Idol"],"max_hp_gain":0,"max_hp_loss":0,"event_name":"Golden Idol","floor":3,"gold_loss":0}],"is_beta":false,"boss_relics":[],"items_purged_floors":[4],"is_endless":false,"potions_floor_spawned":[1,2,6],"killed_by":"Lagavulin","ascension_level":7}