{"gold_per_floor":[112,126,140,155,166,201,201,201,226,237,268,268,343,375,375,451,451,468,479,490,415,431,459,459,491,491,491,491,509,543,561,561,561],"floor_reached":33,"playtime":873,"items_purged":[],"score":658,"play_id":"5436d24b-c03d-42a5-b9ea-beb3b1cc0fc9","local_time":"20190118021021","is_ascension_mode":true,"campfire_choices":[{"data":"Immolate","floor":7.0,"key":"SMITH"},{"data":"Bash","floor":15.0,"key":"SMITH"},{"data":"Inflame","floor":24.0,"key":"SMITH"},{"data":"Corruption","floor":28,"key":"SMITH"},{"data":"Sword Boomerang","floor":32,"key":"SMITH"}],"neow_cost":"NONE","seed_source_timestamp":634528788471762,"circlet_count":0,"master_deck":["AscendersBane","Strike_R+1","Defend_R","Defend_R","Defend_R","Defend_R","Bash+1","Shrug It Off","Anger","Disarm","Sword Boomerang+1","Sever Soul","Thunderclap","Immolate+1","Shrug It Off","Corruption+1","Inflame+1","Pummel","Blood for Blood","Havoc+1"],"special_seed":0,"relics":["Burning Blood","Meat on the Bone","Omamori","Oddly Smooth Stone","Anchor","Black Star","FossilizedHelix","Whetstone","Regal Pillow","Orichalcum","Letter Opener","Toxic Egg 2","Sundial"],"potions_floor_usage":[],"damage_taken":[{"damage":1.0,"enemies":"Cultist","floor":1.0,"turns":3.0},{"damage":7.0,"enemies":"Small Slimes","floor":2.0,"turns":3.0},{"damage":0.0,"enemies":"Jaw Worm","floor":3.0,"turns":3.0},{"damage":7.0,"enemies":"2 Fungi Beasts","floor":4.0,"turns":2.0},{"damage":0.0,"enemies":"Lots of Slimes","floor":5.0,"turns":1.0},{"damage":16.0,"enemies":"3 Sentries","floor":6.0,"turns":6.0},{"damage":9.0,"enemies":"Red Slaver","floor":10.0,"turns":2.0},{"damage":10.0,"enemies":"Gremlin Nob","floor":11.0,"turns":3.0},{"damage":21.0,"enemies":"3 Sentries","floor":14.0,"turns":5.0},{"damage":34.0,"enemies":"Hexaghost","floor":16.0,"turns":8.0},{"damage":13.0,"enemies":"Chosen","floor":18.0,"turns":5.0},{"damage":15.0,"enemies":"3 Byrds","floor":19.0,"turns":4.0},{"damage":0.0,"enemies":"3 Cultists","floor":20.0,"turns":2.0},{"damage":36.0,"enemies":"Chosen and Byrds","floor":22.0,"turns":6.0},{"damage":24.0,"enemies":"Slavers","floor":23.0,"turns":5.0},{"damage":30,"enemies":"Gremlin Leader","floor":25,"turns":6},{"damage":18,"enemies":"Snake Plant","floor":29,"turns":5},{"damage":7,"enemies":"Slavers","floor":30,"turns":2},{"damage":11,"enemies":"Sentry and Sphere","floor":31,"turns":4},{"damage":86,"enemies":"Automaton","floor":33,"turns":6}],"seed_played":"-8117827930500329834","potions_obtained":[{"floor":2.0,"key":"LiquidBronze"},{"floor":4.0,"key":"FearPotion"},{"floor":6.0,"key":"FearPotion"},{"floor":14.0,"key":"SkillPotion"},{"floor":19.0,"key":"Regen Potion"},{"floor":22.0,"key":"Ancient Potion"},{"floor":29,"key":"LiquidBronze"}],"is_trial":false,"path_per_floor":["M","M","M","M","M","E","R","?","T","M","E","?","?","E","R","B",null,"M","M","M","?","M","E","R","E","T","?","R","M","E","M","R","B"],"character_chosen":"IRONCLAD","items_purchased":[],"campfire_rested":0,"item_purchase_floors":[],"current_hp_per_floor":[73,72,75,74,75,65,65,58,58,55,51,51,40,37,37,21,62,55,46,52,52,34,42,42,30,30,85,85,73,72,67,67,0],"gold":561,"neow_bonus":"TRANSFORM_CARD","is_prod":false,"is_daily":false,"chose_seed":false,"campfire_upgraded":5,"win_rate":0,"timestamp":1547745021,"path_taken":["M","M","M","M","M","E","R","?","T","M","E","?","?","E","R","BOSS","M","M","M","?","M","E","R","E","T","?","R","?","E","M","R","BOSS"],"build_version":"2019-01-10","purchased_purges":0,"victory":false,"max_hp_per_floor":[75,75,75,75,75,75,75,75,75,75,75,75,75,75,75,75,75,75,75,75,75,75,75,75,75,75,85,85,85,85,85,85,85],"card_choices":[{"not_picked":["Twin Strike","True Grit"],"picked":"Shrug It Off","floor":1.0},{"not_picked":["Rupture","Warcry"],"picked":"Anger","floor":2.0},{"not_picked":["Sword Boomerang","Cleave","Perfected Strike"],"picked":"SKIP","floor":3.0},{"not_picked":["Flex","Body Slam"],"picked":"Disarm","floor":4.0},{"not_picked":["Pommel Strike","Berserk"],"picked":"Sword Boomerang","floor":5.0},{"not_picked":["Brutality","Cleave"],"picked":"Sever Soul","floor":6.0},{"not_picked":["Iron Wave","Anger","Fire Breathing"],"picked":"SKIP","floor":10.0},{"not_picked":["Rampage","Entrench","Disarm"],"picked":"SKIP","floor":11.0},{"not_picked":["Flex","Armaments"],"picked":"Thunderclap","floor":14.0},{"not_picked":["Dark Embrace","Fiend Fire"],"picked":"Immolate","floor":16.0},{"not_picked":["Headbutt","Clash"],"picked":"Shrug It Off","floor":18.0},{"not_picked":["Flex","Warcry","True Grit"],"picked":"SKIP","floor":19.0},{"not_picked":["Dropkick","Whirlwind"],"picked":"Corruption","floor":20.0},{"not_picked":["Perfected Strike+1","Shrug It Off"],"picked":"Inflame","floor":22.0},{"not_picked":["Warcry","Exhume","True Grit"],"picked":"SKIP","floor":23.0},{"not_picked":["Intimidate","Iron Wave"],"picked":"Pummel","floor":25},{"not_picked":["Warcry","Clash","Cleave+1"],"picked":"SKIP","floor":29},{"not_picked":["Bloodletting","Sentinel"],"picked":"Blood for Blood","floor":30},{"not_picked":["Searing Blow","Anger"],"picked":"Havoc+1","floor":31}],"player_experience":4121553,"relics_obtained":[{"floor":6.0,"key":"Meat on the Bone"},{"floor":9.0,"key":"Omamori"},{"floor":11.0,"key":"Oddly Smooth Stone"},{"floor":14.0,"key":"Anchor"},{"floor":23.0,"key":"FossilizedHelix"},{"floor":23.0,"key":"Whetstone"},{"floor":25,"key":"Regal Pillow"},{"floor":25,"key":"Orichalcum"},{"floor":26,"key":"Letter Opener"},{"floor":30,"key":"Toxic Egg 2"},{"floor":30,"key":"Sundial"}],"event_choices":[{"cards_removed":["Strike_R"],"damage_healed":0.0,"max_hp_gain":0.0,"max_hp_loss":0.0,"gold_gain":0.0,"event_name":"Golden Wing","player_choice":"Card Removal","floor":8.0,"gold_loss":0.0,"damage_taken":7.0},{"cards_removed":["Strike_R"],"damage_healed":0.0,"max_hp_gain":0.0,"max_hp_loss":0.0,"gold_gain":0.0,"event_name":"Living Wall","player_choice":"Forget","floor":12.0,"gold_loss":0.0,"damage_taken":0.0},{"damage_healed":0.0,"max_hp_gain":0.0,"max_hp_loss":0.0,"gold_gain":75.0,"event_name":"World of Goop","player_choice":"Gather Gold","floor":13.0,"gold_loss":0.0,"damage_taken":11.0},{"cards_removed":["Strike_R"],"damage_healed":0.0,"max_hp_gain":0.0,"max_hp_loss":0.0,"gold_gain":0.0,"event_name":"Beggar","player_choice":"Gave Gold","floor":21.0,"gold_loss":75.0,"damage_taken":0.0},{"cards_removed":["Immolate"],"damage_healed":45,"gold_gain":0,"player_choice":"Offered Rare","damage_taken":0,"max_hp_gain":10,"max_hp_loss":0,"event_name":"Bonfire Elementals","floor":27,"gold_loss":0}],"is_beta":false,"boss_relics":[{"not_picked":["Black Blood","Runic Pyramid"],"picked":"Black Star"}],"items_purged_floors":[],"is_endless":false,"potions_floor_spawned":[2,4,6,14,19,22,29,30],"killed_by":"Automaton","ascension_level":20}