{"gold_per_floor":[112,123,136,148,160,194,194,223,223,223,233,233,268,288,288,288],"floor_reached":16,"playtime":1018,"items_purged":[],"score":149,"play_id":"850486f0-7dfa-4160-8889-98b2b31f2038","local_time":"20190217210526","is_ascension_mode":true,"campfire_choices":[{"floor":7,"key":"REST"},{"floor":10,"key":"REST"},{"floor":12,"key":"REST"},{"floor":15,"key":"REST"}],"neow_cost":"NONE","seed_source_timestamp":168182810300,"circlet_count":0,"master_deck":["Strike_R","Strike_R","Strike_R","Strike_R","Strike_R","Defend_R+1","Defend_R","Defend_R","Defend_R","Bash","Juggernaut","Inflame","Heavy Blade","Shockwave+1","Iron Wave","Corruption","Cleave","Combust","Pummel"],"relics":["Burning Blood","War Paint","Strawberry","Paper Frog","Shovel"],"potions_floor_usage":[16],"damage_taken":[{"damage":13,"enemies":"Jaw Worm","floor":1,"turns":4},{"damage":0,"enemies":"Small Slimes","floor":2,"turns":3},{"damage":2,"enemies":"2 Louse","floor":3,"turns":2},{"damage":17,"enemies":"2 Fungi Beasts","floor":4,"turns":4},{"damage":11,"enemies":"Looter","floor":5,"turns":2},{"damage":51,"enemies":"Gremlin Nob","floor":6,"turns":5},{"damage":28,"enemies":"Lagavulin","floor":8,"turns":8},{"damage":34,"enemies":"Gremlin Gang","floor":11,"turns":5},{"damage":19,"enemies":"Gremlin Nob","floor":13,"turns":4},{"damage":17,"enemies":"Exordium Wildlife","floor":14,"turns":4},{"damage":74,"enemies":"Hexaghost","floor":16,"turns":9}],"seed_played":"-6147702526322954705","potions_obtained":[{"floor":1,"key":"FairyPotion"},{"floor":8,"key":"Ancient Potion"},{"floor":11,"key":"Ancient Potion"},{"floor":13,"key":"BloodPotion"}],"is_trial":false,"path_per_floor":["M","M","M","M","M","E","R","E","T","R","M","R","E","M","R","B"],"character_chosen":"IRONCLAD","items_purchased":[],"campfire_rested":4,"item_purchase_floors":[],"current_hp_per_floor":[73,79,80,69,64,19,43,28,28,54,26,52,39,28,54,0],"gold":288,"neow_bonus":"ONE_RANDOM_RARE_CARD","is_prod":false,"is_daily":false,"chose_seed":false,"campfire_upgraded":0,"win_rate":0,"timestamp":1550433926,"path_taken":["M","M","M","M","M","E","R","E","T","R","M","R","E","M","R","BOSS"],"build_version":"2019-01-23","purchased_purges":0,"victory":false,"max_hp_per_floor":[80,80,80,80,80,80,80,87,87,87,87,87,87,87,87,87],"card_choices":[{"not_picked":["Headbutt","Cleave"],"picked":"Inflame","floor":1},{"not_picked":["Wild Strike","Battle Trance"],"picked":"Heavy Blade","floor":2},{"not_picked":["Wild Strike","Barricade","Warcry"],"picked":"SKIP","floor":3},{"not_picked":["Thunderclap","Heavy Blade"],"picked":"Shockwave","floor":4},{"not_picked":["Entrench","Seeing Red"],"picked":"Iron Wave","floor":5},{"not_picked":["Anger","Clash"],"picked":"Corruption","floor":6},{"not_picked":["Berserk","Wild Strike","Flex"],"picked":"SKIP","floor":8},{"not_picked":["Warcry","Heavy Blade"],"picked":"Cleave","floor":11},{"not_picked":["Sword Boomerang","Perfected Strike"],"picked":"Combust","floor":13},{"not_picked":["True Grit","Iron Wave"],"picked":"Pummel","floor":14}],"player_experience":340831,"relics_obtained":[{"floor":6,"key":"War Paint"},{"floor":8,"key":"Strawberry"},{"floor":9,"key":"Paper Frog"},{"floor":13,"key":"Shovel"}],"event_choices":[],"is_beta":false,"boss_relics":[],"items_purged_floors":[],"is_endless":false,"potions_floor_spawned":[1,8,11,13],"killed_by":"Hexaghost","ascension_level":4}