{"gold_per_floor":[211,224,149,161,236,264,89,89,119,119,151,165,184,195,195,297,297,308,407,418,418,430,460,460,460],"floor_reached":25,"playtime":1268,"items_purged":["Strike_B","Defend_B"],"score":280,"play_id":"1ea7212a-90b3-472c-aacb-5b955176fe0b","local_time":"20190105162820","is_ascension_mode":true,"campfire_choices":[{"floor":8,"key":"RECALL"},{"data":"Chaos","floor":15,"key":"SMITH"},{"floor":24,"key":"REST"}],"neow_cost":"NONE","seed_source_timestamp":1277214735965779,"circlet_count":0,"master_deck":["Strike_B","Strike_B","Strike_B","Defend_B","Defend_B","Defend_B","Zap","Dualcast","Ball Lightning","Conserve Battery","Capacitor","Reinforced Body","Capacitor","Hologram","Defragment","Chaos+1","Seek","Consume","Steam Power+1","Defragment","Chill","Conserve Battery"],"relics":["Cracked Core","Meat on the Bone","Tiny Chest","Letter Opener","Nuclear Battery","Bronze Scales","Dream Catcher"],"potions_floor_usage":[6,11,16,16,22,22,22,23,23,23],"damage_taken":[{"damage":4,"enemies":"Small Slimes","floor":1,"turns":3},{"damage":1,"enemies":"Cultist","floor":2,"turns":3},{"damage":2,"enemies":"Jaw Worm","floor":4,"turns":3},{"damage":13,"enemies":"Lagavulin","floor":6,"turns":7},{"damage":15,"enemies":"Gremlin Nob","floor":11,"turns":4},{"damage":6,"enemies":"Exordium Thugs","floor":12,"turns":5},{"damage":0,"enemies":"Red Slaver","floor":13,"turns":3},{"damage":3,"enemies":"3 Louse","floor":14,"turns":4},{"damage":11,"enemies":"Slime Boss","floor":16,"turns":7},{"damage":20,"enemies":"Shell Parasite","floor":18,"turns":6},{"damage":6,"enemies":"Spheric Guardian","floor":20,"turns":4},{"damage":36,"enemies":"Snecko","floor":22,"turns":6},{"damage":20,"enemies":"Gremlin Leader","floor":23,"turns":7},{"damage":46,"enemies":"Slavers","floor":25,"turns":2}],"seed_played":"-6699925384539025800","potions_obtained":[{"floor":2,"key":"Regen Potion"},{"floor":10,"key":"SkillPotion"},{"floor":10,"key":"EntropicBrew"},{"floor":10,"key":"Dexterity Potion"},{"floor":11,"key":"FearPotion"},{"floor":13,"key":"PowerPotion"},{"floor":20,"key":"Poison Potion"},{"floor":22,"key":"LiquidBronze"}],"is_trial":false,"path_per_floor":["M","M","$","M","?","E","$","R","T","?","E","M","M","M","R","B",null,"M","?","M","T","M","E","R","E"],"character_chosen":"DEFECT","items_purchased":["Capacitor"],"campfire_rested":1,"item_purchase_floors":[7],"current_hp_per_floor":[71,70,70,68,57,59,59,59,59,59,44,38,38,47,47,48,75,55,55,49,49,25,17,39,0],"gold":460,"neow_bonus":"HUNDRED_GOLD","is_prod":false,"is_daily":false,"chose_seed":false,"campfire_upgraded":1,"win_rate":0,"timestamp":1546723700,"path_taken":["M","M","$","M","?","E","$","R","T","?","E","M","?","M","R","BOSS","M","?","M","?","M","E","R","E"],"build_version":"2019-01-03v4","purchased_purges":2,"victory":false,"max_hp_per_floor":[75,75,75,75,75,75,75,75,75,75,75,75,75,75,75,75,75,75,75,75,75,75,75,75,75],"card_choices":[{"not_picked":["Redo","Fusion"],"picked":"Ball Lightning","floor":1},{"not_picked":["Leap","Compile Driver"],"picked":"Conserve Battery","floor":2},{"not_picked":["Compile Driver","Steam"],"picked":"Capacitor","floor":4},{"not_picked":["Sweeping Beam","Streamline"],"picked":"Reinforced Body","floor":6},{"not_picked":["Static Discharge","Steam Power"],"picked":"Hologram","floor":11},{"not_picked":["Reinforced Body","Redo","Sweeping Beam"],"picked":"SKIP","floor":12},{"not_picked":["White Noise","Cold Snap"],"picked":"Defragment","floor":13},{"not_picked":["Rip and Tear","Ball Lightning"],"picked":"Chaos","floor":14},{"not_picked":["Biased Cognition","Creative AI"],"picked":"Seek","floor":16},{"not_picked":["Static Discharge","Conserve Battery+1"],"picked":"Consume","floor":18},{"not_picked":["Beam Cell","Turbo"],"picked":"Steam Power+1","floor":20},{"not_picked":["Gash+1","Steam"],"picked":"Defragment","floor":22},{"not_picked":["BootSequence","Conserve Battery"],"picked":"Chill","floor":23},{"not_picked":["Auto Shields","Sweeping Beam"],"picked":"Conserve Battery","floor":24}],"player_experience":277070,"relics_obtained":[{"floor":6,"key":"Meat on the Bone"},{"floor":9,"key":"Tiny Chest"},{"floor":11,"key":"Letter Opener"},{"floor":21,"key":"Bronze Scales"},{"floor":23,"key":"Dream Catcher"}],"event_choices":[{"damage_healed":0,"gold_gain":75,"player_choice":"Gather Gold","damage_taken":11,"max_hp_gain":0,"max_hp_loss":0,"event_name":"World of Goop","floor":5,"gold_loss":0},{"damage_healed":0,"gold_gain":0,"player_choice":"Got Potions","damage_taken":0,"max_hp_gain":0,"max_hp_loss":0,"event_name":"Lab","floor":10,"gold_loss":0},{"damage_healed":0,"gold_gain":99,"player_choice":"Stole From Cult","damage_taken":0,"max_hp_gain":0,"max_hp_loss":0,"event_name":"Nest","floor":19,"gold_loss":0}],"is_beta":false,"boss_relics":[{"not_picked":["Lizard Tail","Calling Bell"],"picked":"Nuclear Battery"}],"items_purged_floors":[3,7],"is_endless":false,"potions_floor_spawned":[2,11,13,14,20,22],"killed_by":"Slavers","ascension_level":4}