{"gold_per_floor":[112,37,48,61,61,88,103,103,103,103,138,138,138,38,38,110,110,121,121,121,134,144,144,174,174,226,240,12,29,29,45,45,45],"floor_reached":33,"playtime":991,"items_purged":["Strike_B","Defend_B"],"score":550,"play_id":"6018146c-e795-4c2e-ace5-8adc7ac186d8","local_time":"20190108002804","is_ascension_mode":true,"campfire_choices":[{"data":"Sunder","floor":8.0,"key":"SMITH"},{"data":"Beam Cell","floor":10.0,"key":"SMITH"},{"data":"Skim","floor":12.0,"key":"SMITH"},{"floor":15.0,"key":"REST"},{"floor":23.0,"key":"DIG"},{"data":"Creative AI","floor":25.0,"key":"SMITH"},{"floor":30.0,"key":"DIG"},{"floor":32.0,"key":"DIG"}],"neow_cost":"NONE","seed_source_timestamp":511894667197876,"circlet_count":0,"master_deck":["AscendersBane","Strike_B+1","Defend_B","Defend_B","Defend_B+1","Zap","Dualcast","Beam Cell+1","Sunder+1","Streamline","Leap","Skim+1","Creative AI+1","BootSequence","Double Energy"],"special_seed":0,"relics":["White Beast Statue","Du-Vu Doll","Pocketwatch","Shovel","Coffee Dripper","Vajra","Ginger","Potion Belt","Oddly Smooth Stone","Mercury Hourglass"],"potions_floor_usage":[33,33,33],"damage_taken":[{"damage":13.0,"enemies":"Cultist","floor":1.0,"turns":5.0},{"damage":1.0,"enemies":"2 Louse","floor":3.0,"turns":4.0},{"damage":10.0,"enemies":"Small Slimes","floor":4.0,"turns":3.0},{"damage":8.0,"enemies":"Gremlin Nob","floor":6.0,"turns":3.0},{"damage":4.0,"enemies":"2 Fungi Beasts","floor":7.0,"turns":4.0},{"damage":12.0,"enemies":"3 Sentries","floor":11.0,"turns":6.0},{"damage":18.0,"enemies":"Slime Boss","floor":16.0,"turns":6.0},{"damage":13.0,"enemies":"Shell Parasite","floor":18.0,"turns":3.0},{"damage":0.0,"enemies":"Spheric Guardian","floor":21.0,"turns":2.0},{"damage":6.0,"enemies":"Centurion and Healer","floor":22.0,"turns":4.0},{"damage":12.0,"enemies":"Slavers","floor":24.0,"turns":5.0},{"damage":2.0,"enemies":"Snake Plant","floor":27.0,"turns":3.0},{"damage":3.0,"enemies":"Cultist and Chosen","floor":29.0,"turns":4.0},{"damage":0.0,"enemies":"Snecko","floor":31.0,"turns":4.0},{"damage":56,"enemies":"Automaton","floor":33,"turns":6}],"seed_played":"5705056338892647469","potions_obtained":[{"floor":1.0,"key":"SteroidPotion"},{"floor":3.0,"key":"Energy Potion"},{"floor":4.0,"key":"Ancient Potion"},{"floor":6.0,"key":"Regen Potion"},{"floor":7.0,"key":"Fruit Juice"},{"floor":11.0,"key":"Block Potion"},{"floor":16.0,"key":"SteroidPotion"},{"floor":18.0,"key":"Fire Potion"},{"floor":21.0,"key":"Strength Potion"},{"floor":22.0,"key":"Block Potion"},{"floor":24.0,"key":"Energy Potion"},{"floor":27.0,"key":"AttackPotion"},{"floor":29.0,"key":"EssenceOfSteel"},{"floor":31.0,"key":"SteroidPotion"}],"is_trial":false,"path_per_floor":["M","$","M","M","?","E","M","R","T","R","E","R","?","$","R","B",null,"M","?","?","M","M","R","E","R","T","M","$","M","R","M","R","B"],"character_chosen":"DEFECT","items_purchased":["Potion Belt","Block Potion"],"campfire_rested":1,"item_purchase_floors":[28,28],"current_hp_per_floor":[51,51,50,40,33,25,38,38,38,38,26,26,3,3,25,7,59,46,46,46,46,40,40,28,28,28,26,26,23,23,23,23,0],"gold":45,"neow_bonus":"BOSS_RELIC","is_prod":false,"is_daily":false,"chose_seed":false,"campfire_upgraded":4,"win_rate":0,"timestamp":1546874884,"path_taken":["M","?","M","?","?","E","M","R","T","R","E","R","?","$","R","BOSS","M","?","?","?","M","R","E","R","T","M","$","M","R","M","R","BOSS"],"build_version":"2019-01-03v4","purchased_purges":2,"victory":false,"max_hp_per_floor":[71,71,71,71,71,71,76,76,76,76,76,76,76,76,76,76,76,76,76,76,76,76,76,76,76,76,76,76,76,76,76,76,76],"card_choices":[{"not_picked":["BootSequence","Hologram"],"picked":"Beam Cell","floor":1.0},{"not_picked":["Compile Driver","Streamline"],"picked":"Sunder","floor":3.0},{"not_picked":["Coolheaded","Seek"],"picked":"Streamline","floor":4.0},{"not_picked":["Redo","Scrape","Reprogram"],"picked":"SKIP","floor":6.0},{"not_picked":["Tempest","BootSequence"],"picked":"Leap","floor":7.0},{"not_picked":["Recycle","Chill"],"picked":"Skim","floor":11.0},{"not_picked":["Multi-Cast","Thunder Strike"],"picked":"Creative AI","floor":16.0},{"not_picked":["Redo","Rebound","Stack"],"picked":"SKIP","floor":18.0},{"not_picked":["Redo","Sweeping Beam","Steam+1"],"picked":"SKIP","floor":21.0},{"not_picked":["Conserve Battery","Darkness"],"picked":"BootSequence","floor":22.0},{"not_picked":["Loop","Go for the Eyes","Blizzard"],"picked":"SKIP","floor":24.0},{"not_picked":["Hello World","Coolheaded","Reinforced Body"],"picked":"SKIP","floor":27.0},{"not_picked":["Barrage","Gash","Streamline"],"picked":"SKIP","floor":29.0},{"not_picked":["Doom and Gloom","Redo"],"picked":"Double Energy","floor":31.0}],"player_experience":4007575,"relics_obtained":[{"floor":6.0,"key":"Du-Vu Doll"},{"floor":9.0,"key":"Pocketwatch"},{"floor":11.0,"key":"Shovel"},{"floor":23.0,"key":"Ginger"},{"floor":30.0,"key":"Oddly Smooth Stone"},{"floor":32.0,"key":"Mercury Hourglass"}],"event_choices":[{"cards_removed":["Strike_B"],"damage_healed":0.0,"max_hp_gain":0.0,"max_hp_loss":0.0,"gold_gain":0.0,"event_name":"Golden Wing","player_choice":"Card Removal","floor":5.0,"gold_loss":0.0,"damage_taken":7.0},{"damage_healed":0.0,"max_hp_gain":0.0,"max_hp_loss":0.0,"gold_gain":0.0,"event_name":"Shining Light","player_choice":"Entered Light","floor":13.0,"gold_loss":0.0,"damage_taken":23.0,"cards_upgraded":["Strike_B","Defend_B"]},{"cards_removed":["Strike_B"],"damage_healed":0.0,"max_hp_gain":0.0,"max_hp_loss":0.0,"gold_gain":0.0,"event_name":"Back to Basics","player_choice":"Elegance","floor":19.0,"gold_loss":0.0,"damage_taken":0.0},{"damage_healed":0.0,"max_hp_gain":0.0,"max_hp_loss":0.0,"gold_gain":0.0,"event_name":"WeMeetAgain","player_choice":"Gave Potion","floor":20.0,"gold_loss":0.0,"damage_taken":0.0,"relics_obtained":["Vajra"]}],"is_beta":false,"boss_relics":[{"not_picked":["Runic Pyramid","Runic Dome"],"picked":"Coffee Dripper"}],"items_purged_floors":[2,14],"is_endless":false,"potions_floor_spawned":[1,3,4,6,7,11,16,18,21,22,24,27,29,31],"killed_by":"Automaton","ascension_level":20}