{"gold_per_floor":[113,129,129,304,14,46,11,11,11,28,28,46,66,91,91,195,195,210,229,156,256,130,155,155,183,230,249,249,261,261,261,261,358,358,378,388,338,356,356,388,388,421,421,449,399,399,425,37,37,37],"floor_reached":50,"playtime":4886,"items_purged":["Doubt","Defend_B","Strike_B+1","Zap","Sunder+1","Conserve Battery+1"],"score":1006,"play_id":"856d98dd-7d9c-46cc-80e5-4d5d40b8b8aa","local_time":"20190120151741","is_ascension_mode":true,"campfire_choices":[{"floor":11.0,"key":"REST"},{"data":"Glacier","floor":15.0,"key":"SMITH"},{"data":"Go for the Eyes","floor":24.0,"key":"SMITH"},{"floor":30.0,"key":"REST"},{"floor":32.0,"key":"REST"},{"data":"Rainbow","floor":41.0,"key":"SMITH"},{"floor":49.0,"key":"REST"}],"neow_cost":"TEN_PERCENT_HP_LOSS","seed_source_timestamp":154480966956642,"circlet_count":0,"master_deck":["AscendersBane","Dualcast","Coolheaded+1","Go for the Eyes+1","Self Repair","Compile Driver","Reinforced Body","Creative AI+1","Glacier+1","Ball Lightning","Biased Cognition+1","Defragment+1","BootSequence+1","Loop+1","Double Energy","Chaos+1","Rainbow+1","Rebound","Heatsinks+1","Coolheaded+1","Fission","Chill+1","Cold Snap"],"special_seed":0,"relics":["Cracked Core","Art of War","Anchor","Frozen Egg 2","Smiling Mask","Astrolabe","Ice Cream","Ornamental Fan","Pear","Kunai","Orichalcum","White Beast Statue","Darkstone Periapt","Pen Nib","Symbiotic Virus","Dream Catcher","Du-Vu Doll","Meat on the Bone","Thread and Needle"],"potions_floor_usage":[50,50],"damage_taken":[{"damage":4.0,"enemies":"Cultist","floor":1.0,"turns":5.0},{"damage":6.0,"enemies":"Small Slimes","floor":2.0,"turns":4.0},{"damage":42.0,"enemies":"3 Sentries","floor":6.0,"turns":9.0},{"damage":0.0,"enemies":"Jaw Worm","floor":10.0,"turns":3.0},{"damage":1.0,"enemies":"Exordium Thugs","floor":12.0,"turns":5.0},{"damage":0.0,"enemies":"Blue Slaver","floor":13.0,"turns":5.0},{"damage":9.0,"enemies":"Lagavulin","floor":14.0,"turns":9.0},{"damage":13.0,"enemies":"Slime Boss","floor":16.0,"turns":11.0},{"damage":31.0,"enemies":"3 Byrds","floor":18.0,"turns":5.0},{"damage":0.0,"enemies":"Chosen","floor":19.0,"turns":4.0},{"damage":5.0,"enemies":"Colosseum Slavers","floor":21.0,"turns":5.0},{"damage":8.0,"enemies":"Colosseum Nobs","floor":21.0,"turns":6.0},{"damage":10.0,"enemies":"Slavers","floor":23.0,"turns":7.0},{"damage":28.0,"enemies":"Book of Stabbing","floor":25.0,"turns":5.0},{"damage":12.0,"enemies":"Snake Plant","floor":27.0,"turns":4.0},{"damage":0.0,"enemies":"3 Cultists","floor":29.0,"turns":4.0},{"damage":22.0,"enemies":"Collector","floor":33.0,"turns":12.0},{"damage":12.0,"enemies":"3 Darklings","floor":35.0,"turns":7.0},{"damage":8.0,"enemies":"Orb Walker","floor":36.0,"turns":5.0},{"damage":0.0,"enemies":"Maw","floor":38.0,"turns":7.0},{"damage":35.0,"enemies":"Giant Head","floor":40.0,"turns":11.0},{"damage":28.0,"enemies":"Nemesis","floor":42.0,"turns":11.0},{"damage":0.0,"enemies":"Giant Head","floor":44.0,"turns":12.0},{"damage":5.0,"enemies":"Nemesis","floor":47.0,"turns":11.0},{"damage":62,"enemies":"Awakened One","floor":50,"turns":9}],"seed_played":"-1992028330393065067","potions_obtained":[{"floor":1.0,"key":"Strength Potion"},{"floor":12.0,"key":"Dexterity Potion"},{"floor":16.0,"key":"SkillPotion"},{"floor":19.0,"key":"Explosive Potion"},{"floor":23.0,"key":"SkillPotion"},{"floor":25.0,"key":"Ancient Potion"},{"floor":40.0,"key":"Ancient Potion"}],"is_trial":false,"path_per_floor":["M","M","?","?","$","E","?","?","T","M","R","M","M","E","R","B",null,"M","M","$","?","$","E","R","E","T","M","?","M","R","?","R","B",null,"M","M","$","M","T","E","R","E","T","E","$","?","E","$","R","B"],"character_chosen":"DEFECT","items_purchased":["Art of War","Self Repair","Leap","Loop+1","Thread and Needle","Cold Snap"],"campfire_rested":4,"item_purchase_floors":[5,5,20,22,48,48],"current_hp_per_floor":[64,58,51,51,51,16,33,19,19,26,46,52,59,57,57,51,64,40,47,47,41,41,48,48,20,20,8,8,8,31,31,54,39,68,63,62,62,69,69,41,41,27,27,34,34,34,36,36,59,0],"gold":37,"neow_bonus":"REMOVE_TWO","is_prod":false,"is_daily":false,"chose_seed":false,"campfire_upgraded":3,"win_rate":0,"timestamp":1548015461,"path_taken":["M","M","?","?","$","E","?","?","T","M","R","M","?","E","R","BOSS","M","M","$","?","$","E","R","E","T","M","?","M","R","?","R","BOSS","M","M","$","M","?","E","R","E","T","E","$","?","E","$","R","BOSS"],"build_version":"2019-01-17v2","purchased_purges":6,"victory":false,"max_hp_per_floor":[68,68,68,68,68,68,68,68,68,68,68,68,68,68,68,68,68,68,68,68,68,68,78,78,78,78,78,78,78,78,78,78,78,78,78,78,78,78,78,78,78,78,78,78,78,78,78,78,78,78],"card_choices":[{"not_picked":["Steam Power","Go for the Eyes"],"picked":"Coolheaded","floor":1.0},{"not_picked":["Force Field","Redo"],"picked":"Go for the Eyes","floor":2.0},{"not_picked":["Turbo","Streamline"],"picked":"Compile Driver","floor":6.0},{"not_picked":["Coolheaded","Compile Driver"],"picked":"Reinforced Body","floor":10.0},{"not_picked":["Compile Driver","Turbo"],"picked":"Creative AI+1","floor":12.0},{"not_picked":["Cold Snap","Sweeping Beam"],"picked":"Glacier","floor":13.0},{"not_picked":["Steam","Recycle"],"picked":"Ball Lightning","floor":14.0},{"not_picked":["Seek","All For One"],"picked":"Biased Cognition+1","floor":16.0},{"not_picked":["Redo+1","Go for the Eyes"],"picked":"BootSequence+1","floor":18.0},{"not_picked":["Cold Snap","Conserve Battery","Recycle"],"picked":"SKIP","floor":19.0},{"not_picked":["Barrage","Gash+1"],"picked":"Double Energy","floor":23.0},{"not_picked":["Gash","Rebound","Scrape"],"picked":"SKIP","floor":25.0},{"not_picked":["Coolheaded","Ball Lightning"],"picked":"Chaos","floor":27.0},{"not_picked":["Rebound","Sweeping Beam","Conserve Battery"],"picked":"SKIP","floor":29.0},{"not_picked":["Hyperbeam","Thunder Strike"],"picked":"Rainbow","floor":33.0},{"not_picked":["Sweeping Beam","Streamline"],"picked":"Rebound","floor":35.0},{"not_picked":["White Noise","Auto Shields"],"picked":"Heatsinks+1","floor":36.0},{"not_picked":["Sweeping Beam+1","Compile Driver"],"picked":"Coolheaded+1","floor":38.0},{"not_picked":["Hyperbeam","Coolheaded","Heatsinks+1"],"picked":"SKIP","floor":40.0},{"not_picked":["Steam","Loop+1"],"picked":"Fission","floor":42.0},{"not_picked":["Steam Power","Coolheaded","Go for the Eyes+1"],"picked":"SKIP","floor":44.0},{"not_picked":["Stack+1","Hologram+1"],"picked":"Chill+1","floor":47.0}],"player_experience":450291,"relics_obtained":[{"floor":6.0,"key":"Anchor"},{"floor":9.0,"key":"Frozen Egg 2"},{"floor":14.0,"key":"Smiling Mask"},{"floor":21.0,"key":"Ice Cream"},{"floor":21.0,"key":"Ornamental Fan"},{"floor":23.0,"key":"Pear"},{"floor":25.0,"key":"Kunai"},{"floor":26.0,"key":"Orichalcum"},{"floor":39.0,"key":"Darkstone Periapt"},{"floor":40.0,"key":"Pen Nib"},{"floor":42.0,"key":"Symbiotic Virus"},{"floor":43.0,"key":"Dream Catcher"},{"floor":44.0,"key":"Du-Vu Doll"},{"floor":47.0,"key":"Meat on the Bone"}],"event_choices":[{"cards_removed":["Strike_B"],"damage_healed":0.0,"max_hp_gain":0.0,"max_hp_loss":0.0,"gold_gain":0.0,"event_name":"Golden Wing","player_choice":"Card Removal","floor":3.0,"gold_loss":0.0,"damage_taken":7.0},{"damage_healed":0.0,"max_hp_gain":0.0,"max_hp_loss":0.0,"gold_gain":175.0,"event_name":"Liars Game","player_choice":"AGREE","floor":4.0,"gold_loss":0.0,"damage_taken":0.0,"cards_obtained":["Doubt"]},{"damage_healed":17.0,"max_hp_gain":0.0,"max_hp_loss":0.0,"gold_gain":0.0,"event_name":"The Cleric","player_choice":"Healed","floor":7.0,"gold_loss":35.0,"damage_taken":0.0},{"damage_healed":0.0,"max_hp_gain":0.0,"max_hp_loss":0.0,"gold_gain":0.0,"event_name":"Shining Light","player_choice":"Entered Light","floor":8.0,"gold_loss":0.0,"damage_taken":14.0,"cards_upgraded":["Strike_B","Coolheaded"]},{"damage_healed":0.0,"max_hp_gain":0.0,"max_hp_loss":0.0,"gold_gain":0.0,"event_name":"Colosseum","player_choice":"Fight","floor":21.0,"gold_loss":0.0,"damage_taken":0.0},{"damage_healed":0.0,"max_hp_gain":0.0,"max_hp_loss":0.0,"gold_gain":0.0,"event_name":"Colosseum","player_choice":"Fought Nobs","floor":21.0,"gold_loss":0.0,"damage_taken":0.0},{"damage_healed":0.0,"max_hp_gain":0.0,"max_hp_loss":0.0,"gold_gain":0.0,"event_name":"Cursed Tome","player_choice":"Ignored","floor":28.0,"gold_loss":0.0,"damage_taken":0.0},{"damage_healed":0.0,"max_hp_gain":0.0,"max_hp_loss":0.0,"gold_gain":0.0,"event_name":"Accursed Blacksmith","player_choice":"Forge","floor":31.0,"gold_loss":0.0,"damage_taken":0.0,"cards_upgraded":["Chaos"]},{"cards_removed":["Leap"],"damage_healed":0.0,"max_hp_gain":0.0,"max_hp_loss":0.0,"gold_gain":0.0,"event_name":"Purifier","player_choice":"Purged","floor":46.0,"gold_loss":0.0,"damage_taken":0.0}],"is_beta":false,"boss_relics":[{"not_picked":["Sozu","Ectoplasm"],"picked":"Astrolabe"},{"not_picked":["Black Star","Runic Dome"],"picked":"White Beast Statue"}],"items_purged_floors":[5,20,22,37,45,48],"is_endless":false,"potions_floor_spawned":[1,12,16,19,21,23,25,35,36,38,40,42,44,47],"killed_by":"Awakened One","ascension_level":12}