{"gold_per_floor":[117,131,53,66,86,119,119,139,209,209,226,246,273,273,273,368,368,334,354,381,381,152,152,166,166,216,216,216,216,227,227,227,227],"floor_reached":33,"playtime":2500,"items_purged":["Strike_B"],"score":257,"play_id":"afc07929-f5fb-4c06-b117-6f04d77b75cb","local_time":"20190210234806","is_ascension_mode":false,"campfire_choices":[{"floor":7.0,"key":"REST"},{"data":"Chill","floor":10.0,"key":"SMITH"},{"floor":15.0,"key":"REST"},{"floor":23.0,"key":"REST"},{"floor":25.0,"key":"REST"},{"floor":29.0,"key":"REST"},{"floor":32.0,"key":"REST"}],"neow_cost":"NONE","seed_source_timestamp":0,"circlet_count":0,"master_deck":["Strike_B","Defend_B","Defend_B","Defend_B","Defend_B","Zap","Dualcast","Coolheaded","Ball Lightning","Capacitor+1","Capacitor+1","Hologram","Chill+1","Self Repair","BootSequence","Skim","Leap","Defragment","Seek","Double Energy","Electrodynamics","Self Repair"],"special_seed":0,"relics":["Cracked Core","Question Card","Pantograph","Ice Cream","Nuclear Battery","Red Mask","Blood Vial"],"potions_floor_usage":[33,33],"damage_taken":[{"damage":0.0,"enemies":"Cultist","floor":1.0,"turns":4.0},{"damage":0.0,"enemies":"Small Slimes","floor":2.0,"turns":3.0},{"damage":2.0,"enemies":"2 Louse","floor":4.0,"turns":4.0},{"damage":6.0,"enemies":"2 Fungi Beasts","floor":5.0,"turns":5.0},{"damage":35.0,"enemies":"Gremlin Nob","floor":6.0,"turns":5.0},{"damage":12.0,"enemies":"Large Slime","floor":8.0,"turns":8.0},{"damage":16.0,"enemies":"3 Louse","floor":11.0,"turns":4.0},{"damage":9.0,"enemies":"2 Fungi Beasts","floor":12.0,"turns":5.0},{"damage":14.0,"enemies":"Lagavulin","floor":13.0,"turns":8.0},{"damage":46.0,"enemies":"Hexaghost","floor":16.0,"turns":16.0},{"damage":15.0,"enemies":"2 Thieves","floor":18.0,"turns":5.0},{"damage":14.0,"enemies":"Shell Parasite","floor":19.0,"turns":11.0},{"damage":51.0,"enemies":"Masked Bandits","floor":20.0,"turns":4.0},{"damage":15.0,"enemies":"Snake Plant","floor":24.0,"turns":6.0},{"damage":14.0,"enemies":"Snecko","floor":30.0,"turns":7.0},{"damage":85,"enemies":"Collector","floor":33,"turns":8}],"seed_played":"6011069529661506186","potions_obtained":[{"floor":2.0,"key":"Ancient Potion"},{"floor":4.0,"key":"Block Potion"},{"floor":5.0,"key":"Explosive Potion"},{"floor":8.0,"key":"AttackPotion"},{"floor":16.0,"key":"SkillPotion"},{"floor":18.0,"key":"Fire Potion"},{"floor":19.0,"key":"FocusPotion"},{"floor":20.0,"key":"GamblersBrew"}],"is_trial":false,"path_per_floor":["M","M","$","M","M","E","R","M","T","R","M","M","E","?","R","B",null,"M","M","?","?","$","R","M","R","T","?","?","R","M","?","R","B"],"character_chosen":"DEFECT","items_purchased":["Capacitor","Seek"],"campfire_rested":6,"item_purchase_floors":[3,22],"current_hp_per_floor":[75,75,75,73,67,32,54,42,42,42,26,24,17,2,24,10,75,67,60,9,9,9,31,23,45,45,31,31,55,57,41,65,0],"gold":227,"neow_bonus":"REMOVE_CARD","is_prod":false,"is_daily":false,"chose_seed":false,"campfire_upgraded":1,"win_rate":0.0,"timestamp":1549810086,"path_taken":["M","M","$","M","M","E","R","?","T","R","M","M","E","?","R","BOSS","M","M","?","?","$","R","M","R","T","?","?","R","M","?","R","BOSS"],"build_version":"2019-01-23","purchased_purges":1,"victory":false,"max_hp_per_floor":[75,75,75,75,75,75,75,75,75,75,75,75,75,75,75,75,75,75,75,75,75,75,75,75,75,75,80,80,80,80,80,80,80],"card_choices":[{"not_picked":["Compile Driver","Rebound"],"picked":"Coolheaded","floor":1.0},{"not_picked":["Streamline","FTL"],"picked":"Ball Lightning","floor":2.0},{"not_picked":["Ball Lightning","Rebound"],"picked":"Capacitor","floor":4.0},{"not_picked":["Ball Lightning","Scrape","Rip and Tear"],"picked":"SKIP","floor":5.0},{"not_picked":["Compile Driver","Ball Lightning"],"picked":"Hologram","floor":6.0},{"not_picked":["Double Energy","Steam","Leap"],"picked":"Chill","floor":8.0},{"not_picked":["Static Discharge","Rebound","Conserve Battery"],"picked":"Self Repair","floor":11.0},{"not_picked":["Gash","Compile Driver","Streamline"],"picked":"BootSequence","floor":12.0},{"not_picked":["Chaos","Rainbow","Beam Cell"],"picked":"Skim","floor":13.0},{"not_picked":["Amplify","Fission","Reboot"],"picked":"Creative AI","floor":16.0},{"not_picked":["Gash+1","Redo","Steam Power+1"],"picked":"Leap","floor":18.0},{"not_picked":["Ball Lightning","Steam","Gash","Go for the Eyes"],"picked":"SKIP","floor":19.0},{"not_picked":["Gash","Streamline","Genetic Algorithm"],"picked":"Defragment","floor":20.0},{"not_picked":["Multi-Cast","Hello World","Turbo"],"picked":"Double Energy","floor":24.0},{"not_picked":["Redo","Leap+1","Go for the Eyes","Darkness"],"picked":"SKIP","floor":30.0}],"player_experience":28427,"relics_obtained":[{"floor":6.0,"key":"Question Card"},{"floor":9.0,"key":"Pantograph"},{"floor":13.0,"key":"Ice Cream"},{"floor":20.0,"key":"Red Mask"},{"floor":26.0,"key":"Blood Vial"}],"event_choices":[{"damage_healed":0.0,"max_hp_gain":0.0,"max_hp_loss":0.0,"gold_gain":0.0,"event_name":"Shining Light","player_choice":"Entered Light","floor":14.0,"gold_loss":0.0,"damage_taken":15.0,"cards_upgraded":["Capacitor","Capacitor"]},{"damage_healed":0.0,"max_hp_gain":0.0,"max_hp_loss":0.0,"gold_gain":0.0,"event_name":"Masked Bandits","player_choice":"Fought Bandits","floor":20.0,"gold_loss":0.0,"damage_taken":0.0},{"damage_healed":0.0,"max_hp_gain":0.0,"max_hp_loss":0.0,"gold_gain":0.0,"event_name":"Ghosts","player_choice":"Ignored","floor":21.0,"gold_loss":0.0,"damage_taken":0.0},{"damage_healed":0.0,"max_hp_gain":5.0,"max_hp_loss":0.0,"gold_gain":0.0,"event_name":"Forgotten Altar","player_choice":"Shed Blood","floor":27.0,"gold_loss":0.0,"damage_taken":19.0},{"damage_healed":0.0,"max_hp_gain":0.0,"max_hp_loss":0.0,"gold_gain":0.0,"cards_transformed":["Creative AI","Strike_B"],"event_name":"Drug Dealer","player_choice":"Became Test Subject","floor":28.0,"gold_loss":0.0,"damage_taken":0.0,"cards_obtained":["Electrodynamics","Self Repair"]},{"damage_healed":0.0,"max_hp_gain":0.0,"max_hp_loss":0.0,"gold_gain":0.0,"event_name":"Cursed Tome","player_choice":"Obtained Book","floor":31.0,"gold_loss":0.0,"damage_taken":16.0}],"is_beta":false,"boss_relics":[{"not_picked":["Fusion Hammer","Philosopher\u0027s Stone"],"picked":"Nuclear Battery"}],"items_purged_floors":[22],"is_endless":false,"potions_floor_spawned":[2,4,5,8,16,18,19,20],"killed_by":"Collector","ascension_level":0}