{"gold_per_floor":[117,130,130,130,95,130,22,22,22,45,59,59,59,90,90,210,210,225,585,604,629,648,648,664,700,700,700,289,325,43,66,66,194,194,209,227,1226,1250,1270,1310,1310,1643,1643,1643,996,1011,500,527,527,527,527,527,13,38,38],"floor_reached":56,"playtime":2101,"items_purged":["Normality","Normality"],"score":1415,"play_id":"7bb0b3a6-dc17-417e-b9d7-6c1c7779240b","local_time":"20190101011250","is_ascension_mode":false,"campfire_choices":[{"data":"Perfected Strike","floor":13.0,"key":"SMITH"},{"data":"Perfected Strike","floor":15.0,"key":"SMITH"},{"data":"Demon Form","floor":23.0,"key":"SMITH"},{"data":"Fire Breathing","floor":27.0,"key":"SMITH"},{"data":"Bash","floor":32.0,"key":"SMITH"},{"floor":41.0,"key":"RECALL"},{"data":"Reaper","floor":49.0,"key":"SMITH"},{"data":"Second Wind","floor":52.0,"key":"SMITH"}],"neow_cost":"PERCENT_DAMAGE","seed_source_timestamp":33858865265795,"circlet_count":0,"master_deck":["Strike_R","Strike_R+1","Strike_R","Strike_R","Strike_R","Defend_R","Defend_R+1","Defend_R","Bash+1","Perfected Strike+1","Wild Strike","Offering","Perfected Strike+1","Shrug It Off","Headbutt","Twin Strike","Infernal Blade","Reaper+1","Twin Strike","Second Wind+1","Demon Form+1","Warcry+1","Fire Breathing+1","Wild Strike+1","PanicButton","Clash+1","Barricade","Seeing Red","Warcry+1","Entrench+1","Feel No Pain","Perfected Strike+1","Offering","Dark Shackles","Ghostly Armor","Apotheosis","Discovery"],"special_seed":0,"relics":["Burning Blood","Charon\u0027s Ashes","Orichalcum","Bottled Lightning","Bronze Scales","Mark of Pain","Red Mask","Molten Egg 2","PreservedInsect","Art of War","Bag of Marbles","Coffee Dripper","Pen Nib","Incense Burner","Mercury Hourglass","HandDrill","Paper Frog","Anchor","MealTicket","Calipers","Membership Card","Strawberry","Shuriken"],"potions_floor_usage":[55,55,55],"damage_taken":[{"damage":0.0,"enemies":"Small Slimes","floor":1.0,"turns":3.0},{"damage":0.0,"enemies":"Jaw Worm","floor":2.0,"turns":4.0},{"damage":36.0,"enemies":"Lagavulin","floor":6.0,"turns":6.0},{"damage":0.0,"enemies":"2 Louse","floor":10.0,"turns":2.0},{"damage":0.0,"enemies":"2 Fungi Beasts","floor":11.0,"turns":2.0},{"damage":6.0,"enemies":"Gremlin Nob","floor":14.0,"turns":2.0},{"damage":16.0,"enemies":"Slime Boss","floor":16.0,"turns":6.0},{"damage":6.0,"enemies":"Spheric Guardian","floor":18.0,"turns":1.0},{"damage":6.0,"enemies":"2 Thieves","floor":20.0,"turns":2.0},{"damage":6.0,"enemies":"Shelled Parasite and Fungi","floor":21.0,"turns":2.0},{"damage":9.0,"enemies":"Sentry and Sphere","floor":22.0,"turns":3.0},{"damage":8.0,"enemies":"Centurion and Healer","floor":24.0,"turns":3.0},{"damage":6.0,"enemies":"Masked Bandits","floor":25.0,"turns":2.0},{"damage":6.0,"enemies":"Gremlin Leader","floor":29.0,"turns":2.0},{"damage":8.0,"enemies":"Snecko","floor":31.0,"turns":3.0},{"damage":26.0,"enemies":"Collector","floor":33.0,"turns":5.0},{"damage":0.0,"enemies":"Orb Walker","floor":35.0,"turns":1.0},{"damage":6.0,"enemies":"3 Shapes","floor":36.0,"turns":1.0},{"damage":10.0,"enemies":"Sphere and 2 Shapes","floor":38.0,"turns":1.0},{"damage":7.0,"enemies":"Writhing Mass","floor":39.0,"turns":2.0},{"damage":33.0,"enemies":"Nemesis","floor":40.0,"turns":5.0},{"damage":28.0,"enemies":"Maw","floor":46.0,"turns":6.0},{"damage":6.0,"enemies":"Reptomancer","floor":48.0,"turns":1.0},{"damage":49.0,"enemies":"Time Eater","floor":50.0,"turns":9.0},{"damage":11.0,"enemies":"Shield and Spear","floor":54.0,"turns":5.0},{"damage":87,"enemies":"The Heart","floor":55,"turns":11}],"seed_played":"-5449413017785833984","potions_obtained":[{"floor":2.0,"key":"Ancient Potion"},{"floor":10.0,"key":"SmokeBomb"},{"floor":16.0,"key":"AttackPotion"},{"floor":18.0,"key":"GamblersBrew"},{"floor":24.0,"key":"Energy Potion"},{"floor":25.0,"key":"Fire Potion"},{"floor":31.0,"key":"GamblersBrew"},{"floor":35.0,"key":"Block Potion"},{"floor":39.0,"key":"Swift Potion"}],"is_trial":false,"path_per_floor":["M","M","?","?","?","E","$","?","T","M","M","$","R","E","R","B",null,"M","?","M","M","M","R","M","?","T","R","$","E","$","M","R","B",null,"M","M","?","M","M","E","R","?","T","T","$","M","$","E","R","B",null,"R","$","E","B",null],"character_chosen":"IRONCLAD","items_purchased":["Perfected Strike","Shrug It Off","Molten Egg 2","PreservedInsect","Wild Strike+1","Bag of Marbles","PanicButton","HandDrill","Paper Frog","Anchor","Perfected Strike+1","Offering","MealTicket","Dark Shackles","Membership Card","Apotheosis","Strawberry","SteroidPotion","LiquidBronze","Discovery"],"campfire_rested":0,"item_purchase_floors":[7,7,28,28,30,30,30,45,45,45,45,47,47,47,53,53,53,53,53,53],"current_hp_per_floor":[62,68,48,32,52,22,22,22,22,28,34,34,34,34,34,24,80,80,40,40,40,43,43,45,57,57,57,57,57,57,61,61,41,80,80,80,80,76,75,63,63,63,63,63,63,61,61,61,61,18,80,80,87,82,11],"gold":38,"neow_bonus":"ONE_RARE_RELIC","is_prod":false,"is_daily":false,"chose_seed":false,"campfire_upgraded":7,"win_rate":0,"timestamp":1546272770,"path_taken":["M","M","?","?","?","E","?","?","T","M","?","$","R","E","R","BOSS","M","?","M","M","M","R","?","?","T","R","$","E","$","M","R","BOSS","M","M","?","M","M","E","R","?","T","?","$","?","$","E","R","BOSS","R","$","E","BOSS"],"build_version":"2018-12-20","purchased_purges":2,"victory":true,"max_hp_per_floor":[80,80,80,80,80,80,80,80,80,80,80,80,80,80,80,80,80,80,80,80,80,80,80,80,80,80,80,80,80,80,80,80,80,80,80,80,80,80,80,80,80,80,80,80,80,80,80,80,80,80,80,80,87,87,87],"card_choices":[{"not_picked":["Twin Strike","Sword Boomerang"],"picked":"Perfected Strike","floor":1.0},{"not_picked":["Sword Boomerang","Hemokinesis"],"picked":"Wild Strike","floor":2.0},{"not_picked":["Body Slam","True Grit"],"picked":"Offering","floor":6.0},{"not_picked":["Warcry","Limit Break"],"picked":"Headbutt","floor":10.0},{"not_picked":["Cleave","Whirlwind"],"picked":"Twin Strike","floor":11.0},{"not_picked":["Flame Barrier","Spot Weakness"],"picked":"Infernal Blade","floor":14.0},{"not_picked":["Demon Form","Limit Break"],"picked":"Reaper","floor":16.0},{"not_picked":["Sentinel+1","Shrug It Off"],"picked":"Twin Strike","floor":18.0},{"not_picked":["Havoc","Whirlwind"],"picked":"Second Wind","floor":20.0},{"not_picked":["Bloodletting","Flex"],"picked":"Demon Form","floor":21.0},{"not_picked":["Armaments","Metallicize+1","Sever Soul"],"picked":"SKIP","floor":22.0},{"not_picked":["Anger","Spot Weakness"],"picked":"Warcry+1","floor":24.0},{"not_picked":["Spot Weakness","Sever Soul"],"picked":"Fire Breathing","floor":25.0},{"not_picked":["Armaments+1","True Grit","Headbutt+1"],"picked":"SKIP","floor":29.0},{"not_picked":["Dropkick+1","Warcry+1"],"picked":"Clash+1","floor":31.0},{"not_picked":["Bludgeon+1","Fiend Fire+1"],"picked":"Barricade","floor":33.0},{"not_picked":["Corruption","Fire Breathing"],"picked":"Seeing Red","floor":35.0},{"not_picked":["Cleave+1","Armaments+1","Havoc"],"picked":"SKIP","floor":36.0},{"not_picked":["Rupture","Armaments+1"],"picked":"Warcry+1","floor":38.0},{"not_picked":["Flex","Clothesline+1"],"picked":"Entrench+1","floor":39.0},{"not_picked":["Flex+1","Searing Blow+1"],"picked":"Feel No Pain","floor":40.0},{"not_picked":["Iron Wave+1","Body Slam+1","Havoc+1"],"picked":"SKIP","floor":46.0},{"not_picked":["Clash+1","Anger+1"],"picked":"Ghostly Armor","floor":48.0},{"not_picked":["Brutality","Carnage+1","Anger+1"],"picked":"SKIP","floor":54.0}],"player_experience":3947148,"relics_obtained":[{"floor":6.0,"key":"Orichalcum"},{"floor":9.0,"key":"Bottled Lightning"},{"floor":14.0,"key":"Bronze Scales"},{"floor":25.0,"key":"Red Mask"},{"floor":29.0,"key":"Art of War"},{"floor":40.0,"key":"Pen Nib"},{"floor":43.0,"key":"Incense Burner"},{"floor":44.0,"key":"Mercury Hourglass"},{"floor":48.0,"key":"Calipers"},{"floor":54.0,"key":"Shuriken"}],"event_choices":[{"damage_healed":0.0,"max_hp_gain":0.0,"max_hp_loss":0.0,"gold_gain":0.0,"event_name":"Golden Idol","player_choice":"Take Damage","floor":3.0,"gold_loss":0.0,"damage_taken":20.0,"relics_obtained":["Golden Idol"]},{"damage_healed":0.0,"max_hp_gain":0.0,"max_hp_loss":0.0,"gold_gain":0.0,"event_name":"Shining Light","player_choice":"Entered Light","floor":4.0,"gold_loss":0.0,"damage_taken":16.0,"cards_upgraded":["Defend_R","Strike_R"]},{"damage_healed":20.0,"max_hp_gain":0.0,"max_hp_loss":0.0,"gold_gain":0.0,"event_name":"The Cleric","player_choice":"Healed","floor":5.0,"gold_loss":35.0,"damage_taken":0.0},{"cards_removed":["Defend_R"],"damage_healed":0.0,"max_hp_gain":0.0,"max_hp_loss":0.0,"gold_gain":0.0,"event_name":"Wheel of Change","player_choice":"Card Removal","floor":8.0,"gold_loss":0.0,"damage_taken":0.0},{"damage_healed":0.0,"max_hp_gain":0.0,"max_hp_loss":0.0,"gold_gain":360.0,"event_name":"Knowing Skull","player_choice":"GOLD GOLD GOLD GOLD ","floor":19.0,"potions_obtained":[],"gold_loss":0.0,"damage_taken":40.0,"cards_obtained":[]},{"damage_healed":0.0,"max_hp_gain":0.0,"max_hp_loss":0.0,"gold_gain":0.0,"event_name":"Masked Bandits","player_choice":"Fought Bandits","floor":25.0,"gold_loss":0.0,"damage_taken":0.0},{"damage_healed":0.0,"max_hp_gain":0.0,"max_hp_loss":0.0,"gold_gain":999.0,"event_name":"MindBloom","player_choice":"Gold","floor":37.0,"gold_loss":0.0,"damage_taken":0.0,"cards_obtained":["Normality","Normality"]},{"damage_healed":0.0,"max_hp_gain":0.0,"max_hp_loss":0.0,"gold_gain":333.0,"event_name":"The Moai Head","player_choice":"Gave Idol","floor":42.0,"relics_lost":["Golden Idol"],"gold_loss":0.0,"damage_taken":0.0}],"is_beta":false,"boss_relics":[{"not_picked":["Empty Cage","Runic Cube"],"picked":"Mark of Pain"},{"not_picked":["Eternal Feather","Fusion Hammer"],"picked":"Coffee Dripper"}],"items_purged_floors":[47,53],"is_endless":false,"potions_floor_spawned":[2,10,16,18,21,24,25,31,35,36,39,40],"ascension_level":0}