{"gold_per_floor":[116,116,134,134,146,146,481,491,491,491,491],"floor_reached":11,"playtime":310,"items_purged":[],"score":146,"play_id":"87b0bf3e-20af-4c1e-bdca-6cbbbcdeb623","local_time":"20190323005503","is_ascension_mode":true,"campfire_choices":[{"floor":6,"key":"REST"},{"floor":10,"key":"REST"}],"neow_cost":"NONE","seed_source_timestamp":781657520768400,"circlet_count":0,"master_deck":["AscendersBane","Defend_G","Defend_G","Defend_G","Defend_G","Strike_G","Strike_G","Strike_G","Strike_G","Strike_G","Survivor","Neutralize","Underhanded Strike","Poisoned Stab","Poisoned Stab","Crippling Poison","Bane","Dodge and Roll","Acrobatics"],"relics":["Ring of the Snake","Dream Catcher","Old Coin"],"potions_floor_usage":[7,11,11],"damage_taken":[{"damage":8,"enemies":"Cultist","floor":1,"turns":6},{"damage":6,"enemies":"Small Slimes","floor":3,"turns":4},{"damage":0,"enemies":"Jaw Worm","floor":5,"turns":4},{"damage":30,"enemies":"3 Sentries","floor":7,"turns":9},{"damage":22,"enemies":"Exordium Thugs","floor":8,"turns":5},{"damage":42,"enemies":"Lagavulin","floor":11,"turns":8}],"seed_played":"-5475932305514449534","potions_obtained":[{"floor":3,"key":"Poison Potion"},{"floor":7,"key":"LiquidBronze"},{"floor":8,"key":"Weak Potion"}],"is_trial":false,"path_per_floor":["M","?","M","?","M","R","E","M","T","R","E"],"character_chosen":"THE_SILENT","items_purchased":[],"campfire_rested":2,"item_purchase_floors":[],"current_hp_per_floor":[51,56,50,39,39,60,30,8,8,29,0],"gold":491,"neow_bonus":"REMOVE_CARD","is_prod":false,"is_daily":false,"chose_seed":false,"campfire_upgraded":0,"win_rate":0,"timestamp":1553270103,"path_taken":["M","?","M","?","M","R","E","M","T","R","E"],"build_version":"2019-01-23","purchased_purges":0,"victory":false,"max_hp_per_floor":[66,71,71,71,71,71,71,71,71,71,71],"card_choices":[{"not_picked":["Deflect","Dodge and Roll"],"picked":"Underhanded Strike","floor":1},{"not_picked":["Prepared","Dodge and Roll"],"picked":"Poisoned Stab","floor":3},{"not_picked":["Deflect","Leg Sweep"],"picked":"Poisoned Stab","floor":5},{"not_picked":["Eviscerate","Phantasmal Killer"],"picked":"Crippling Poison","floor":6},{"not_picked":["Skewer","Endless Agony"],"picked":"Bane","floor":7},{"not_picked":["Escape Plan","Reflex"],"picked":"Dodge and Roll","floor":8},{"not_picked":["Flechettes","Quick Slash"],"picked":"Acrobatics","floor":10}],"player_experience":4589847,"relics_obtained":[{"floor":7,"key":"Old Coin"}],"event_choices":[{"damage_healed":0,"gold_gain":0,"player_choice":"Donut","damage_taken":0,"max_hp_gain":5,"max_hp_loss":0,"event_name":"Big Fish","floor":2,"gold_loss":0},{"damage_healed":0,"gold_gain":0,"player_choice":"Success","damage_taken":11,"relics_obtained":["Dream Catcher"],"max_hp_gain":0,"max_hp_loss":0,"event_name":"Scrap Ooze","floor":4,"gold_loss":0}],"is_beta":false,"boss_relics":[],"items_purged_floors":[],"is_endless":false,"potions_floor_spawned":[3,7,8],"killed_by":"Lagavulin","ascension_level":20}