{"gold_per_floor":[113,125,50,66,79,109,109,124,147,147,161,161,195,208,208,334,334,348,348,348,134,154,154,198,198,224,224,249,249,275,293,293,418,418,438,463,463,263,331,346,380,230,230,230,14,14,14,14],"floor_reached":49,"playtime":3345,"items_purged":["Strike_B","Defend_B","Hyperbeam+1","Redo"],"score":941,"play_id":"30250816-26c5-4263-b51c-91364e7f00ce","local_time":"20190108230301","is_ascension_mode":true,"campfire_choices":[{"data":"Sunder","floor":7.0,"key":"SMITH"},{"data":"Chaos","floor":15.0,"key":"SMITH"},{"floor":23,"key":"REST"},{"floor":25,"key":"REST"},{"floor":29,"key":"RECALL"},{"floor":32,"key":"REST"},{"floor":44,"key":"REST"}],"neow_cost":"TEN_PERCENT_HP_LOSS","seed_source_timestamp":1557988625272136,"circlet_count":0,"master_deck":["Dualcast+1","Sweeping Beam+1","Sunder+1","Conserve Battery+1","Conserve Battery+1","Seek+1","Hologram+1","Chaos+1","Streamline+1","Seek+1","Compile Driver+1","Ghostly+1","Ghostly+1","Ghostly+1","Ghostly+1","Ghostly+1","Capacitor+1","BootSequence+1","Consume+1","Chill+1","Chill+1","White Noise+1","Glacier+1","Seek+1","Biased Cognition+1","Amplify+1","Go for the Eyes+1","Loop+1","Madness+1","Madness+1","Capacitor+1","Coolheaded+1","Buffer+1","Rebound+1","Loop+1","Darkness+1"],"special_seed":0,"relics":["Cracked Core","Question Card","Bronze Scales","Golden Idol","Vajra","Fusion Hammer","Whetstone","Strawberry","Blood Vial","Astrolabe","Turnip","Orichalcum","The Courier","War Paint","Mark of the Bloom"],"potions_floor_usage":[33,36],"damage_taken":[{"damage":1.0,"enemies":"Cultist","floor":1.0,"turns":3.0},{"damage":0.0,"enemies":"2 Louse","floor":2.0,"turns":1.0},{"damage":2.0,"enemies":"Small Slimes","floor":4.0,"turns":2.0},{"damage":0.0,"enemies":"Exordium Thugs","floor":5.0,"turns":3.0},{"damage":23.0,"enemies":"Lagavulin","floor":6.0,"turns":6.0},{"damage":3.0,"enemies":"Blue Slaver","floor":8.0,"turns":4.0},{"damage":1.0,"enemies":"Lots of Slimes","floor":11.0,"turns":3.0},{"damage":0.0,"enemies":"3 Sentries","floor":13.0,"turns":3.0},{"damage":0.0,"enemies":"2 Fungi Beasts","floor":14.0,"turns":2.0},{"damage":12.0,"enemies":"Slime Boss","floor":16.0,"turns":9.0},{"damage":22.0,"enemies":"Shell Parasite","floor":18.0,"turns":5.0},{"damage":1.0,"enemies":"Chosen","floor":22.0,"turns":4.0},{"damage":6,"enemies":"Book of Stabbing","floor":24,"turns":5},{"damage":0,"enemies":"Sentry and Sphere","floor":28,"turns":4},{"damage":0,"enemies":"Snecko","floor":31,"turns":5},{"damage":29,"enemies":"Automaton","floor":33,"turns":11},{"damage":0,"enemies":"Orb Walker","floor":35,"turns":3},{"damage":1,"enemies":"3 Darklings","floor":36,"turns":5},{"damage":2,"enemies":"2 Orb Walkers","floor":39,"turns":6},{"damage":0,"enemies":"Transient","floor":40,"turns":5},{"damage":18,"enemies":"Nemesis","floor":41,"turns":13},{"damage":17,"enemies":"Awakened One","floor":48,"turns":10}],"seed_played":"610768883456122851","potions_obtained":[{"floor":1.0,"key":"Fire Potion"},{"floor":4.0,"key":"Regen Potion"},{"floor":6.0,"key":"SkillPotion"},{"floor":11.0,"key":"SteroidPotion"},{"floor":14.0,"key":"GamblersBrew"},{"floor":16.0,"key":"Fire Potion"},{"floor":31,"key":"SmokeBomb"},{"floor":33,"key":"Fire Potion"},{"floor":35,"key":"EssenceOfSteel"},{"floor":40,"key":"FearPotion"}],"is_trial":false,"path_per_floor":["M","M","$","M","M","E","R","M","T","?","M","?","E","M","R","B",null,"M","?","?","$","M","R","E","R","T","?","M","R","T","M","R","B",null,"M","M","?","$","?","M","E","$","T","R","$","?","?","B",null],"character_chosen":"DEFECT","items_purchased":["Capacitor","BootSequence","Capacitor","Loop","War Paint","Darkness"],"campfire_rested":4,"item_purchase_floors":[21,21,38,45,45,45],"current_hp_per_floor":[67,67,67,65,65,42,42,39,39,22,33,33,33,33,33,21,56,34,34,34,34,33,34,28,34,41,41,41,41,41,41,41,12,34,36,37,32,32,32,34,18,18,18,30,30,30,30,13],"gold":14,"neow_bonus":"TRANSFORM_TWO_CARDS","is_prod":false,"is_daily":false,"chose_seed":false,"campfire_upgraded":2,"win_rate":0,"timestamp":1547006581,"path_taken":["M","M","?","M","M","E","R","M","T","?","M","?","E","?","R","BOSS","M","?","?","$","M","R","E","R","T","?","M","R","?","?","R","BOSS","M","M","?","$","?","M","E","$","T","R","$","?","?","BOSS"],"build_version":"2019-01-03v4","purchased_purges":4,"victory":true,"max_hp_per_floor":[68,68,68,68,68,68,68,68,68,68,68,68,68,68,68,68,68,68,68,34,34,34,34,34,34,41,41,41,41,41,41,41,41,41,41,41,41,41,41,41,41,41,41,41,41,41,41,41],"card_choices":[{"not_picked":["Darkness","Gash"],"picked":"Sunder","floor":1.0},{"not_picked":["Steam","Reprogram","Steam Power"],"picked":"SKIP","floor":2.0},{"not_picked":["Redo","Compile Driver","Hello World"],"picked":"SKIP","floor":4.0},{"not_picked":["Stack","Redo"],"picked":"Conserve Battery","floor":5.0},{"not_picked":["Undo","Ball Lightning"],"picked":"Conserve Battery","floor":6.0},{"not_picked":["Redo","Lockon","Sweeping Beam"],"picked":"Seek","floor":8.0},{"not_picked":["Scrape","Streamline","Ball Lightning"],"picked":"Hologram","floor":11.0},{"not_picked":["Rebound","Heatsinks","Barrage"],"picked":"Chaos","floor":13.0},{"not_picked":["Melter","Stack","Compile Driver"],"picked":"Streamline","floor":14.0},{"not_picked":["Hyperbeam","Multi-Cast","Meteor Strike"],"picked":"Seek","floor":16.0},{"not_picked":["Hologram+1","Steam","Melter"],"picked":"Compile Driver+1","floor":18.0},{"not_picked":["Darkness","Chill","Barrage"],"picked":"Consume+1","floor":22},{"not_picked":["Darkness","Consume+1","Barrage"],"picked":"Chill","floor":22},{"not_picked":["Heatsinks","Compile Driver","Seek"],"picked":"Chill","floor":24},{"not_picked":["Stack","Barrage","Conserve Battery"],"picked":"White Noise+1","floor":28},{"not_picked":["Chill","Leap","Beam Cell"],"picked":"Glacier+1","floor":31},{"not_picked":["Hyperbeam","Multi-Cast","All For One"],"picked":"Seek","floor":33},{"not_picked":["Reprogram+1","Redo","Double Energy"],"picked":"Go for the Eyes+1","floor":35},{"not_picked":["Redo+1","Skim+1","Gash"],"picked":"Loop","floor":36},{"not_picked":["Genetic Algorithm+1","Redo+1","Rebound"],"picked":"Coolheaded+1","floor":39},{"not_picked":["Redo","Aggregate","Gash+1"],"picked":"Buffer","floor":40},{"not_picked":["Blizzard","Barrage","Compile Driver+1"],"picked":"Rebound+1","floor":41}],"player_experience":334961,"relics_obtained":[{"floor":6.0,"key":"Question Card"},{"floor":9.0,"key":"Bronze Scales"},{"floor":13.0,"key":"Vajra"},{"floor":24,"key":"Whetstone"},{"floor":26,"key":"Strawberry"},{"floor":30,"key":"Blood Vial"},{"floor":39,"key":"Turnip"},{"floor":41,"key":"Orichalcum"},{"floor":43,"key":"The Courier"}],"event_choices":[{"damage_healed":0.0,"max_hp_gain":0.0,"max_hp_loss":0.0,"gold_gain":0.0,"event_name":"Golden Idol","player_choice":"Take Damage","floor":10.0,"gold_loss":0.0,"damage_taken":17.0,"relics_obtained":["Golden Idol"]},{"cards_removed":["Defend_B"],"damage_healed":0.0,"max_hp_gain":0.0,"max_hp_loss":0.0,"gold_gain":0.0,"event_name":"Living Wall","player_choice":"Forget","floor":12.0,"gold_loss":0.0,"damage_taken":0.0},{"cards_removed":["Strike_B"],"damage_healed":0.0,"max_hp_gain":0.0,"max_hp_loss":0.0,"gold_gain":0.0,"event_name":"Back to Basics","player_choice":"Elegance","floor":19.0,"gold_loss":0.0,"damage_taken":0.0},{"damage_healed":0.0,"max_hp_gain":0.0,"max_hp_loss":34.0,"gold_gain":0.0,"event_name":"Ghosts","player_choice":"Became a Ghost","floor":20.0,"gold_loss":0.0,"damage_taken":0.0,"cards_obtained":["Ghostly","Ghostly","Ghostly","Ghostly","Ghostly"]},{"damage_healed":0,"gold_gain":0,"player_choice":"Ignored","damage_taken":0,"max_hp_gain":0,"max_hp_loss":0,"event_name":"The Mausoleum","floor":27,"gold_loss":0},{"damage_healed":0,"gold_gain":0,"player_choice":"Embrace Madness","damage_taken":5,"max_hp_gain":0,"max_hp_loss":0,"event_name":"Winding Halls","floor":37,"gold_loss":0,"cards_obtained":["Madness","Madness"]},{"damage_healed":0,"gold_gain":0,"player_choice":"Fight","damage_taken":0,"max_hp_gain":0,"max_hp_loss":0,"event_name":"Mysterious Sphere","floor":39,"gold_loss":0},{"damage_healed":0,"gold_gain":0,"player_choice":"Upgrade","damage_taken":0,"relics_obtained":["Mark of the Bloom"],"max_hp_gain":0,"max_hp_loss":0,"event_name":"MindBloom","floor":46,"gold_loss":0,"cards_upgraded":["Dualcast","Conserve Battery","Conserve Battery","Hologram","Seek","Ghostly","Ghostly","Ghostly","Ghostly","Capacitor","BootSequence","Chill","Chill","Seek","Loop","Madness","Madness","Capacitor","Buffer","Loop","Darkness"]},{"damage_healed":0,"gold_gain":0,"player_choice":"Took Portal","damage_taken":0,"max_hp_gain":0,"max_hp_loss":0,"event_name":"SecretPortal","floor":47,"gold_loss":0}],"is_beta":false,"boss_relics":[{"not_picked":["Velvet Choker","Inserter"],"picked":"Fusion Hammer"},{"not_picked":["Black Star","FrozenCore"],"picked":"Astrolabe"}],"items_purged_floors":[3,21,38,42],"is_endless":false,"potions_floor_spawned":[1,4,6,11,14,16,24,31,33,35,40,41],"ascension_level":5}