{"gold_per_floor":[114,88,104,104,179,179,179,194,194,194,225,236,251,251,261,261,358,358,373,391,8,107,141,141,152,152,152,152,77,77,92,92,117,117,219,219,230,230,230,27,249,259,66,66,66,66,66,101,112,112,132,132,132,132,132,2,34,34],"floor_reached":59,"playtime":3162,"items_purged":["Perfected Strike"],"score":1285,"play_id":"025fddf9-de86-4316-a79e-5b6e4b730a99","local_time":"20190223041133","is_ascension_mode":false,"campfire_choices":[{"data":"Armaments","floor":6,"key":"SMITH"},{"data":"Battle Trance","floor":14,"key":"SMITH"},{"data":"Battle Trance","floor":16,"key":"SMITH"},{"floor":24,"key":"RECALL"},{"data":"Hemokinesis","floor":26,"key":"SMITH"},{"data":"Offering","floor":34,"key":"SMITH"},{"data":"Feel No Pain","floor":44,"key":"SMITH"},{"data":"A Thousand Cuts","floor":50,"key":"SMITH"},{"data":"Double Tap","floor":52,"key":"SMITH"},{"data":"Berserk","floor":55,"key":"SMITH"}],"neow_cost":"NONE","seed_source_timestamp":738783651255800,"circlet_count":0,"master_deck":["True Grit","Pommel Strike","Infernal Blade","Sword Boomerang","Armaments+1","Flex","Second Wind","Feel No Pain+1","Battle Trance+1","Battle Trance+1","Shrug It Off","Rupture","Clash","Thunderclap","Wild Strike","Reaper","Offering+1","Armaments+1","Evolve+1","Exhume","Cleave","Hemokinesis+1","Twin Strike","Double Tap+1","Berserk+1","Parasite","Injury","Wild Strike","Madness","Madness","Reaper","Fire Breathing","Gash+1","A Thousand Cuts+1","Forethought+1","Inflame","Combust"],"relics":["Mark of Pain","Pantograph","Orichalcum","Coffee Dripper","Bottled Tornado","Red Mask","Sundial","Kunai","Ornamental Fan","Calling Bell","Dead Branch","Mummified Hand","Dream Catcher","DollysMirror","PrismaticShard","Bottled Flame","Vajra","Centennial Puzzle"],"potions_floor_usage":[19,32,53,58],"damage_taken":[{"damage":0,"enemies":"Cultist","floor":1,"turns":3},{"damage":0,"enemies":"2 Louse","floor":3,"turns":2},{"damage":0,"enemies":"Jaw Worm","floor":8,"turns":2},{"damage":0,"enemies":"Gremlin Nob","floor":11,"turns":4},{"damage":0,"enemies":"3 Louse","floor":12,"turns":3},{"damage":6,"enemies":"Blue Slaver","floor":13,"turns":4},{"damage":4,"enemies":"Exordium Thugs","floor":15,"turns":2},{"damage":3,"enemies":"Slime Boss","floor":17,"turns":8},{"damage":3,"enemies":"3 Byrds","floor":19,"turns":3},{"damage":9,"enemies":"Spheric Guardian","floor":20,"turns":4},{"damage":10,"enemies":"Masked Bandits","floor":23,"turns":3},{"damage":6,"enemies":"Shelled Parasite and Fungi","floor":25,"turns":4},{"damage":11,"enemies":"Centurion and Healer","floor":31,"turns":3},{"damage":0,"enemies":"Chosen and Byrds","floor":32,"turns":1},{"damage":32,"enemies":"Gremlin Leader","floor":33,"turns":5},{"damage":26,"enemies":"Automaton","floor":35,"turns":7},{"damage":14,"enemies":"3 Darklings","floor":37,"turns":1},{"damage":0,"enemies":"3 Shapes","floor":42,"turns":3},{"damage":38,"enemies":"Reptomancer","floor":48,"turns":5},{"damage":8,"enemies":"Transient","floor":49,"turns":5},{"damage":21,"enemies":"Maw","floor":51,"turns":5},{"damage":68,"enemies":"Awakened One","floor":53,"turns":12},{"damage":80,"enemies":"Shield and Spear","floor":57,"turns":4},{"damage":107,"enemies":"The Heart","floor":58,"turns":5}],"seed_played":"4929417521545899460","potions_obtained":[{"floor":1,"key":"LiquidBronze"},{"floor":3,"key":"Regen Potion"},{"floor":23,"key":"Energy Potion"},{"floor":25,"key":"SmokeBomb"},{"floor":35,"key":"GamblersBrew"}],"is_trial":false,"path_per_floor":["M","$","M","?","?","R","T","M","T","T","E","M","M","R","M","R","B",null,"M","M","$","?","?","R","M","R","T","T","$","T","M","M","E","R","B",null,"M","?","?","$","?","M","$","R","T","T","?","E","M","R","M","R","B",null,"R","$","E","B",null],"character_chosen":"IRONCLAD","items_purchased":["Shrug It Off","Bottled Tornado","Exhume","DollysMirror","PrismaticShard","Inflame","FearPotion"],"campfire_rested":0,"item_purchase_floors":[2,21,21,40,43,56,56],"current_hp_per_floor":[83,83,86,86,75,75,75,78,78,78,81,84,82,82,81,81,100,102,105,103,103,103,100,100,107,107,107,107,107,107,112,112,105,105,120,120,112,97,97,97,97,101,101,101,101,101,101,76,120,120,108,108,65,120,120,120,92,117],"gold":34,"neow_bonus":"BOSS_RELIC","is_prod":false,"is_daily":false,"chose_seed":false,"campfire_upgraded":9,"win_rate":0,"timestamp":1550862693,"path_taken":["M","$","M","?","?","R","?","M","T","E","M","M","R","M","R","BOSS","M","M","$","?","?","R","?","R","T","$","?","M","?","E","R","BOSS","M","?","?","$","?","M","$","R","T","?","E","M","R","?","R","BOSS","R","$","E","BOSS"],"build_version":"2019-01-23","purchased_purges":1,"victory":true,"max_hp_per_floor":[83,83,86,86,86,86,86,89,89,89,92,95,99,99,102,102,102,102,105,105,105,105,109,109,112,112,112,112,112,112,112,112,116,116,120,120,120,120,120,120,120,120,120,120,120,120,120,120,120,120,120,120,120,120,120,120,120,120],"card_choices":[{"not_picked":["Armaments","Sword Boomerang"],"picked":"Battle Trance","floor":1},{"not_picked":["Pommel Strike","Cleave"],"picked":"Rupture","floor":3},{"not_picked":["Clothesline","Ghostly Armor"],"picked":"Perfected Strike","floor":8},{"not_picked":["Armaments","Sword Boomerang"],"picked":"Clash","floor":11},{"not_picked":["Disarm","Shrug It Off"],"picked":"Thunderclap","floor":12},{"not_picked":["Evolve","Spot Weakness"],"picked":"Wild Strike","floor":13},{"not_picked":["Havoc","Metallicize"],"picked":"Reaper","floor":15},{"not_picked":["Exhume","Immolate"],"picked":"Offering","floor":17},{"not_picked":["Warcry","Sword Boomerang"],"picked":"Armaments+1","floor":19},{"not_picked":["Flex","Wild Strike+1"],"picked":"Evolve+1","floor":20},{"not_picked":["Shrug It Off","True Grit"],"picked":"Cleave","floor":23},{"not_picked":["Anger","Sword Boomerang"],"picked":"Hemokinesis","floor":25},{"not_picked":["Reckless Charge","Cleave"],"picked":"Twin Strike","floor":31},{"not_picked":["Burning Pact","Carnage+1"],"picked":"Double Tap","floor":33},{"not_picked":["Immolate","Juggernaut"],"picked":"Berserk","floor":35},{"not_picked":["Flex","Pommel Strike+1"],"picked":"Wild Strike","floor":37},{"not_picked":["Pommel Strike","Headbutt+1"],"picked":"Fire Breathing","floor":42},{"not_picked":["All Out Attack","Blade Dance"],"picked":"Gash+1","floor":48},{"not_picked":["Disarm+1","Choke+1"],"picked":"A Thousand Cuts","floor":49},{"not_picked":["Sentinel","Predator+1"],"picked":"Forethought+1","floor":51},{"not_picked":["Heavy Blade","Clothesline+1"],"picked":"Combust","floor":57}],"player_experience":4384447,"relics_obtained":[{"floor":7,"key":"Pantograph"},{"floor":11,"key":"Orichalcum"},{"floor":23,"key":"Red Mask"},{"floor":27,"key":"Sundial"},{"floor":30,"key":"Kunai"},{"floor":33,"key":"Ornamental Fan"},{"floor":36,"key":"Dead Branch"},{"floor":36,"key":"Mummified Hand"},{"floor":36,"key":"Dream Catcher"},{"floor":45,"key":"Bottled Flame"},{"floor":48,"key":"Vajra"},{"floor":57,"key":"Centennial Puzzle"}],"event_choices":[{"damage_healed":0,"gold_gain":0,"player_choice":"Leave","damage_taken":0,"max_hp_gain":0,"max_hp_loss":0,"event_name":"The Cleric","floor":4,"gold_loss":0},{"damage_healed":0,"gold_gain":75,"player_choice":"Gather Gold","damage_taken":11,"max_hp_gain":0,"max_hp_loss":0,"event_name":"World of Goop","floor":5,"gold_loss":0},{"damage_healed":0,"gold_gain":99,"player_choice":"Stole From Cult","damage_taken":0,"max_hp_gain":0,"max_hp_loss":0,"event_name":"Nest","floor":22,"gold_loss":0},{"damage_healed":0,"gold_gain":0,"player_choice":"Fought Bandits","damage_taken":0,"max_hp_gain":0,"max_hp_loss":0,"event_name":"Masked Bandits","floor":23,"gold_loss":0},{"damage_healed":0,"gold_gain":0,"player_choice":"Embrace Madness","damage_taken":15,"max_hp_gain":0,"max_hp_loss":0,"event_name":"Winding Halls","floor":38,"gold_loss":0,"cards_obtained":["Madness","Madness"]},{"cards_removed":["Feed"],"damage_healed":0,"gold_gain":0,"player_choice":"Removed Attack","damage_taken":0,"max_hp_gain":0,"max_hp_loss":0,"event_name":"Falling","floor":39,"gold_loss":0},{"damage_healed":0,"gold_gain":222,"player_choice":"Wore Mask","damage_taken":0,"max_hp_gain":0,"max_hp_loss":0,"event_name":"Tomb of Lord Red Mask","floor":41,"gold_loss":0},{"cards_removed":["Shame"],"damage_healed":0,"gold_gain":0,"player_choice":"Card Removal","damage_taken":0,"max_hp_gain":0,"max_hp_loss":0,"event_name":"Wheel of Change","floor":47,"gold_loss":0}],"is_beta":false,"boss_relics":[{"not_picked":["Eternal Feather","Lizard Tail"],"picked":"Coffee Dripper"},{"not_picked":["Tiny House","Snecko Eye"],"picked":"Calling Bell"}],"items_purged_floors":[29],"is_endless":false,"potions_floor_spawned":[1,3,23,25,31,35,37,42],"ascension_level":0}