{"gold_per_floor":[112,112,124,137,212,212,230,258,258,258,269,283,293,218,218,293,293,310,55,55,55,55,55,72,98,98,98,110,35,35,35,35,113,113,127,140,40,140,0,34,34,53,53,81,81,97,131,131,131,131,131,131,131,32,63,63],"floor_reached":57,"playtime":2886,"items_purged":["Strike_B","Strike_B+1"],"score":2866,"play_id":"15380e84-0df1-4bb4-8071-a9fcc00bb2c4","local_time":"20190222023359","is_ascension_mode":true,"campfire_choices":[{"data":"Chaos","floor":6.0,"key":"SMITH"},{"floor":10.0,"key":"REST"},{"data":"Consume","floor":15.0,"key":"SMITH"},{"floor":23.0,"key":"REST"},{"floor":27.0,"key":"REST"},{"floor":30.0,"key":"REST"},{"data":"Turbo","floor":32.0,"key":"SMITH"},{"floor":45,"key":"RECALL"},{"floor":49,"key":"REST"},{"data":"Fission","floor":53,"key":"SMITH"}],"neow_cost":"NONE","seed_source_timestamp":646760750116300,"circlet_count":0,"master_deck":["AscendersBane","Strike_B+1","Defend_B+1","Defend_B+1","Defend_B+1","Defend_B+1","Zap+1","Dualcast","Cold Snap","Coolheaded","Chaos+1","Hologram","Meteor Strike","Consume+1","Reinforced Body","Tempest","Fission+1","Darkness","Turbo+1","Glacier","Capacitor","Compile Driver","Barrage","White Noise+1","Recycle+1","Master of Strategy","Purity","Dark Shackles","Blind","White Noise"],"special_seed":0,"relics":["Cracked Core","Centennial Puzzle","Calipers","Mercury Hourglass","Runic Pyramid","Runic Capacitor","DataDisk","Ice Cream","Nuclear Battery","Mango","Red Mask","Juzu Bracelet","Cables","Du-Vu Doll","Gambling Chip"],"potions_floor_usage":[40,44,56],"damage_taken":[{"damage":1.0,"enemies":"2 Louse","floor":1.0,"turns":3.0},{"damage":1.0,"enemies":"Small Slimes","floor":3.0,"turns":3.0},{"damage":0.0,"enemies":"Jaw Worm","floor":4.0,"turns":3.0},{"damage":11.0,"enemies":"Red Slaver","floor":7.0,"turns":4.0},{"damage":26.0,"enemies":"3 Sentries","floor":8.0,"turns":12.0},{"damage":0.0,"enemies":"2 Fungi Beasts","floor":11.0,"turns":3.0},{"damage":1.0,"enemies":"3 Louse","floor":12.0,"turns":3.0},{"damage":6.0,"enemies":"Looter","floor":13.0,"turns":2.0},{"damage":9.0,"enemies":"Slime Boss","floor":16.0,"turns":9.0},{"damage":11.0,"enemies":"Spheric Guardian","floor":18.0,"turns":3.0},{"damage":10.0,"enemies":"2 Thieves","floor":24.0,"turns":4.0},{"damage":32.0,"enemies":"Slavers","floor":25.0,"turns":4.0},{"damage":16.0,"enemies":"Snake Plant","floor":28.0,"turns":4.0},{"damage":10,"enemies":"Champ","floor":33,"turns":9},{"damage":2,"enemies":"Orb Walker","floor":35,"turns":3},{"damage":12,"enemies":"3 Shapes","floor":36,"turns":3},{"damage":0,"enemies":"Mind Bloom Boss Battle","floor":38,"turns":6},{"damage":0,"enemies":"Nemesis","floor":40,"turns":9},{"damage":0,"enemies":"Writhing Mass","floor":42,"turns":5},{"damage":3,"enemies":"Reptomancer","floor":44,"turns":8},{"damage":0,"enemies":"Spire Growth","floor":46,"turns":6},{"damage":0,"enemies":"Giant Head","floor":47,"turns":9},{"damage":17,"enemies":"Donu and Deca","floor":50,"turns":9},{"damage":0,"enemies":"Time Eater","floor":51,"turns":14},{"damage":16,"enemies":"Shield and Spear","floor":55,"turns":5},{"damage":49,"enemies":"The Heart","floor":56,"turns":11}],"seed_played":"-5225436724333373173","potions_obtained":[{"floor":1.0,"key":"Strength Potion"},{"floor":4.0,"key":"Swift Potion"},{"floor":16.0,"key":"SteroidPotion"},{"floor":18.0,"key":"SpeedPotion"},{"floor":35,"key":"PowerPotion"},{"floor":40,"key":"SkillPotion"}],"is_trial":false,"path_per_floor":["M","?","M","M","?","R","M","E","T","R","M","M","M","$","R","B",null,"M","$","?","?","?","R","M","E","T","R","M","?","R","$","R","B",null,"M","M","$","?","?","E","$","M","T","E","R","M","E","?","R","B","B",null,"R","$","E","B",null],"character_chosen":"DEFECT","items_purchased":["Runic Capacitor","Turbo","Blind"],"campfire_rested":5,"item_purchase_floors":[19,19,54],"current_hp_per_floor":[63,52,51,51,40,40,29,3,3,24,24,23,17,17,17,8,55,44,44,24,24,24,46,36,4,4,26,10,10,32,32,32,22,63,61,49,49,63,63,63,63,63,63,60,60,60,60,50,77,60,60,83,83,83,67,18],"gold":63,"neow_bonus":"UPGRADE_CARD","is_prod":false,"is_daily":false,"chose_seed":false,"campfire_upgraded":4,"win_rate":0,"timestamp":1550770439,"path_taken":["M","?","M","M","?","R","M","E","T","R","M","M","M","?","R","BOSS","M","$","?","?","?","R","M","E","T","R","M","?","R","$","R","BOSS","M","M","$","?","?","E","?","M","T","E","R","M","E","?","R","BOSS","BOSS","R","$","E","BOSS"],"build_version":"2019-01-23","purchased_purges":2,"victory":true,"max_hp_per_floor":[71,71,71,71,71,71,71,71,71,71,71,71,71,71,71,71,71,71,71,76,76,76,76,76,76,76,76,76,76,76,76,76,76,76,76,76,76,90,90,90,90,90,90,90,90,90,90,90,90,90,90,90,90,90,90,90],"card_choices":[{"not_picked":["Reinforced Body","Streamline"],"picked":"Cold Snap","floor":1.0},{"not_picked":["Stack","Turbo"],"picked":"Coolheaded","floor":3.0},{"not_picked":["Loop","Force Field"],"picked":"Chaos","floor":4.0},{"not_picked":["Steam","Gash"],"picked":"Hologram","floor":7.0},{"not_picked":["Scrape","Capacitor"],"picked":"Meteor Strike","floor":8.0},{"not_picked":["Go for the Eyes","Fusion"],"picked":"Consume","floor":11.0},{"not_picked":["Barrage","Static Discharge"],"picked":"Reinforced Body","floor":12.0},{"not_picked":["Hologram","Stack"],"picked":"Tempest","floor":13.0},{"not_picked":["Creative AI","Buffer"],"picked":"Fission","floor":16.0},{"not_picked":["Gash","Cold Snap"],"picked":"Darkness","floor":18.0},{"not_picked":["Fusion","Streamline","Leap"],"picked":"SKIP","floor":24.0},{"not_picked":["Gash","Blizzard"],"picked":"Glacier","floor":25.0},{"not_picked":["Steam","Go for the Eyes","Melter"],"picked":"SKIP","floor":28.0},{"not_picked":["Blizzard","Go for the Eyes"],"picked":"Capacitor","floor":35},{"not_picked":["Redo","Cold Snap"],"picked":"Compile Driver","floor":36},{"not_picked":["Static Discharge","Redo"],"picked":"Barrage","floor":38},{"not_picked":["Steam","Barrage"],"picked":"White Noise+1","floor":40},{"not_picked":["Redo","Barrage"],"picked":"Recycle+1","floor":42},{"not_picked":["Streamline","Redo","Conserve Battery"],"picked":"SKIP","floor":44},{"not_picked":["Sweeping Beam+1","Hyperbeam","Redo"],"picked":"SKIP","floor":46},{"not_picked":["Sweeping Beam+1","Hyperbeam","Redo"],"picked":"SKIP","floor":46},{"not_picked":["Steam Power","FTL+1","Static Discharge"],"picked":"SKIP","floor":47},{"not_picked":["Flash of Steel","Enlightenment"],"picked":"Master of Strategy","floor":48},{"not_picked":["Madness","Transmutation"],"picked":"Purity","floor":48},{"not_picked":["Good Instincts","Deep Breath"],"picked":"Dark Shackles","floor":48},{"not_picked":["Turbo","Cold Snap"],"picked":"White Noise","floor":55}],"player_experience":4375497,"relics_obtained":[{"floor":8.0,"key":"Calipers"},{"floor":9.0,"key":"Mercury Hourglass"},{"floor":25.0,"key":"DataDisk"},{"floor":26.0,"key":"Ice Cream"},{"floor":38,"key":"Mango"},{"floor":40,"key":"Juzu Bracelet"},{"floor":44,"key":"Cables"},{"floor":47,"key":"Du-Vu Doll"},{"floor":55,"key":"Gambling Chip"}],"event_choices":[{"damage_healed":0.0,"max_hp_gain":0.0,"max_hp_loss":0.0,"gold_gain":0.0,"event_name":"Scrap Ooze","player_choice":"Success","floor":2.0,"gold_loss":0.0,"damage_taken":11.0,"relics_obtained":["Centennial Puzzle"]},{"damage_healed":0.0,"max_hp_gain":0.0,"max_hp_loss":0.0,"gold_gain":75.0,"event_name":"World of Goop","player_choice":"Gather Gold","floor":5.0,"gold_loss":0.0,"damage_taken":11.0},{"damage_healed":0.0,"max_hp_gain":5.0,"max_hp_loss":0.0,"gold_gain":0.0,"event_name":"Forgotten Altar","player_choice":"Shed Blood","floor":20.0,"gold_loss":0.0,"damage_taken":25.0},{"damage_healed":0.0,"max_hp_gain":0.0,"max_hp_loss":0.0,"gold_gain":0.0,"event_name":"The Mausoleum","player_choice":"Ignored","floor":21.0,"gold_loss":0.0,"damage_taken":0.0},{"damage_healed":0.0,"max_hp_gain":0.0,"max_hp_loss":0.0,"gold_gain":0.0,"event_name":"Back to Basics","player_choice":"Simplicity","floor":22.0,"gold_loss":0.0,"damage_taken":0.0,"cards_upgraded":["Strike_B","Strike_B","Strike_B","Defend_B","Defend_B","Defend_B","Defend_B"]},{"cards_removed":["Strike_B"],"damage_healed":0.0,"max_hp_gain":0.0,"max_hp_loss":0.0,"gold_gain":0.0,"event_name":"Beggar","player_choice":"Gave Gold","floor":29.0,"gold_loss":75.0,"damage_taken":0.0},{"damage_healed":0,"gold_gain":0,"player_choice":"Fight","damage_taken":0,"max_hp_gain":0,"max_hp_loss":0,"event_name":"MindBloom","floor":38,"gold_loss":0},{"damage_healed":0,"gold_gain":0,"player_choice":"Paid","damage_taken":0,"relics_obtained":["Red Mask"],"max_hp_gain":0,"max_hp_loss":0,"event_name":"Tomb of Lord Red Mask","floor":39,"gold_loss":140},{"damage_healed":0,"gold_gain":0,"player_choice":"Memory 3","damage_taken":10,"max_hp_gain":0,"max_hp_loss":0,"event_name":"SensoryStone","floor":48,"gold_loss":0}],"is_beta":false,"boss_relics":[{"not_picked":["Ectoplasm","Black Star"],"picked":"Runic Pyramid"},{"not_picked":["Velvet Choker","Orrery"],"picked":"Nuclear Battery"}],"items_purged_floors":[14,37],"is_endless":false,"potions_floor_spawned":[1,4,16,18,33,35,40],"ascension_level":20}