{"gold_per_floor":[112,112,24,43,43,43,71,71,71,71,83,95,111,146,146,146],"floor_reached":16,"playtime":609,"items_purged":[],"score":270,"play_id":"bb93a537-2a6b-4420-abd7-66b921abd2ab","local_time":"20190310092546","is_ascension_mode":true,"campfire_choices":[{"data":"All Out Attack","floor":6,"key":"SMITH"},{"floor":8,"key":"REST"},{"data":"Footwork","floor":10,"key":"SMITH"},{"data":"Dodge and Roll","floor":15,"key":"SMITH"}],"neow_cost":"NONE","seed_source_timestamp":275643766966154,"circlet_count":0,"master_deck":["AscendersBane","Defend_G","Defend_G","Defend_G","Defend_G+1","Defend_G","Strike_G+1","Strike_G","Strike_G","Strike_G","Strike_G","Survivor","Neutralize+1","Blade Dance","Footwork+1","All Out Attack+1","Quick Slash+1","Leg Sweep","Dodge and Roll+1","Sucker Punch+1","Blade Dance+1"],"relics":["Ring of the Snake","Molten Egg 2","Potion Belt","Snake Skull","Toxic Egg 2"],"potions_floor_usage":[12,14,14,14],"damage_taken":[{"damage":7,"enemies":"Jaw Worm","floor":1,"turns":8},{"damage":0,"enemies":"Cultist","floor":4,"turns":3},{"damage":15,"enemies":"3 Sentries","floor":7,"turns":8},{"damage":0,"enemies":"2 Louse","floor":11,"turns":3},{"damage":0,"enemies":"2 Fungi Beasts","floor":12,"turns":2},{"damage":0,"enemies":"3 Louse","floor":13,"turns":5},{"damage":0,"enemies":"Lagavulin","floor":14,"turns":5},{"damage":38,"enemies":"Slime Boss","floor":16,"turns":9}],"seed_played":"-3258135459790509376","potions_obtained":[{"floor":7,"key":"FearPotion"},{"floor":11,"key":"FearPotion"},{"floor":12,"key":"PowerPotion"},{"floor":13,"key":"EssenceOfSteel"}],"is_trial":false,"path_per_floor":["M","?","$","M","T","R","E","R","T","R","M","M","M","E","R","B"],"character_chosen":"THE_SILENT","items_purchased":["Footwork"],"campfire_rested":1,"item_purchase_floors":[3],"current_hp_per_floor":[52,32,32,32,32,32,17,36,36,36,36,36,36,36,36,0],"gold":146,"neow_bonus":"UPGRADE_CARD","is_prod":false,"is_daily":false,"chose_seed":false,"campfire_upgraded":3,"win_rate":0,"timestamp":1552177546,"path_taken":["M","?","$","M","?","R","E","R","T","R","M","M","?","E","R","BOSS"],"build_version":"2019-01-23","purchased_purges":0,"victory":false,"max_hp_per_floor":[66,66,66,66,66,66,66,66,66,66,66,66,66,66,66,66],"card_choices":[{"not_picked":["Underhanded Strike","Deadly Poison"],"picked":"Blade Dance","floor":1},{"not_picked":["Deadly Poison","Backflip"],"picked":"All Out Attack","floor":4},{"not_picked":["Deadly Poison","Deflect"],"picked":"Quick Slash+1","floor":7},{"not_picked":["Caltrops","Dagger Throw+1"],"picked":"Leg Sweep","floor":11},{"not_picked":["Riddle With Holes+1","Quick Slash+1"],"picked":"Dodge and Roll","floor":12},{"not_picked":["Tactician","Acrobatics"],"picked":"Sucker Punch+1","floor":13},{"not_picked":["Reflex","Predator+1"],"picked":"Blade Dance","floor":14}],"player_experience":665716,"relics_obtained":[{"floor":5,"key":"Molten Egg 2"},{"floor":7,"key":"Potion Belt"},{"floor":9,"key":"Snake Skull"},{"floor":14,"key":"Toxic Egg 2"}],"event_choices":[{"damage_healed":0,"gold_gain":0,"player_choice":"Entered Light","damage_taken":20,"max_hp_gain":0,"max_hp_loss":0,"event_name":"Shining Light","floor":2,"gold_loss":0,"cards_upgraded":["Strike_G","Defend_G"]}],"is_beta":false,"boss_relics":[],"items_purged_floors":[],"is_endless":false,"potions_floor_spawned":[7,11,12,13],"killed_by":"Slime Boss","ascension_level":20}