{"gold_per_floor":[112,262,262,262,274,274,285,610,610,610,621,656,8,26,26,99,99,119,119,129,129],"floor_reached":21,"playtime":743,"items_purged":["Strike_B"],"score":359,"play_id":"2ade3b93-c0bd-4745-94d5-5ba46d9cc53c","local_time":"20190303211756","is_ascension_mode":true,"campfire_choices":[{"data":"FTL","floor":6.0,"key":"SMITH"},{"floor":10.0,"key":"REST"},{"floor":15.0,"key":"REST"}],"neow_cost":"NONE","seed_source_timestamp":174691789440326,"circlet_count":0,"master_deck":["AscendersBane","Defend_B","Defend_B","Defend_B","Defend_B","Zap","Dualcast","Leap","FTL+1","Sweeping Beam","Doom and Gloom","Sunder","Chaos","Defragment","Cold Snap","Core Surge","Ball Lightning","Self Repair"],"special_seed":0,"relics":["Cracked Core","Old Coin","Matryoshka","Mercury Hourglass","Pantograph","Toy Ornithopter","Empty Cage"],"potions_floor_usage":[],"damage_taken":[{"damage":14.0,"enemies":"Jaw Worm","floor":1.0,"turns":4.0},{"damage":0.0,"enemies":"2 Louse","floor":5.0,"turns":2.0},{"damage":0.0,"enemies":"Cultist","floor":7.0,"turns":3.0},{"damage":43.0,"enemies":"Lagavulin","floor":8.0,"turns":6.0},{"damage":0.0,"enemies":"2 Fungi Beasts","floor":11.0,"turns":2.0},{"damage":31.0,"enemies":"3 Sentries","floor":12.0,"turns":6.0},{"damage":0.0,"enemies":"Large Slime","floor":14.0,"turns":4.0},{"damage":25.0,"enemies":"Slime Boss","floor":16.0,"turns":9.0},{"damage":15.0,"enemies":"3 Byrds","floor":18.0,"turns":4.0},{"damage":17.0,"enemies":"2 Thieves","floor":20.0,"turns":3.0},{"damage":61,"enemies":"Shelled Parasite and Fungi","floor":21,"turns":5}],"seed_played":"-8985559472573280509","potions_obtained":[{"floor":1.0,"key":"Block Potion"},{"floor":7.0,"key":"FairyPotion"},{"floor":12.0,"key":"SteroidPotion"},{"floor":18.0,"key":"Fire Potion"}],"is_trial":false,"path_per_floor":["M","?","?","?","M","R","M","E","T","R","M","E","$","M","R","B",null,"M","?","M","M"],"character_chosen":"DEFECT","items_purchased":["Pantograph","Defragment","Toy Ornithopter"],"campfire_rested":2,"item_purchase_floors":[13,13,13],"current_hp_per_floor":[57,57,50,55,55,55,55,12,12,36,36,5,5,5,29,34,71,56,56,44,0],"gold":129,"neow_bonus":"TEN_PERCENT_HP_BONUS","is_prod":false,"is_daily":false,"chose_seed":false,"campfire_upgraded":1,"win_rate":0,"timestamp":1551665876,"path_taken":["M","?","?","?","M","R","M","E","T","R","M","E","$","?","R","BOSS","M","?","M","M"],"build_version":"2019-01-23","purchased_purges":1,"victory":false,"max_hp_per_floor":[78,78,78,83,83,83,83,83,83,83,83,83,83,83,83,83,83,83,83,83,83],"card_choices":[{"not_picked":["Steam Power","Static Discharge"],"picked":"Leap","floor":1.0},{"not_picked":["Hologram","Redo"],"picked":"FTL","floor":5.0},{"not_picked":["Static Discharge","Redo"],"picked":"Sweeping Beam","floor":7.0},{"not_picked":["Hologram","Rebound"],"picked":"Doom and Gloom","floor":8.0},{"not_picked":["Turbo","Ball Lightning"],"picked":"Sunder","floor":11.0},{"not_picked":["Stack","Static Discharge"],"picked":"Chaos","floor":12.0},{"not_picked":["Fusion","Gash"],"picked":"Cold Snap","floor":14.0},{"not_picked":["Thunder Strike","Biased Cognition"],"picked":"Core Surge","floor":16.0},{"not_picked":["Barrage","Double Energy+1"],"picked":"Ball Lightning","floor":18.0},{"not_picked":["Redo+1","Melter"],"picked":"Self Repair","floor":20.0}],"player_experience":520033,"relics_obtained":[{"floor":8.0,"key":"Old Coin"},{"floor":9.0,"key":"Matryoshka"},{"floor":12.0,"key":"Mercury Hourglass"}],"event_choices":[{"damage_healed":0.0,"max_hp_gain":0.0,"max_hp_loss":0.0,"gold_gain":150.0,"event_name":"Liars Game","player_choice":"AGREE","floor":2.0,"gold_loss":0.0,"damage_taken":0.0,"cards_obtained":["Doubt"]},{"cards_removed":["Doubt"],"damage_healed":0.0,"max_hp_gain":0.0,"max_hp_loss":0.0,"gold_gain":0.0,"event_name":"Golden Wing","player_choice":"Card Removal","floor":3.0,"gold_loss":0.0,"damage_taken":7.0},{"damage_healed":0.0,"max_hp_gain":5.0,"max_hp_loss":0.0,"gold_gain":0.0,"event_name":"Big Fish","player_choice":"Donut","floor":4.0,"gold_loss":0.0,"damage_taken":0.0},{"cards_removed":["Strike_B"],"damage_healed":0.0,"max_hp_gain":0.0,"max_hp_loss":0.0,"gold_gain":0.0,"event_name":"Wheel of Change","player_choice":"Card Removal","floor":19.0,"gold_loss":0.0,"damage_taken":0.0}],"is_beta":false,"boss_relics":[{"not_picked":["Inserter","Busted Crown"],"picked":"Empty Cage"}],"items_purged_floors":[13],"is_endless":false,"potions_floor_spawned":[1,7,12,18],"killed_by":"Shelled Parasite and Fungi","ascension_level":18}