{"gold_per_floor":[110,129,143,159,177,177,177,197,249,249,277,277,294,294],"floor_reached":14,"playtime":623,"items_purged":[],"score":84,"play_id":"91ff232b-e94e-4b4c-841d-78c81cf85d43","local_time":"20190102172847","is_ascension_mode":false,"campfire_choices":[{"floor":6,"key":"RECALL"},{"data":"Searing Blow+1","floor":10,"key":"SMITH"}],"neow_cost":"NONE","seed_source_timestamp":223897671700,"circlet_count":0,"master_deck":["Strike_R","Strike_R","Strike_R","Strike_R","Strike_R","Defend_R","Defend_R","Defend_R","Defend_R","Bash","Barricade","Iron Wave","Searing Blow+2","Armaments","Armaments","Armaments"],"relics":["Burning Blood","Odd Mushroom"],"potions_floor_usage":[11,13,14,14],"damage_taken":[{"damage":10,"enemies":"Cultist","floor":1,"turns":4},{"damage":2,"enemies":"Small Slimes","floor":2,"turns":6},{"damage":1,"enemies":"2 Louse","floor":3,"turns":3},{"damage":15,"enemies":"Looter","floor":4,"turns":3},{"damage":17,"enemies":"Lots of Slimes","floor":5,"turns":7},{"damage":14,"enemies":"Blue Slaver","floor":8,"turns":4},{"damage":17,"enemies":"The Mushroom Lair","floor":11,"turns":3},{"damage":6,"enemies":"Large Slime","floor":13,"turns":6},{"damage":51,"enemies":"Gremlin Nob","floor":14,"turns":6}],"seed_played":"8583129326967703952","potions_obtained":[{"floor":1,"key":"GamblersBrew"},{"floor":5,"key":"SpeedPotion"},{"floor":8,"key":"AttackPotion"},{"floor":13,"key":"Block Potion"}],"is_trial":false,"path_per_floor":["M","M","M","M","M","R","?","M","T","R","?","?","M","E"],"character_chosen":"IRONCLAD","items_purchased":[],"campfire_rested":0,"item_purchase_floors":[],"current_hp_per_floor":[76,80,80,71,60,60,60,52,52,52,41,46,46,0],"gold":294,"neow_bonus":"ONE_RANDOM_RARE_CARD","is_prod":false,"is_daily":false,"chose_seed":false,"campfire_upgraded":1,"win_rate":0,"timestamp":1546446527,"path_taken":["M","M","M","M","M","R","?","?","T","R","?","?","M","E"],"build_version":"2018-12-20","purchased_purges":0,"victory":false,"max_hp_per_floor":[80,80,80,80,80,80,80,80,80,80,80,85,85,85],"card_choices":[{"not_picked":["Clothesline","Pommel Strike"],"picked":"Iron Wave","floor":1},{"not_picked":["Bloodletting","Perfected Strike","Dropkick"],"picked":"SKIP","floor":2},{"not_picked":["Thunderclap","Iron Wave"],"picked":"Searing Blow","floor":3},{"not_picked":["Sever Soul","Reckless Charge","Headbutt"],"picked":"SKIP","floor":4},{"not_picked":["Wild Strike","Havoc","Thunderclap"],"picked":"SKIP","floor":5},{"not_picked":["Demon Form","Flex"],"picked":"Armaments","floor":8},{"not_picked":["Disarm","Twin Strike"],"picked":"Armaments","floor":11},{"not_picked":["Corruption","Blood for Blood"],"picked":"Armaments","floor":13}],"player_experience":234273,"relics_obtained":[{"floor":11,"key":"Odd Mushroom"}],"event_choices":[{"damage_healed":0,"gold_gain":0,"player_choice":"Forge","damage_taken":0,"max_hp_gain":0,"max_hp_loss":0,"event_name":"Accursed Blacksmith","floor":7,"gold_loss":0,"cards_upgraded":["Searing Blow"]},{"damage_healed":0,"gold_gain":0,"player_choice":"Fought Mushrooms","damage_taken":0,"max_hp_gain":0,"max_hp_loss":0,"event_name":"Mushrooms","floor":11,"gold_loss":0},{"damage_healed":0,"gold_gain":0,"player_choice":"Donut","damage_taken":0,"max_hp_gain":5,"max_hp_loss":0,"event_name":"Big Fish","floor":12,"gold_loss":0}],"is_beta":false,"boss_relics":[],"items_purged_floors":[],"is_endless":false,"potions_floor_spawned":[1,5,8,13],"killed_by":"Gremlin Nob","ascension_level":0}