{"gold_per_floor":[115,190,205,223,235,235,261,103,103,103,122,150,162,37,37,111,161,171,46,58,58,71,71,71],"floor_reached":24,"playtime":820,"items_purged":["Strike_R","Strike_R","Strike_R"],"score":441,"play_id":"df7c6f5a-5b63-49ad-9a96-d124006bce41","local_time":"20190111002004","is_ascension_mode":true,"campfire_choices":[{"data":"Armaments","floor":6,"key":"SMITH"},{"data":"Evolve","floor":10,"key":"SMITH"},{"data":"Body Slam","floor":15,"key":"SMITH"},{"floor":23,"key":"REST"}],"neow_cost":"NONE","seed_source_timestamp":23210785358486,"circlet_count":0,"master_deck":["AscendersBane","Strike_R","Strike_R","Defend_R","Defend_R","Defend_R","Defend_R","Bash+1","Wild Strike","Evolve+1","Armaments+1","Anger","Second Wind","Wild Strike","Body Slam+1","Feed","True Grit+1"],"relics":["Burning Blood","Anchor","Thread and Needle","Tiny House"],"potions_floor_usage":[7,18,18,20,24],"damage_taken":[{"damage":4,"enemies":"Small Slimes","floor":1,"turns":4},{"damage":7,"enemies":"Jaw Worm","floor":3,"turns":3},{"damage":0,"enemies":"2 Louse","floor":4,"turns":2},{"damage":26,"enemies":"Lots of Slimes","floor":5,"turns":7},{"damage":22,"enemies":"Lagavulin","floor":7,"turns":7},{"damage":5,"enemies":"Exordium Wildlife","floor":11,"turns":6},{"damage":22,"enemies":"3 Sentries","floor":12,"turns":9},{"damage":9,"enemies":"Blue Slaver","floor":13,"turns":4},{"damage":24,"enemies":"Slime Boss","floor":16,"turns":7},{"damage":2,"enemies":"2 Thieves","floor":18,"turns":3},{"damage":28,"enemies":"3 Byrds","floor":20,"turns":7},{"damage":38,"enemies":"Cultist and Chosen","floor":22,"turns":6},{"damage":56,"enemies":"Gremlin Leader","floor":24,"turns":6}],"seed_played":"-9110950818668490377","potions_obtained":[{"floor":3,"key":"Dexterity Potion"},{"floor":5,"key":"BloodPotion"},{"floor":7,"key":"Explosive Potion"},{"floor":13,"key":"Explosive Potion"},{"floor":18,"key":"Energy Potion"},{"floor":22,"key":"PowerPotion"}],"is_trial":false,"path_per_floor":["M","?","M","M","M","R","E","$","T","R","M","E","M","$","R","B",null,"M","$","M","?","M","R","E"],"character_chosen":"IRONCLAD","items_purchased":["Second Wind","Body Slam"],"campfire_rested":1,"item_purchase_floors":[8,14],"current_hp_per_floor":[77,66,65,71,51,51,43,43,43,43,44,28,25,25,25,7,68,75,75,56,56,27,55,0],"gold":71,"neow_bonus":"TEN_PERCENT_HP_BONUS","is_prod":false,"is_daily":false,"chose_seed":false,"campfire_upgraded":3,"win_rate":0,"timestamp":1547133604,"path_taken":["M","?","M","M","M","R","E","$","T","R","M","E","M","$","R","BOSS","M","$","M","?","M","R","E"],"build_version":"2019-01-03v4","purchased_purges":3,"victory":false,"max_hp_per_floor":[82,82,82,82,82,82,82,82,82,82,82,82,82,82,82,82,87,90,90,93,93,96,96,96],"card_choices":[{"not_picked":["Shrug It Off","Infernal Blade"],"picked":"Wild Strike","floor":1},{"not_picked":["Clash","Havoc"],"picked":"Evolve","floor":3},{"not_picked":["Headbutt","True Grit"],"picked":"Armaments","floor":4},{"not_picked":["Sentinel","Dark Embrace"],"picked":"Anger","floor":5},{"not_picked":["Berserk","Thunderclap","Bloodletting"],"picked":"SKIP","floor":7},{"not_picked":["Pommel Strike","Shrug It Off","Anger"],"picked":"SKIP","floor":11},{"not_picked":["Combust","Pommel Strike"],"picked":"Wild Strike","floor":12},{"not_picked":["Pummel","Clash","Metallicize"],"picked":"SKIP","floor":13},{"not_picked":["Demon Form","Immolate"],"picked":"Feed","floor":16},{"not_picked":["Clash","Armaments"],"picked":"True Grit+1","floor":18},{"not_picked":["Armaments","Blood for Blood","Flex"],"picked":"SKIP","floor":20},{"not_picked":["Metallicize","Headbutt","Cleave"],"picked":"SKIP","floor":22}],"player_experience":4039417,"relics_obtained":[{"floor":7,"key":"Anchor"},{"floor":12,"key":"Thread and Needle"}],"event_choices":[{"damage_healed":0,"gold_gain":75,"player_choice":"Gather Gold","damage_taken":11,"max_hp_gain":0,"max_hp_loss":0,"event_name":"World of Goop","floor":2,"gold_loss":0},{"damage_healed":0,"gold_gain":0,"player_choice":"Ignored","damage_taken":0,"max_hp_gain":0,"max_hp_loss":0,"event_name":"Beggar","floor":21,"gold_loss":0}],"is_beta":false,"boss_relics":[{"not_picked":["Philosopher\u0027s Stone","Eternal Feather"],"picked":"Tiny House"}],"items_purged_floors":[8,14,19],"is_endless":false,"potions_floor_spawned":[3,5,7,13,18,22],"killed_by":"Gremlin Leader","ascension_level":20}