{"gold_per_floor":[119,119,44,44,67,67,88,13,70,70,105,105,124,138,138,228,228,242,263,80,80,100,100,0,23,23,23,23,91,16,40,40,40],"floor_reached":33,"playtime":1291,"items_purged":["Strike_B","Strike_B","Defend_B"],"score":482,"play_id":"5a199c49-6014-4d31-a5a7-b2e2796909f3","local_time":"20190318223039","is_ascension_mode":true,"campfire_choices":[{"floor":6.0,"key":"REST"},{"data":"FTL","floor":10.0,"key":"SMITH"},{"floor":15.0,"key":"REST"},{"floor":23.0,"key":"REST"},{"floor":32,"key":"REST"}],"neow_cost":"CURSE","seed_source_timestamp":299435797442121,"circlet_count":0,"master_deck":["AscendersBane","Defend_B","Zap","Dualcast","Gash","FTL+1","Glacier","Go for the Eyes","Machine Learning","Gash","Rebound+1","Echo Form","Capacitor","Genetic Algorithm","Go for the Eyes"],"special_seed":0,"relics":["Cracked Core","Golden Idol","Tiny Chest","Pen Nib","Cursed Key","SsserpentHead"],"potions_floor_usage":[31],"damage_taken":[{"damage":3.0,"enemies":"2 Louse","floor":1.0,"turns":4.0},{"damage":7.0,"enemies":"Small Slimes","floor":5.0,"turns":4.0},{"damage":6.0,"enemies":"Cultist","floor":7.0,"turns":3.0},{"damage":29.0,"enemies":"Gremlin Nob","floor":11.0,"turns":4.0},{"damage":0.0,"enemies":"Red Slaver","floor":13.0,"turns":4.0},{"damage":7.0,"enemies":"Lots of Slimes","floor":14.0,"turns":5.0},{"damage":13.0,"enemies":"The Guardian","floor":16.0,"turns":15.0},{"damage":7.0,"enemies":"Shell Parasite","floor":18.0,"turns":6.0},{"damage":7.0,"enemies":"3 Byrds","floor":19.0,"turns":5.0},{"damage":21.0,"enemies":"Snake Plant","floor":22.0,"turns":5.0},{"damage":41.0,"enemies":"Sentry and Sphere","floor":25.0,"turns":6.0},{"damage":3.0,"enemies":"Centurion and Healer","floor":29.0,"turns":7.0},{"damage":16,"enemies":"Chosen and Byrds","floor":31,"turns":6},{"damage":29,"enemies":"Collector","floor":33,"turns":2}],"seed_played":"2559006785382935095","potions_obtained":[{"floor":1.0,"key":"Regen Potion"},{"floor":5.0,"key":"Weak Potion"},{"floor":11.0,"key":"Block Potion"},{"floor":14.0,"key":"PowerPotion"},{"floor":18.0,"key":"GamblersBrew"},{"floor":29.0,"key":"LiquidBronze"}],"is_trial":false,"path_per_floor":["M","?","?","?","M","R","M","$","T","R","E","?","M","M","R","B",null,"M","M","$","?","M","R","?","M","T","$","?","M","$","M","R","B"],"character_chosen":"DEFECT","items_purchased":["Echo Form"],"campfire_rested":4,"item_purchase_floors":[20],"current_hp_per_floor":[75,75,75,46,39,64,58,58,58,58,41,34,34,27,52,39,74,67,60,60,60,39,64,64,23,23,23,23,20,20,4,29,0],"gold":40,"neow_bonus":"TWENTY_PERCENT_HP_BONUS","is_prod":false,"is_daily":false,"chose_seed":false,"campfire_upgraded":1,"win_rate":0,"timestamp":1552962639,"path_taken":["M","?","?","?","M","R","M","$","T","R","E","?","M","M","R","BOSS","M","M","$","?","M","R","?","M","T","$","?","?","?","M","R","BOSS"],"build_version":"2019-01-23","purchased_purges":3,"victory":false,"max_hp_per_floor":[85,85,85,85,85,85,85,85,85,85,85,85,85,85,85,85,85,85,85,85,85,85,85,85,85,85,85,85,85,85,85,85,85],"card_choices":[{"not_picked":["Stack","White Noise","Steam Power"],"picked":"SKIP","floor":1.0},{"not_picked":["Ball Lightning","Conserve Battery"],"picked":"Gash","floor":5.0},{"not_picked":["Turbo","Sweeping Beam"],"picked":"FTL","floor":7.0},{"not_picked":["Barrage","Sweeping Beam"],"picked":"Glacier","floor":11.0},{"not_picked":["Glacier","Rip and Tear","Lockon"],"picked":"SKIP","floor":13.0},{"not_picked":["Hologram","Genetic Algorithm"],"picked":"Go for the Eyes","floor":14.0},{"not_picked":["Meteor Strike","Seek"],"picked":"Machine Learning","floor":16.0},{"not_picked":["Beam Cell","Undo"],"picked":"Gash","floor":18.0},{"not_picked":["Genetic Algorithm","Steam"],"picked":"Rebound+1","floor":19.0},{"not_picked":["Skim","Conserve Battery"],"picked":"Go for the Eyes","floor":22.0},{"not_picked":["Compile Driver","Streamline","Doom and Gloom"],"picked":"SKIP","floor":25.0},{"not_picked":["Redo","Steam","Hello World"],"picked":"SKIP","floor":29.0},{"not_picked":["Fusion","Force Field+1","Conserve Battery"],"picked":"SKIP","floor":31}],"player_experience":554009,"relics_obtained":[{"floor":9.0,"key":"Tiny Chest"},{"floor":11.0,"key":"Pen Nib"}],"event_choices":[{"cards_removed":["Shame"],"damage_healed":0.0,"max_hp_gain":0.0,"max_hp_loss":0.0,"gold_gain":0.0,"event_name":"Living Wall","player_choice":"Forget","floor":2.0,"gold_loss":0.0,"damage_taken":0.0},{"cards_removed":["Strike_B"],"damage_healed":0.0,"max_hp_gain":0.0,"max_hp_loss":0.0,"gold_gain":0.0,"event_name":"The Cleric","player_choice":"Card Removal","floor":3.0,"gold_loss":75.0,"damage_taken":0.0},{"damage_healed":0.0,"max_hp_gain":0.0,"max_hp_loss":0.0,"gold_gain":0.0,"event_name":"Golden Idol","player_choice":"Take Damage","floor":4.0,"gold_loss":0.0,"damage_taken":29.0,"relics_obtained":["Golden Idol"]},{"cards_removed":["Strike_B"],"damage_healed":0.0,"max_hp_gain":0.0,"max_hp_loss":0.0,"gold_gain":0.0,"event_name":"Golden Wing","player_choice":"Card Removal","floor":12.0,"gold_loss":0.0,"damage_taken":7.0},{"damage_healed":0.0,"max_hp_gain":0.0,"max_hp_loss":0.0,"gold_gain":0.0,"cards_transformed":["Defend_B","Defend_B"],"event_name":"Drug Dealer","player_choice":"Became Test Subject","floor":21.0,"gold_loss":0.0,"damage_taken":0.0,"cards_obtained":["Capacitor","Genetic Algorithm"]},{"damage_healed":0.0,"max_hp_gain":0.0,"max_hp_loss":0.0,"gold_gain":0.0,"event_name":"Masked Bandits","player_choice":"Paid Fearfully","floor":24.0,"gold_loss":100.0,"damage_taken":0.0},{"damage_healed":0.0,"max_hp_gain":0.0,"max_hp_loss":0.0,"gold_gain":0.0,"event_name":"FaceTrader","player_choice":"Trade","floor":28.0,"gold_loss":0.0,"damage_taken":0.0,"relics_obtained":["SsserpentHead"]}],"is_beta":false,"boss_relics":[{"not_picked":["Philosopher\u0027s Stone","Sozu"],"picked":"Cursed Key"}],"items_purged_floors":[8,20,30],"is_endless":false,"potions_floor_spawned":[1,5,11,14,18,29],"killed_by":"Collector","ascension_level":19}