{"gold_per_floor":[114,126,145,163,182,207,226,245,245,277,297,297,297,328,328,328],"floor_reached":16,"playtime":914,"items_purged":[],"score":151,"play_id":"d3a552ca-4d6f-42e2-bffe-68292ab81941","local_time":"20190105160701","is_ascension_mode":true,"campfire_choices":[{"data":"Loop","floor":15,"key":"SMITH"}],"neow_cost":"NONE","seed_source_timestamp":1276290322145438,"circlet_count":0,"master_deck":["Strike_B","Strike_B","Strike_B","Defend_B","Defend_B","Defend_B","Zap","Dualcast","BootSequence","Loop+1","Compile Driver","Self Repair","Leap","White Noise","Capacitor","Hologram","Core Surge","Conserve Battery","Coolheaded"],"relics":["Cracked Core","Bottled Tornado","Mercury Hourglass","Girya","Symbiotic Virus","Pear"],"potions_floor_usage":[6,6,14,16],"damage_taken":[{"damage":0,"enemies":"Cultist","floor":1,"turns":3},{"damage":0,"enemies":"Small Slimes","floor":2,"turns":3},{"damage":0,"enemies":"Jaw Worm","floor":3,"turns":3},{"damage":11,"enemies":"Lots of Slimes","floor":4,"turns":4},{"damage":17,"enemies":"Red Slaver","floor":5,"turns":4},{"damage":34,"enemies":"Lagavulin","floor":6,"turns":10},{"damage":3,"enemies":"Blue Slaver","floor":7,"turns":5},{"damage":0,"enemies":"Looter","floor":8,"turns":3},{"damage":33,"enemies":"Gremlin Nob","floor":10,"turns":5},{"damage":0,"enemies":"2 Fungi Beasts","floor":11,"turns":3},{"damage":13,"enemies":"3 Sentries","floor":14,"turns":5},{"damage":29,"enemies":"Slime Boss","floor":16,"turns":6}],"seed_played":"8150633783222426262","potions_obtained":[{"floor":1,"key":"Regen Potion"},{"floor":5,"key":"PowerPotion"},{"floor":7,"key":"FearPotion"},{"floor":8,"key":"Energy Potion"},{"floor":10,"key":"GamblersBrew"},{"floor":11,"key":"Strength Potion"}],"is_trial":false,"path_per_floor":["M","M","M","M","M","E","M","M","T","E","M","?","?","E","R","B"],"character_chosen":"DEFECT","items_purchased":[],"campfire_rested":0,"item_purchase_floors":[],"current_hp_per_floor":[75,75,75,64,54,42,46,46,46,20,20,17,17,21,21,0],"gold":328,"neow_bonus":"REMOVE_CARD","is_prod":false,"is_daily":false,"chose_seed":false,"campfire_upgraded":1,"win_rate":0,"timestamp":1546722421,"path_taken":["M","?","M","?","M","E","M","M","T","E","M","?","?","E","R","BOSS"],"build_version":"2019-01-03v4","purchased_purges":0,"victory":false,"max_hp_per_floor":[75,75,75,75,75,75,75,75,75,75,75,75,75,85,85,85],"card_choices":[{"not_picked":["Self Repair","Ball Lightning"],"picked":"BootSequence","floor":1},{"not_picked":["Beam Cell","Aggregate"],"picked":"Loop","floor":2},{"not_picked":["Chaos","Reprogram"],"picked":"Compile Driver","floor":3},{"not_picked":["Static Discharge","Rip and Tear"],"picked":"Self Repair","floor":4},{"not_picked":["Turbo","Storm"],"picked":"Leap","floor":5},{"not_picked":["Leap","Go for the Eyes"],"picked":"White Noise","floor":6},{"not_picked":["Ball Lightning","Sweeping Beam"],"picked":"Capacitor","floor":7},{"not_picked":["Sweeping Beam","Compile Driver"],"picked":"Hologram","floor":8},{"not_picked":["Beam Cell","Heatsinks"],"picked":"Core Surge","floor":10},{"not_picked":["Recycle","Redo"],"picked":"Conserve Battery","floor":11},{"not_picked":["Ball Lightning","Steam"],"picked":"Coolheaded","floor":14}],"player_experience":276156,"relics_obtained":[{"floor":6,"key":"Bottled Tornado"},{"floor":9,"key":"Mercury Hourglass"},{"floor":10,"key":"Girya"},{"floor":14,"key":"Pear"}],"event_choices":[{"damage_healed":0,"gold_gain":0,"player_choice":"Success","damage_taken":3,"relics_obtained":["Symbiotic Virus"],"max_hp_gain":0,"max_hp_loss":0,"event_name":"Scrap Ooze","floor":12,"gold_loss":0},{"cards_removed":["Defend_B"],"damage_healed":0,"gold_gain":0,"player_choice":"Forget","damage_taken":0,"max_hp_gain":0,"max_hp_loss":0,"event_name":"Living Wall","floor":13,"gold_loss":0}],"is_beta":false,"boss_relics":[],"items_purged_floors":[],"is_endless":false,"potions_floor_spawned":[1,5,7,8,10,11],"killed_by":"Slime Boss","ascension_level":4}