{"gold_per_floor":[118,19,36,36,55,88,68,88,157,157,57,57,75,87,87,159,159,169,169,203,28,39,39,39,39,62,80,80,80,108,123,123,200,200,218,12,12,24,37,57,72,172,172,199,261,283,20,31,31,31],"floor_reached":51,"playtime":2762,"items_purged":["Strike_B","Defend_B","Strike_B","Strike_B"],"score":1353,"play_id":"26e3cbd0-10c7-4273-bc22-fc455e1a4cce","local_time":"20190303171839","is_ascension_mode":true,"campfire_choices":[{"floor":10.0,"key":"REST"},{"data":"Scrape","floor":12.0,"key":"SMITH"},{"floor":15.0,"key":"REST"},{"floor":23.0,"key":"REST"},{"floor":25.0,"key":"REST"},{"data":"Buffer","floor":29.0,"key":"SMITH"},{"floor":32.0,"key":"REST"},{"floor":49.0,"key":"REST"}],"neow_cost":"NONE","seed_source_timestamp":159273096554684,"circlet_count":0,"master_deck":["AscendersBane","Defend_B","Defend_B","Zap","Dualcast","Gash","Go for the Eyes","Scrape+1","Coolheaded","Gash","FTL","Steam","Scrape","Buffer+1","Gash","Beam Cell","Gash","White Noise+1","FTL","Reboot","Coolheaded","Glacier+1","Leap+1","Scrape+1","Seek","Loop+1"],"special_seed":0,"relics":["Cracked Core","NeowsBlessing","Thread and Needle","Empty Cage","Red Mask","Omamori","Vajra","Juzu Bracelet","White Beast Statue","SsserpentHead","Bird Faced Urn","Prayer Wheel","MawBank","Ornamental Fan"],"potions_floor_usage":[50,50],"damage_taken":[{"damage":0.0,"enemies":"Jaw Worm","floor":1.0,"turns":1.0},{"damage":0.0,"enemies":"Cultist","floor":3.0,"turns":1.0},{"damage":0.0,"enemies":"2 Louse","floor":5.0,"turns":1.0},{"damage":36.0,"enemies":"Gremlin Nob","floor":6.0,"turns":5.0},{"damage":6.0,"enemies":"Red Slaver","floor":8.0,"turns":3.0},{"damage":5.0,"enemies":"Looter","floor":13.0,"turns":3.0},{"damage":4.0,"enemies":"Exordium Wildlife","floor":14.0,"turns":3.0},{"damage":30.0,"enemies":"Hexaghost","floor":16.0,"turns":9.0},{"damage":6.0,"enemies":"3 Byrds","floor":18.0,"turns":6.0},{"damage":40.0,"enemies":"Masked Bandits","floor":20.0,"turns":5.0},{"damage":5.0,"enemies":"Spheric Guardian","floor":22.0,"turns":3.0},{"damage":14.0,"enemies":"Centurion and Healer","floor":27.0,"turns":4.0},{"damage":47.0,"enemies":"Slavers","floor":30.0,"turns":6.0},{"damage":0.0,"enemies":"Shelled Parasite and Fungi","floor":31.0,"turns":4.0},{"damage":0.0,"enemies":"Collector","floor":33.0,"turns":9.0},{"damage":1.0,"enemies":"3 Shapes","floor":35.0,"turns":7.0},{"damage":0.0,"enemies":"Orb Walker","floor":38.0,"turns":1.0},{"damage":2.0,"enemies":"4 Shapes","floor":39.0,"turns":8.0},{"damage":4.0,"enemies":"Jaw Worm Horde","floor":40.0,"turns":4.0},{"damage":0.0,"enemies":"Writhing Mass","floor":41.0,"turns":6.0},{"damage":27.0,"enemies":"2 Orb Walkers","floor":42.0,"turns":6.0},{"damage":0.0,"enemies":"Reptomancer","floor":44.0,"turns":5.0},{"damage":0.0,"enemies":"Spire Growth","floor":46.0,"turns":6.0},{"damage":0.0,"enemies":"3 Darklings","floor":48.0,"turns":6.0},{"damage":47,"enemies":"Donu and Deca","floor":50,"turns":6}],"seed_played":"-1041377470361278811","potions_obtained":[{"floor":3.0,"key":"FearPotion"},{"floor":4.0,"key":"Dexterity Potion"},{"floor":6.0,"key":"FearPotion"},{"floor":7.0,"key":"Fire Potion"},{"floor":13.0,"key":"FocusPotion"},{"floor":22.0,"key":"SkillPotion"},{"floor":30.0,"key":"SpeedPotion"},{"floor":31.0,"key":"Poison Potion"},{"floor":35.0,"key":"EntropicBrew"},{"floor":38.0,"key":"Explosive Potion"},{"floor":39.0,"key":"PowerPotion"},{"floor":40.0,"key":"Fire Potion"},{"floor":41.0,"key":"Block Potion"},{"floor":42.0,"key":"PowerPotion"},{"floor":44.0,"key":"SpeedPotion"},{"floor":46.0,"key":"Energy Potion"},{"floor":48.0,"key":"AttackPotion"}],"is_trial":false,"path_per_floor":["M","$","M","?","M","E","?","M","T","R","$","R","M","M","R","B",null,"M","?","?","$","M","R","$","R","T","M","?","R","E","M","R","B",null,"M","$","?","M","M","M","M","?","T","E","?","M","$","M","R","B",null],"character_chosen":"DEFECT","items_purchased":["Go for the Eyes","Gash","Coolheaded","Ornamental Fan"],"campfire_rested":6,"item_purchase_floors":[2,21,36,47],"current_hp_per_floor":[64,64,64,64,64,28,28,22,22,43,43,43,38,34,55,25,60,54,68,28,28,23,44,44,65,65,51,51,51,4,4,25,25,60,59,59,59,59,57,53,53,26,26,32,32,36,36,40,60,17],"gold":31,"neow_bonus":"THREE_ENEMY_KILL","is_prod":false,"is_daily":false,"chose_seed":false,"campfire_upgraded":2,"win_rate":0,"timestamp":1551651519,"path_taken":["M","$","M","?","?","E","?","M","T","R","$","R","M","M","R","BOSS","M","?","?","?","M","R","?","R","T","?","?","R","E","M","R","BOSS","M","$","?","M","M","M","M","?","T","E","?","M","$","M","R","BOSS"],"build_version":"2019-01-23","purchased_purges":4,"victory":true,"max_hp_per_floor":[71,71,71,71,71,71,71,71,71,71,71,71,71,71,71,71,71,71,71,71,71,71,71,71,71,71,71,71,71,71,71,71,71,71,71,71,71,71,71,71,71,71,71,71,67,67,67,67,67,67],"card_choices":[{"not_picked":["Leap","Doom and Gloom"],"picked":"Gash","floor":1.0},{"not_picked":["Go for the Eyes","Rip and Tear"],"picked":"Scrape","floor":3.0},{"not_picked":["Barrage","Leap"],"picked":"Coolheaded","floor":5.0},{"not_picked":["Barrage","Conserve Battery"],"picked":"Gash","floor":6.0},{"not_picked":["Core Surge","Storm"],"picked":"FTL","floor":8.0},{"not_picked":["Compile Driver","Redo"],"picked":"Steam","floor":13.0},{"not_picked":["Force Field","Coolheaded"],"picked":"Scrape","floor":14.0},{"not_picked":["Hyperbeam","Fission"],"picked":"Buffer","floor":16.0},{"not_picked":["Rebound","Redo"],"picked":"Gash","floor":18.0},{"not_picked":["Darkness","Coolheaded"],"picked":"Beam Cell","floor":20.0},{"not_picked":["Chaos","Rip and Tear+1","Rebound"],"picked":"SKIP","floor":22.0},{"not_picked":["Stack+1","Conserve Battery"],"picked":"White Noise+1","floor":27.0},{"not_picked":["Reprogram","Rebound"],"picked":"FTL","floor":30.0},{"not_picked":["Steam","Amplify","Force Field"],"picked":"SKIP","floor":31.0},{"not_picked":["Machine Learning","Hyperbeam"],"picked":"Reboot","floor":33.0},{"not_picked":["Go for the Eyes","Reprogram+1","Stack"],"picked":"SKIP","floor":35.0},{"not_picked":["Aggregate+1","Double Energy"],"picked":"Glacier+1","floor":38.0},{"not_picked":["Rebound","Undo","Rip and Tear+1"],"picked":"SKIP","floor":39.0},{"not_picked":["Cold Snap+1","Steam","Turbo+1"],"picked":"SKIP","floor":40.0},{"not_picked":["Rebound","Ball Lightning","Conserve Battery"],"picked":"SKIP","floor":41.0},{"not_picked":["White Noise","Hologram"],"picked":"Leap+1","floor":42.0},{"not_picked":["Go for the Eyes","Blizzard","Streamline"],"picked":"SKIP","floor":44.0},{"not_picked":["Hologram","Barrage"],"picked":"Scrape+1","floor":46.0},{"not_picked":["Stack","Tempest+1"],"picked":"Seek","floor":46.0},{"not_picked":["Go for the Eyes","Compile Driver"],"picked":"Loop+1","floor":48.0},{"not_picked":["Streamline+1","Turbo","Ball Lightning"],"picked":"SKIP","floor":48.0}],"player_experience":513381,"relics_obtained":[{"floor":6.0,"key":"Thread and Needle"},{"floor":20.0,"key":"Red Mask"},{"floor":26.0,"key":"Omamori"},{"floor":30.0,"key":"Juzu Bracelet"},{"floor":42.0,"key":"Bird Faced Urn"},{"floor":43.0,"key":"Prayer Wheel"},{"floor":44.0,"key":"MawBank"}],"event_choices":[{"damage_healed":0.0,"max_hp_gain":0.0,"max_hp_loss":0.0,"gold_gain":0.0,"event_name":"Lab","player_choice":"Got Potions","floor":4.0,"gold_loss":0.0,"damage_taken":0.0},{"damage_healed":0.0,"max_hp_gain":0.0,"max_hp_loss":0.0,"gold_gain":0.0,"event_name":"The Woman in Blue","player_choice":"Bought 1 Potion","floor":7.0,"gold_loss":0.0,"damage_taken":0.0},{"damage_healed":14.0,"max_hp_gain":0.0,"max_hp_loss":0.0,"gold_gain":0.0,"event_name":"The Library","player_choice":"Heal","floor":19.0,"gold_loss":0.0,"damage_taken":0.0},{"damage_healed":0.0,"max_hp_gain":0.0,"max_hp_loss":0.0,"gold_gain":0.0,"event_name":"Masked Bandits","player_choice":"Fought Bandits","floor":20.0,"gold_loss":0.0,"damage_taken":0.0},{"damage_healed":0.0,"max_hp_gain":0.0,"max_hp_loss":0.0,"gold_gain":0.0,"event_name":"Addict","player_choice":"Stole Relic","floor":28.0,"gold_loss":0.0,"damage_taken":0.0,"relics_obtained":["Vajra"],"cards_obtained":["Shame"]},{"damage_healed":0.0,"max_hp_gain":0.0,"max_hp_loss":0.0,"gold_gain":0.0,"event_name":"FaceTrader","player_choice":"Trade","floor":37.0,"gold_loss":0.0,"damage_taken":0.0,"relics_obtained":["SsserpentHead"]},{"damage_healed":0.0,"max_hp_gain":0.0,"max_hp_loss":0.0,"gold_gain":0.0,"event_name":"Mysterious Sphere","player_choice":"Fight","floor":42.0,"gold_loss":0.0,"damage_taken":0.0},{"damage_healed":0.0,"max_hp_gain":0.0,"max_hp_loss":4.0,"gold_gain":0.0,"event_name":"Winding Halls","player_choice":"Max HP","floor":45.0,"gold_loss":0.0,"damage_taken":0.0}],"is_beta":false,"boss_relics":[{"not_picked":["Ectoplasm","Astrolabe"],"picked":"Empty Cage"},{"not_picked":["Busted Crown","Velvet Choker"],"picked":"White Beast Statue"}],"items_purged_floors":[2,11,21,36],"is_endless":false,"potions_floor_spawned":[3,6,13,22,30,31,35,38,39,40,41,42,44,46,48],"ascension_level":16}