{"gold_per_floor":[110,70,89,100,175,207,207,207,207,207,227,261,261,295,295,368,368,378,397,59,59,59,86,99,132,132,157,157,74,74,88,88,164,164,177,177,177,189,236,261,261,288,314,314,346,671,700,715,715,715,715,715,715,46,80,80],"floor_reached":57,"playtime":3453,"items_purged":["Parasite","Grand Finale"],"score":3819,"play_id":"8d50d729-953e-4a0d-90a2-9da1997b6d03","local_time":"20190323030705","daily_mods":["Diverse"],"is_ascension_mode":true,"campfire_choices":[{"data":"Infernal Blade","floor":7.0,"key":"SMITH"},{"data":"Infernal Blade","floor":13.0,"key":"SMITH"},{"data":"White Noise","floor":15.0,"key":"SMITH"},{"data":"White Noise","floor":30.0,"key":"SMITH"},{"data":"White Noise","floor":32.0,"key":"SMITH"},{"floor":41.0,"key":"RECALL"},{"floor":44.0,"key":"REST"},{"floor":49.0,"key":"REST"},{"floor":53.0,"key":"REST"}],"neow_cost":"","seed_source_timestamp":783219328593000,"circlet_count":0,"master_deck":["Distraction","Distraction","Distraction","Infernal Blade+1","Infernal Blade+1","Infernal Blade+1","White Noise+1","White Noise+1","White Noise+1","Force Field+1","Undo+1","True Grit+1","Fiend Fire+1","Armaments+1","Discovery+1","Discovery+1","Turbo+1","Warcry+1","Enlightenment+1","Double Energy+1","Venomology+1","Power Through+1","Madness+1","Madness+1","Backstab+1","Self Repair","Body Slam+1","Skim+1","Purity+1","Clothesline+1","PiercingWail+1","Blind+1","Coolheaded+1","Violence+1","Body Slam+1"],"special_seed":0,"relics":["Cracked Core","Dead Branch","PrismaticShard","Blue Candle","Toxic Egg 2","Bronze Scales","WingedGreaves","White Beast Statue","Anchor","Happy Flower","Dream Catcher","Nunchaku","Fusion Hammer","Calipers","Blood Vial","Omamori","PreservedInsect","Bag of Preparation","Old Coin","Singing Bowl","Membership Card","Kunai","Whetstone"],"potions_floor_usage":[56,56,56],"damage_taken":[{"damage":15.0,"enemies":"Jaw Worm","floor":1.0,"turns":2.0},{"damage":0.0,"enemies":"Cultist","floor":3.0,"turns":2.0},{"damage":2.0,"enemies":"2 Louse","floor":4.0,"turns":3.0},{"damage":0.0,"enemies":"Gremlin Nob","floor":6.0,"turns":3.0},{"damage":1.0,"enemies":"Looter","floor":11.0,"turns":3.0},{"damage":1.0,"enemies":"Lagavulin","floor":12.0,"turns":8.0},{"damage":4.0,"enemies":"3 Sentries","floor":14.0,"turns":4.0},{"damage":1.0,"enemies":"The Guardian","floor":16.0,"turns":3.0},{"damage":7.0,"enemies":"Chosen","floor":18.0,"turns":2.0},{"damage":0.0,"enemies":"Spheric Guardian","floor":19.0,"turns":4.0},{"damage":6.0,"enemies":"Gremlin Leader","floor":23.0,"turns":2.0},{"damage":0.0,"enemies":"Snecko","floor":24.0,"turns":3.0},{"damage":6.0,"enemies":"Slavers","floor":25.0,"turns":3.0},{"damage":3.0,"enemies":"Book of Stabbing","floor":27.0,"turns":2.0},{"damage":0.0,"enemies":"Cultist and Chosen","floor":31.0,"turns":2.0},{"damage":0.0,"enemies":"Automaton","floor":33.0,"turns":1.0},{"damage":0.0,"enemies":"3 Darklings","floor":35.0,"turns":3.0},{"damage":0.0,"enemies":"3 Shapes","floor":38.0,"turns":3.0},{"damage":0.0,"enemies":"2 Orb Walkers","floor":39.0,"turns":1.0},{"damage":0.0,"enemies":"Nemesis","floor":40.0,"turns":4.0},{"damage":0.0,"enemies":"Giant Head","floor":42.0,"turns":7.0},{"damage":17.0,"enemies":"Nemesis","floor":45.0,"turns":3.0},{"damage":0.0,"enemies":"Giant Head","floor":46.0,"turns":1.0},{"damage":0.0,"enemies":"Nemesis","floor":47.0,"turns":1.0},{"damage":0.0,"enemies":"Spire Growth","floor":48.0,"turns":3.0},{"damage":0.0,"enemies":"Donu and Deca","floor":50.0,"turns":6.0},{"damage":10.0,"enemies":"Awakened One","floor":51.0,"turns":12.0},{"damage":2,"enemies":"Shield and Spear","floor":55,"turns":5},{"damage":71,"enemies":"The Heart","floor":56,"turns":8}],"seed_played":"7974423649650141292","potions_obtained":[{"floor":1.0,"key":"Explosive Potion"},{"floor":2.0,"key":"Swift Potion"},{"floor":2.0,"key":"Explosive Potion"},{"floor":14.0,"key":"Regen Potion"},{"floor":19.0,"key":"Block Potion"},{"floor":23.0,"key":"Poison Potion"},{"floor":25.0,"key":"Energy Potion"},{"floor":27.0,"key":"Ancient Potion"},{"floor":31.0,"key":"SpeedPotion"}],"is_trial":true,"path_per_floor":["M","?","M","M","?","E","R","?","T","?","M","E","R","E","R","B",null,"M","M","$","?","$","E","M","E","T","E","?","$","R","M","R","B",null,"M","?","$","M","?","E","R","E","T","R","E","E","E","M","R","B","B",null,"R","$","E","B",null],"character_chosen":"DEFECT","items_purchased":["Discovery+1","Anchor","Double Energy+1","Membership Card","Kunai","PiercingWail+1","Blind+1","Coolheaded+1","AttackPotion","Violence+1","Body Slam"],"campfire_rested":3,"item_purchase_floors":[20,20,29,54,54,54,54,54,54,54,54],"current_hp_per_floor":[49,49,49,47,36,36,36,53,53,53,52,51,51,47,47,46,65,58,70,68,58,58,52,52,46,46,43,43,43,43,43,43,43,62,62,50,50,50,50,50,50,59,59,68,51,53,57,66,70,70,60,68,70,70,70,8],"gold":80,"neow_bonus":"","is_prod":false,"is_daily":false,"chose_seed":false,"campfire_upgraded":5,"win_rate":0,"timestamp":1553278025,"path_taken":["M","?","M","?","?","E","R","?","T","?","?","E","R","E","R","BOSS","M","M","$","?","?","E","?","E","T","E","?","$","R","M","R","BOSS","M","?","$","M","?","E","R","E","T","R","E","E","E","M","R","BOSS","BOSS","R","$","E","BOSS"],"build_version":"2019-01-23","purchased_purges":2,"victory":true,"max_hp_per_floor":[71,71,71,71,71,71,71,71,71,71,71,71,71,71,71,71,71,71,71,68,68,68,68,68,68,68,68,68,68,68,68,68,68,68,68,68,68,68,68,68,68,68,68,68,68,68,70,70,70,70,70,70,70,70,72,72],"card_choices":[{"not_picked":["Riddle With Holes","Deadly Poison","Footwork"],"picked":"SKIP","floor":1.0},{"not_picked":["Rebound","Heavy Blade"],"picked":"Havoc","floor":3.0},{"not_picked":["Perfected Strike","Rupture","Melter"],"picked":"SKIP","floor":4.0},{"not_picked":["Well Laid Plans","Flex","Coolheaded"],"picked":"SKIP","floor":6.0},{"not_picked":["Endless Agony","Sword Boomerang"],"picked":"Force Field+1","floor":11.0},{"not_picked":["Heel Hook","Compile Driver"],"picked":"Undo+1","floor":12.0},{"not_picked":["Footwork","Unload"],"picked":"True Grit+1","floor":14.0},{"not_picked":["Thinking Ahead+1","HandOfGreed"],"picked":"Fiend Fire","floor":16.0},{"not_picked":["Ball Lightning","True Grit+1"],"picked":"Armaments+1","floor":18.0},{"not_picked":["Deflect+1","Evolve"],"picked":"Discovery+1","floor":19.0},{"not_picked":["Spot Weakness+1","Clothesline"],"picked":"Turbo+1","floor":23.0},{"not_picked":["Bane","Slice+1"],"picked":"Warcry+1","floor":24.0},{"not_picked":["HandOfGreed","Auto Shields+1"],"picked":"Enlightenment+1","floor":25.0},{"not_picked":["Wild Strike","Heavy Blade","Inflame"],"picked":"SKIP","floor":27.0},{"not_picked":["Underhanded Strike","Steam+1","Dagger Spray"],"picked":"SKIP","floor":31.0},{"not_picked":["Rainbow+1","Fission+1"],"picked":"Venomology+1","floor":33.0},{"not_picked":["Slice","Flex+1"],"picked":"Power Through+1","floor":35.0},{"not_picked":["Redo+1","Clothesline","Steam+1"],"picked":"SKIP","floor":38.0},{"not_picked":["Bludgeon","Capacitor"],"picked":"Backstab+1","floor":39.0},{"not_picked":["Acrobatics+1","Sword Boomerang+1"],"picked":"Self Repair","floor":40.0},{"not_picked":["Clothesline","Poisoned Stab"],"picked":"Grand Finale","floor":42.0},{"not_picked":["Clash","Flex+1","Endless Agony"],"picked":"SKIP","floor":45.0},{"not_picked":["Limit Break+1","Eviscerate"],"picked":"Body Slam+1","floor":46.0},{"not_picked":["Consume+1","Blade Dance+1","Redo+1"],"picked":"Singing Bowl","floor":47.0},{"not_picked":["Ball Lightning","Leap+1"],"picked":"Skim+1","floor":48.0},{"not_picked":["Consume+1","Streamline"],"picked":"Purity+1","floor":49.0},{"not_picked":["Thunder Strike","Melter"],"picked":"Clothesline+1","floor":53.0},{"not_picked":["Pommel Strike","Barrage","Deflect+1"],"picked":"Singing Bowl","floor":55}],"player_experience":4594094,"relics_obtained":[{"floor":6.0,"key":"Blue Candle"},{"floor":9.0,"key":"Toxic Egg 2"},{"floor":12.0,"key":"Bronze Scales"},{"floor":14.0,"key":"WingedGreaves"},{"floor":23.0,"key":"Happy Flower"},{"floor":25.0,"key":"Dream Catcher"},{"floor":27.0,"key":"Nunchaku"},{"floor":39.0,"key":"Calipers"},{"floor":40.0,"key":"Blood Vial"},{"floor":42.0,"key":"Omamori"},{"floor":43.0,"key":"PreservedInsect"},{"floor":45.0,"key":"Bag of Preparation"},{"floor":46.0,"key":"Old Coin"},{"floor":47.0,"key":"Singing Bowl"},{"floor":55,"key":"Whetstone"}],"event_choices":[{"damage_healed":0.0,"max_hp_gain":0.0,"max_hp_loss":0.0,"gold_gain":0.0,"event_name":"The Woman in Blue","player_choice":"Bought 3 Potions","floor":2.0,"gold_loss":0.0,"damage_taken":0.0},{"damage_healed":0.0,"max_hp_gain":0.0,"max_hp_loss":0.0,"gold_gain":75.0,"event_name":"World of Goop","player_choice":"Gather Gold","floor":5.0,"gold_loss":0.0,"damage_taken":11.0},{"damage_healed":17.0,"max_hp_gain":0.0,"max_hp_loss":0.0,"gold_gain":0.0,"event_name":"Mushrooms","player_choice":"Healed and dodged fight","floor":8.0,"gold_loss":0.0,"damage_taken":0.0,"cards_obtained":["Parasite"]},{"damage_healed":0.0,"max_hp_gain":0.0,"max_hp_loss":0.0,"gold_gain":0.0,"event_name":"Upgrade Shrine","player_choice":"Upgraded","floor":10.0,"gold_loss":0.0,"damage_taken":0.0,"cards_upgraded":["Infernal Blade"]},{"damage_healed":0.0,"max_hp_gain":0.0,"max_hp_loss":0.0,"gold_gain":0.0,"event_name":"Wheel of Change","player_choice":"Damaged","floor":21.0,"gold_loss":0.0,"damage_taken":10.0},{"cards_removed":["Havoc"],"damage_healed":0.0,"max_hp_gain":0.0,"max_hp_loss":0.0,"gold_gain":0.0,"event_name":"Back to Basics","player_choice":"Elegance","floor":28.0,"gold_loss":0.0,"damage_taken":0.0},{"damage_healed":0.0,"max_hp_gain":0.0,"max_hp_loss":0.0,"gold_gain":0.0,"event_name":"Winding Halls","player_choice":"Embrace Madness","floor":36.0,"gold_loss":0.0,"damage_taken":12.0,"cards_obtained":["Madness","Madness"]},{"damage_healed":0.0,"max_hp_gain":0.0,"max_hp_loss":0.0,"gold_gain":0.0,"event_name":"Mysterious Sphere","player_choice":"Fight","floor":39.0,"gold_loss":0.0,"damage_taken":0.0}],"is_beta":false,"boss_relics":[{"not_picked":["Busted Crown","Runic Dome"],"picked":"White Beast Statue"},{"not_picked":["Snecko Eye","Astrolabe"],"picked":"Fusion Hammer"}],"items_purged_floors":[20,54],"is_endless":false,"potions_floor_spawned":[1,4,11,14,16,18,19,23,24,25,27,31,33,35,38,39,40,42,45,46,47,48,55],"ascension_level":20}