{"gold_per_floor":[113,126,51,67,142,142,175,175,228,198,198,209,209,229,229,330,330,344,309,309,309],"floor_reached":21,"playtime":1393,"items_purged":["Normality"],"score":267,"play_id":"2fe4afec-9116-4127-8116-6002a228b24e","local_time":"20190226235103","is_ascension_mode":true,"campfire_choices":[{"data":"Barricade","floor":6.0,"key":"SMITH"},{"floor":8.0,"key":"REST"},{"data":"Offering","floor":13.0,"key":"SMITH"},{"data":"Bash","floor":15.0,"key":"SMITH"}],"neow_cost":"CURSE","seed_source_timestamp":875015115678964,"circlet_count":0,"master_deck":["Defend_R","Defend_R","Defend_R","Defend_R","Bash+1","Offering+1","Pummel","Flame Barrier","Barricade+1","Body Slam","Evolve","Fiend Fire","Shrug It Off","Bite","Bite","Bite","Bite","Bite"],"special_seed":0,"relics":["Burning Blood","Art of War","Runic Pyramid"],"potions_floor_usage":[],"damage_taken":[{"damage":12.0,"enemies":"Cultist","floor":1.0,"turns":3.0},{"damage":6.0,"enemies":"2 Louse","floor":2.0,"turns":2.0},{"damage":4.0,"enemies":"Jaw Worm","floor":4.0,"turns":4.0},{"damage":39.0,"enemies":"3 Sentries","floor":7.0,"turns":11.0},{"damage":12.0,"enemies":"Looter","floor":10.0,"turns":4.0},{"damage":10.0,"enemies":"Large Slime","floor":12.0,"turns":9.0},{"damage":18.0,"enemies":"3 Louse","floor":14.0,"turns":4.0},{"damage":37.0,"enemies":"Slime Boss","floor":16.0,"turns":19.0},{"damage":12.0,"enemies":"Shell Parasite","floor":18.0,"turns":6.0},{"damage":47.0,"enemies":"2 Thieves","floor":19.0,"turns":5.0},{"damage":39,"enemies":"Shelled Parasite and Fungi","floor":21,"turns":3}],"seed_played":"-3531434633365178502","potions_obtained":[{"floor":2.0,"key":"Dexterity Potion"},{"floor":4.0,"key":"Explosive Potion"},{"floor":14.0,"key":"Explosive Potion"},{"floor":19.0,"key":"Explosive Potion"}],"is_trial":false,"path_per_floor":["M","M","$","M","?","R","E","R","T","M","?","M","R","M","R","B",null,"M","M","?","M"],"character_chosen":"IRONCLAD","items_purchased":[],"campfire_rested":1,"item_purchase_floors":[],"current_hp_per_floor":[66,66,66,68,57,57,24,48,48,44,70,68,68,58,58,29,67,63,24,24,0],"gold":309,"neow_bonus":"TRANSFORM_TWO_CARDS","is_prod":false,"is_daily":false,"chose_seed":false,"campfire_upgraded":3,"win_rate":0,"timestamp":1551192663,"path_taken":["M","M","$","M","?","R","E","R","T","M","?","M","R","M","R","BOSS","M","M","?","M"],"build_version":"2019-01-23","purchased_purges":1,"victory":false,"max_hp_per_floor":[80,80,80,80,80,80,80,80,80,80,80,80,80,80,80,80,80,80,80,80,80],"card_choices":[{"not_picked":["Warcry","Twin Strike"],"picked":"Flame Barrier","floor":1.0},{"not_picked":["Hemokinesis","Anger","Havoc"],"picked":"SKIP","floor":2.0},{"not_picked":["Pommel Strike","Flame Barrier"],"picked":"Barricade","floor":4.0},{"not_picked":["Berserk","Flex","Anger"],"picked":"SKIP","floor":7.0},{"not_picked":["Berserk","Flex","Anger"],"picked":"SKIP","floor":7.0},{"not_picked":["Berserk","Flex","Anger"],"picked":"SKIP","floor":7.0},{"not_picked":["Thunderclap","Blood for Blood"],"picked":"Body Slam","floor":10.0},{"not_picked":["Perfected Strike","Ghostly Armor"],"picked":"Evolve","floor":12.0},{"not_picked":["Dropkick","Headbutt","Pommel Strike"],"picked":"SKIP","floor":14.0},{"not_picked":["Offering","Barricade"],"picked":"Fiend Fire","floor":16.0},{"not_picked":["Iron Wave","Seeing Red","Searing Blow"],"picked":"SKIP","floor":18.0},{"not_picked":["Pommel Strike+1","Perfected Strike"],"picked":"Shrug It Off","floor":19.0}],"player_experience":197317,"relics_obtained":[{"floor":7.0,"key":"Art of War"},{"floor":9.0,"key":"Blood Vial"}],"event_choices":[{"damage_healed":0.0,"max_hp_gain":0.0,"max_hp_loss":0.0,"gold_gain":75.0,"event_name":"World of Goop","player_choice":"Gather Gold","floor":5.0,"gold_loss":0.0,"damage_taken":11.0},{"damage_healed":26.0,"max_hp_gain":0.0,"max_hp_loss":0.0,"gold_gain":0.0,"event_name":"Big Fish","player_choice":"Banana","floor":11.0,"gold_loss":0.0,"damage_taken":0.0},{"damage_healed":0.0,"max_hp_gain":0.0,"max_hp_loss":0.0,"gold_gain":0.0,"event_name":"Vampires","player_choice":"Became a vampire (Vial)","floor":20.0,"relics_lost":["Blood Vial"],"gold_loss":0.0,"damage_taken":0.0,"cards_obtained":["Bite","Bite","Bite","Bite","Bite"]}],"is_beta":false,"boss_relics":[{"not_picked":["Runic Cube","Philosopher\u0027s Stone"],"picked":"Runic Pyramid"}],"items_purged_floors":[3],"is_endless":false,"potions_floor_spawned":[2,4,14,19],"killed_by":"Shelled Parasite and Fungi","ascension_level":7}