{"gold_per_floor":[110,127,140,157,169,169,195,195,195,220,237,237,253,101,101,174,174,188,88,104,119,9,35,35,62,62,62,96,115,115,115,115,190,190,200,217,229,2,16,16,49,61,73,105,130,142,154,201,213,225,237,249,261,40,73,73],"floor_reached":57,"playtime":2479,"items_purged":["Defend_G","Strike_G","Adrenaline"],"score":3468,"play_id":"6182efeb-5de4-41e5-881a-5fae461600e2","local_time":"20190316022825","is_ascension_mode":true,"campfire_choices":[{"data":"Crippling Poison","floor":6.0,"key":"SMITH"},{"data":"Defend_G","floor":8.0,"key":"PURGE"},{"data":"Strike_G","floor":12.0,"key":"PURGE"},{"data":"Strike_G","floor":15.0,"key":"PURGE"},{"data":"Strike_G","floor":24,"key":"PURGE"},{"data":"Defend_G","floor":27,"key":"PURGE"},{"data":"Calculated Gamble","floor":30,"key":"SMITH"},{"data":"Strike_G","floor":32,"key":"PURGE"},{"data":"Reflex","floor":40,"key":"SMITH"},{"data":"Defend_G","floor":42,"key":"PURGE"},{"data":"Cloak And Dagger","floor":46,"key":"PURGE"},{"floor":49,"key":"RECALL"},{"data":"Grand Finale","floor":53,"key":"PURGE"}],"neow_cost":"TEN_PERCENT_HP_LOSS","seed_source_timestamp":180231836304900,"circlet_count":0,"master_deck":["AscendersBane","Survivor","Neutralize","Backflip","Well Laid Plans","Crippling Poison+1","Calculated Gamble+1","Concentrate+1","Tactician","Reflex+1","Footwork","Acrobatics"],"special_seed":0,"relics":["Ring of the Snake","Ice Cream","Peace Pipe","Shuriken","Orichalcum","Runic Pyramid","Gambling Chip","Turnip","Tingsha","Coffee Dripper","TheAbacus","MawBank","Mercury Hourglass","Letter Opener","Pear"],"potions_floor_usage":[16,16,23,41,56,56],"damage_taken":[{"damage":1.0,"enemies":"Cultist","floor":1.0,"turns":4.0},{"damage":5.0,"enemies":"Small Slimes","floor":2.0,"turns":6.0},{"damage":0.0,"enemies":"2 Louse","floor":3.0,"turns":3.0},{"damage":1.0,"enemies":"Red Slaver","floor":4.0,"turns":5.0},{"damage":0.0,"enemies":"Large Slime","floor":5.0,"turns":7.0},{"damage":10.0,"enemies":"Lagavulin","floor":7.0,"turns":7.0},{"damage":9.0,"enemies":"3 Sentries","floor":10.0,"turns":6.0},{"damage":2.0,"enemies":"Blue Slaver","floor":11.0,"turns":4.0},{"damage":4.0,"enemies":"Lots of Slimes","floor":13.0,"turns":2.0},{"damage":0,"enemies":"The Guardian","floor":16,"turns":11},{"damage":4,"enemies":"Shell Parasite","floor":18,"turns":3},{"damage":0,"enemies":"Spheric Guardian","floor":20,"turns":3},{"damage":2,"enemies":"Chosen and Byrds","floor":21,"turns":4},{"damage":9,"enemies":"Book of Stabbing","floor":23,"turns":4},{"damage":4,"enemies":"Gremlin Leader","floor":25,"turns":4},{"damage":0,"enemies":"Book of Stabbing","floor":28,"turns":2},{"damage":0,"enemies":"Centurion and Healer","floor":29,"turns":1},{"damage":0,"enemies":"Automaton","floor":33,"turns":4},{"damage":0,"enemies":"Orb Walker","floor":35,"turns":1},{"damage":0,"enemies":"3 Darklings","floor":36,"turns":1},{"damage":0,"enemies":"Sphere and 2 Shapes","floor":37,"turns":3},{"damage":0,"enemies":"Maw","floor":39,"turns":3},{"damage":20,"enemies":"Nemesis","floor":41,"turns":5},{"damage":0,"enemies":"3 Darklings","floor":44,"turns":1},{"damage":0,"enemies":"Spire Growth","floor":45,"turns":1},{"damage":0,"enemies":"Reptomancer","floor":48,"turns":1},{"damage":0,"enemies":"Time Eater","floor":50,"turns":2},{"damage":0,"enemies":"Donu and Deca","floor":51,"turns":1},{"damage":0,"enemies":"Shield and Spear","floor":55,"turns":1},{"damage":0,"enemies":"The Heart","floor":56,"turns":4}],"seed_played":"1833302070292032786","potions_obtained":[{"floor":3.0,"key":"Fire Potion"},{"floor":5.0,"key":"EntropicBrew"},{"floor":7.0,"key":"PowerPotion"},{"floor":11.0,"key":"SkillPotion"},{"floor":16,"key":"LiquidBronze"},{"floor":20,"key":"Dexterity Potion"},{"floor":25,"key":"Poison Potion"},{"floor":41,"key":"Energy Potion"}],"is_trial":false,"path_per_floor":["M","M","M","M","M","R","E","R","T","E","M","R","M","$","R","B",null,"M","$","M","M","?","E","R","E","T","R","E","M","R","$","R","B",null,"M","M","M","$","M","R","E","R","T","M","M","R","?","E","R","B","B",null,"R","$","E","B",null],"character_chosen":"THE_SILENT","items_purchased":["Tactician","TheAbacus","Dexterity Potion","PowerPotion"],"campfire_rested":0,"item_purchase_floors":[14,38,54,54],"current_hp_per_floor":[58,53,53,52,52,52,42,42,42,33,31,31,27,27,27,27,52,48,48,48,46,46,37,37,33,33,33,33,33,33,33,33,33,53,53,53,53,53,53,53,33,33,33,33,33,33,33,33,33,33,33,53,53,53,63,63],"gold":73,"neow_bonus":"ONE_RARE_RELIC","is_prod":false,"is_daily":false,"chose_seed":false,"campfire_upgraded":3,"win_rate":0,"timestamp":1552670905,"path_taken":["M","M","M","M","M","R","E","R","T","E","M","R","M","$","R","BOSS","M","$","?","M","?","E","R","E","T","R","E","?","R","?","R","BOSS","M","M","M","$","?","R","E","R","T","M","M","R","?","E","R","BOSS","BOSS","R","$","E","BOSS"],"build_version":"2019-01-23","purchased_purges":3,"victory":true,"max_hp_per_floor":[60,60,60,60,60,60,60,60,60,60,60,60,60,60,60,60,60,60,60,60,60,60,60,60,60,60,60,60,60,60,60,60,60,60,60,60,60,60,60,60,60,60,60,60,60,60,60,60,60,60,60,60,60,60,70,70],"card_choices":[{"not_picked":["Bane","Blur"],"picked":"Backflip","floor":1.0},{"not_picked":["Dodge and Roll","Deflect"],"picked":"Quick Slash","floor":2.0},{"not_picked":["Reflex","Sucker Punch"],"picked":"Well Laid Plans","floor":3.0},{"not_picked":["Prepared","Backflip"],"picked":"Cloak And Dagger","floor":4.0},{"not_picked":["Setup","Blade Dance"],"picked":"Crippling Poison","floor":5.0},{"not_picked":["Tools of the Trade","Underhanded Strike"],"picked":"Calculated Gamble","floor":7.0},{"not_picked":["Bane","Tools of the Trade"],"picked":"Grand Finale","floor":10.0},{"not_picked":["Dodge and Roll","Distraction","Blade Dance"],"picked":"SKIP","floor":11.0},{"not_picked":["Dodge and Roll","Poisoned Stab"],"picked":"Concentrate","floor":13.0},{"not_picked":["Unload","Storm of Steel"],"picked":"Adrenaline","floor":16},{"not_picked":["Underhanded Strike","Bane","Prepared"],"picked":"SKIP","floor":18},{"not_picked":["Prepared","Dagger Spray"],"picked":"Reflex","floor":20},{"not_picked":["Crippling Poison","Deadly Poison","Prepared"],"picked":"SKIP","floor":21},{"not_picked":["Quick Slash+1","Underhanded Strike","Noxious Fumes"],"picked":"SKIP","floor":23},{"not_picked":["Heel Hook","Storm of Steel","Eviscerate"],"picked":"SKIP","floor":25},{"not_picked":["Blade Dance","Deflect","Heel Hook"],"picked":"SKIP","floor":28},{"not_picked":["Quick Slash","Predator"],"picked":"Footwork","floor":29},{"not_picked":["Acrobatics","Predator+1","Eviscerate"],"picked":"SKIP","floor":35},{"not_picked":["Bouncing Flask","Eviscerate","Slice"],"picked":"SKIP","floor":36},{"not_picked":["Dagger Throw+1","Deadly Poison","Dash"],"picked":"SKIP","floor":37},{"not_picked":["Leg Sweep+1","Outmaneuver","Quick Slash"],"picked":"SKIP","floor":39},{"not_picked":["Quick Slash","Distraction+1","Dodge and Roll+1"],"picked":"SKIP","floor":41},{"not_picked":["Outmaneuver","Dagger Spray"],"picked":"Acrobatics","floor":44},{"not_picked":["Prepared","Concentrate","Escape Plan"],"picked":"SKIP","floor":45},{"not_picked":["Dagger Spray","Dagger Throw","Tactician+1"],"picked":"SKIP","floor":48},{"not_picked":["Infinite Blades+1","Phantasmal Killer","Sucker Punch"],"picked":"SKIP","floor":55}],"player_experience":4546878,"relics_obtained":[{"floor":7.0,"key":"Peace Pipe"},{"floor":9.0,"key":"Shuriken"},{"floor":10.0,"key":"Orichalcum"},{"floor":23,"key":"Gambling Chip"},{"floor":25,"key":"Turnip"},{"floor":28,"key":"Tingsha"},{"floor":41,"key":"MawBank"},{"floor":43,"key":"Mercury Hourglass"},{"floor":48,"key":"Letter Opener"},{"floor":55,"key":"Pear"}],"event_choices":[{"cards_removed":["Defend_G"],"damage_healed":0,"gold_gain":0,"player_choice":"Upgrade and Remove","damage_taken":0,"max_hp_gain":0,"max_hp_loss":0,"event_name":"Designer","floor":22,"gold_loss":110,"cards_upgraded":["Concentrate"]},{"cards_removed":["Quick Slash"],"damage_healed":0,"gold_gain":0,"player_choice":"Card Removal","damage_taken":0,"max_hp_gain":0,"max_hp_loss":0,"event_name":"Wheel of Change","floor":47,"gold_loss":0}],"is_beta":false,"boss_relics":[{"not_picked":["Ectoplasm","Fusion Hammer"],"picked":"Runic Pyramid"},{"not_picked":["Runic Dome","Velvet Choker"],"picked":"Coffee Dripper"}],"items_purged_floors":[14,19,54],"is_endless":false,"potions_floor_spawned":[3,5,7,11,16,20,25,28,29,36,41,45,48],"ascension_level":20}