{"gold_per_floor":[118,118,128,146,30,58,58,58,81,101,130,130,110,138,138,210,210,222,5,24,40,51,51,51,62,86,46,46,46,60,77,77,77],"floor_reached":33,"playtime":1015,"items_purged":["Regret"],"score":514,"play_id":"e06517e0-4199-4bc1-82f4-fe268d3b2fe8","local_time":"20190211022954","daily_mods":["Diverse"],"is_ascension_mode":true,"campfire_choices":[{"floor":7,"key":"REST"},{"floor":12,"key":"REST"},{"data":"Noxious Fumes","floor":15,"key":"SMITH"},{"floor":23,"key":"REST"},{"floor":24,"key":"REST"},{"data":"Apotheosis","floor":28,"key":"SMITH"},{"floor":32,"key":"REST"}],"neow_cost":"","seed_source_timestamp":0,"circlet_count":0,"master_deck":["AscendersBane","Strike_R","Strike_R","Strike_R","Strike_R","Strike_R","Defend_R","Defend_R+1","Defend_R","Defend_R","Bash","Injury","Injury","Deadly Poison+1","Dagger Spray","Deadly Poison","Noxious Fumes+1","Leg Sweep+1","Backflip","Footwork","Die Die Die","Cloak And Dagger","Deflect","Secret Technique","Dodge and Roll","Deadly Poison","Sweeping Beam+1","Apotheosis+1","Cloak And Dagger","True Grit+1","Body Slam","Dash"],"relics":["Burning Blood","PrismaticShard","Calling Bell","Anchor","Letter Opener","WingedGreaves","Boot","Happy Flower","Odd Mushroom","War Paint","Orrery","Toxic Egg 2"],"potions_floor_usage":[6,14,16,31,33,33],"damage_taken":[{"damage":12,"enemies":"2 Louse","floor":1,"turns":4},{"damage":10,"enemies":"Cultist","floor":3,"turns":4},{"damage":15,"enemies":"Small Slimes","floor":4,"turns":4},{"damage":36,"enemies":"Gremlin Nob","floor":6,"turns":4},{"damage":8,"enemies":"Red Slaver","floor":10,"turns":3},{"damage":23,"enemies":"The Mushroom Lair","floor":11,"turns":5},{"damage":11,"enemies":"Lagavulin","floor":14,"turns":7},{"damage":9,"enemies":"Hexaghost","floor":16,"turns":9},{"damage":7,"enemies":"Shell Parasite","floor":18,"turns":7},{"damage":17,"enemies":"Chosen","floor":20,"turns":7},{"damage":36,"enemies":"3 Cultists","floor":21,"turns":6},{"damage":10,"enemies":"Snecko","floor":22,"turns":4},{"damage":41,"enemies":"Sentry and Sphere","floor":25,"turns":8},{"damage":12,"enemies":"Chosen and Byrds","floor":30,"turns":5},{"damage":18,"enemies":"Snake Plant","floor":31,"turns":5},{"damage":45,"enemies":"Collector","floor":33,"turns":9}],"seed_played":"-1473560367642299402","potions_obtained":[{"floor":1,"key":"Ancient Potion"},{"floor":3,"key":"SpeedPotion"},{"floor":4,"key":"FearPotion"},{"floor":11,"key":"EssenceOfSteel"},{"floor":14,"key":"PowerPotion"},{"floor":18,"key":"SteroidPotion"},{"floor":31,"key":"EssenceOfSteel"}],"is_trial":true,"path_per_floor":["M","?","M","M","$","E","R","?","T","M","?","R","?","E","R","B",null,"M","$","M","M","M","R","R","M","T","$","R","T","M","M","R","B"],"character_chosen":"IRONCLAD","items_purchased":["Noxious Fumes","Apotheosis","Dash"],"campfire_rested":5,"item_purchase_floors":[5,19,27],"current_hp_per_floor":[62,62,58,49,49,19,41,30,30,28,11,33,33,28,28,25,63,62,62,51,21,17,39,61,26,26,26,26,26,20,8,30,0],"gold":77,"neow_bonus":"","is_prod":false,"is_daily":false,"chose_seed":false,"campfire_upgraded":2,"win_rate":0,"timestamp":1549819794,"path_taken":["M","?","?","M","$","E","R","?","T","?","?","R","?","E","R","BOSS","M","?","M","?","M","R","R","?","T","$","R","?","M","M","R","BOSS"],"build_version":"2019-01-23","purchased_purges":1,"victory":false,"max_hp_per_floor":[75,75,75,75,75,75,75,75,75,75,75,75,75,75,75,75,75,75,75,75,75,75,75,75,75,75,75,75,75,75,75,75,75],"card_choices":[{"not_picked":["Havoc","PanicButton"],"picked":"Deadly Poison","floor":1},{"not_picked":["Heavy Blade","Steam"],"picked":"Dagger Spray","floor":3},{"not_picked":["Ball Lightning","Quick Slash"],"picked":"Deadly Poison","floor":4},{"not_picked":["Well Laid Plans","Bane"],"picked":"Leg Sweep","floor":6},{"not_picked":["Discovery","Bludgeon"],"picked":"Backflip","floor":10},{"not_picked":["Clash","Reinforced Body"],"picked":"Footwork","floor":11},{"not_picked":["Wild Strike","Compile Driver","Beam Cell"],"picked":"SKIP","floor":14},{"not_picked":["Burst","Immolate"],"picked":"Die Die Die","floor":16},{"not_picked":["Cleave","Acrobatics"],"picked":"Cloak And Dagger","floor":17},{"not_picked":["Fire Breathing","Calculated Gamble"],"picked":"Deflect","floor":17},{"not_picked":["PiercingWail","Purity"],"picked":"Secret Technique","floor":17},{"not_picked":["Flame Barrier","Deep Breath"],"picked":"Dodge and Roll","floor":17},{"not_picked":["Deflect","Clothesline"],"picked":"Deadly Poison","floor":17},{"not_picked":["Predator","Aggregate"],"picked":"Sweeping Beam+1","floor":18},{"not_picked":["Quick Slash+1","Sucker Punch"],"picked":"Cloak And Dagger","floor":20},{"not_picked":["Twin Strike","Sunder","Cloak And Dagger"],"picked":"SKIP","floor":21},{"not_picked":["Clash","Underhanded Strike"],"picked":"True Grit+1","floor":22},{"not_picked":["Impatience","Choke"],"picked":"Body Slam","floor":25},{"not_picked":["Cleave","Havoc+1","Sword Boomerang"],"picked":"SKIP","floor":30},{"not_picked":["Riddle With Holes","Perfected Strike","Mind Blast"],"picked":"SKIP","floor":31}],"player_experience":4258006,"relics_obtained":[{"floor":0,"key":"Anchor"},{"floor":0,"key":"Letter Opener"},{"floor":0,"key":"WingedGreaves"},{"floor":6,"key":"Boot"},{"floor":9,"key":"Happy Flower"},{"floor":11,"key":"Odd Mushroom"},{"floor":14,"key":"War Paint"},{"floor":29,"key":"Toxic Egg 2"}],"event_choices":[{"damage_healed":0,"gold_gain":0,"player_choice":"Forge","damage_taken":0,"max_hp_gain":0,"max_hp_loss":0,"event_name":"Accursed Blacksmith","floor":2,"gold_loss":0,"cards_upgraded":["Deadly Poison"]},{"damage_healed":0,"gold_gain":0,"player_choice":"Damaged","damage_taken":11,"max_hp_gain":0,"max_hp_loss":0,"event_name":"Wheel of Change","floor":8,"gold_loss":0},{"damage_healed":0,"gold_gain":0,"player_choice":"Fought Mushrooms","damage_taken":0,"max_hp_gain":0,"max_hp_loss":0,"event_name":"Mushrooms","floor":11,"gold_loss":0},{"damage_healed":0,"gold_gain":0,"player_choice":"Bought 1 Potion","damage_taken":0,"max_hp_gain":0,"max_hp_loss":0,"event_name":"The Woman in Blue","floor":13,"gold_loss":0}],"is_beta":false,"boss_relics":[{"not_picked":["Runic Cube","Mark of Pain"],"picked":"Orrery"}],"items_purged_floors":[5],"is_endless":false,"potions_floor_spawned":[1,3,4,11,14,18,20,25,31],"killed_by":"Collector","ascension_level":20}