{"gold_per_floor":[114,129,144,144,144,144,174,189,189,189,58,73,88,103,103,203,203,218,143,43,58,58],"floor_reached":22,"playtime":1768,"items_purged":["Pain","Pain"],"score":188,"play_id":"cad29bf7-f6c2-4355-aea0-058726d6aea0","local_time":"20190125204410","daily_mods":["Draft","Red Cards","Binary"],"is_ascension_mode":false,"campfire_choices":[{"data":"Deadly Poison","floor":6,"key":"SMITH"},{"data":"Evolve","floor":10,"key":"SMITH"},{"data":"Armaments","floor":15,"key":"SMITH"}],"neow_cost":"","seed_source_timestamp":0,"circlet_count":0,"master_deck":["True Grit","Footwork+1","Evolve+1","Anger","Headbutt","Heavy Blade","Metallicize","Backflip","Dropkick","Dual Wield","Deadly Poison+1","Quick Slash","Prepared","Endless Agony","Thunderclap","Calculated Gamble","Bane+1","Pummel","Acrobatics","Power Through","Noxious Fumes","Quick Slash","Flex","Armaments+1","Double Tap","Doubt","Cloak And Dagger","Deflect+1"],"special_seed":17921,"relics":["Ring of the Snake","Potion Belt","Mercury Hourglass","Calling Bell","Snake Skull","Question Card","Calipers"],"potions_floor_usage":[16,16,21],"damage_taken":[{"damage":0,"enemies":"Small Slimes","floor":1,"turns":3},{"damage":0,"enemies":"2 Louse","floor":2,"turns":2},{"damage":0,"enemies":"Cultist","floor":3,"turns":3},{"damage":3,"enemies":"Gremlin Nob","floor":7,"turns":3},{"damage":4,"enemies":"Blue Slaver","floor":8,"turns":3},{"damage":0,"enemies":"Large Slime","floor":12,"turns":4},{"damage":10,"enemies":"Looter","floor":13,"turns":2},{"damage":10,"enemies":"Red Slaver","floor":14,"turns":2},{"damage":15,"enemies":"The Guardian","floor":16,"turns":8},{"damage":18,"enemies":"Chosen","floor":18,"turns":5},{"damage":27,"enemies":"2 Thieves","floor":21,"turns":4},{"damage":31,"enemies":"Sentry and Sphere","floor":22,"turns":5}],"seed_played":"-8504113597204793888","potions_obtained":[{"floor":3,"key":"Dexterity Potion"},{"floor":7,"key":"Poison Potion"},{"floor":16,"key":"FearPotion"},{"floor":18,"key":"Strength Potion"}],"is_trial":false,"path_per_floor":["M","M","M","?","?","R","E","M","T","R","$","M","M","M","R","B",null,"M","$","$","M","M"],"character_chosen":"THE_SILENT","items_purchased":["Noxious Fumes","Quick Slash"],"campfire_rested":0,"item_purchase_floors":[11,11],"current_hp_per_floor":[70,70,70,70,70,70,67,63,63,63,63,63,53,43,43,28,70,52,52,52,25,0],"gold":58,"neow_bonus":"","is_prod":false,"is_daily":true,"chose_seed":false,"campfire_upgraded":3,"win_rate":0,"timestamp":1548445450,"path_taken":["M","M","M","?","?","R","E","M","T","R","$","M","M","M","R","BOSS","M","?","$","M","M"],"build_version":"2019-01-23","purchased_purges":2,"victory":false,"max_hp_per_floor":[70,70,70,70,70,70,70,70,70,70,70,70,70,70,70,70,70,70,70,70,70,70],"card_choices":[{"not_picked":["Perfected Strike","Poisoned Stab"],"picked":"True Grit","floor":0},{"not_picked":["Flying Knee","Calculated Gamble"],"picked":"Footwork","floor":0},{"not_picked":["Rage","Prepared"],"picked":"Evolve","floor":0},{"not_picked":["Dagger Spray","Dodge and Roll"],"picked":"Anger","floor":0},{"not_picked":["Dodge and Roll","Shrug It Off"],"picked":"Headbutt","floor":0},{"not_picked":["Endless Agony","PiercingWail"],"picked":"Heavy Blade","floor":0},{"not_picked":["Havoc","Outmaneuver"],"picked":"Metallicize","floor":0},{"not_picked":["Sucker Punch","Body Slam"],"picked":"Backflip","floor":0},{"not_picked":["Underhanded Strike","Masterful Stab"],"picked":"Dropkick","floor":0},{"not_picked":["Combust","Dagger Spray"],"picked":"Dual Wield","floor":0},{"not_picked":["Endless Agony","Body Slam"],"picked":"Deadly Poison","floor":0},{"not_picked":["Blood for Blood","Shockwave"],"picked":"Quick Slash","floor":0},{"not_picked":["Body Slam","Setup"],"picked":"Prepared","floor":0},{"not_picked":["Iron Wave","Thunderclap"],"picked":"Endless Agony","floor":0},{"not_picked":["Intimidate","Clothesline"],"picked":"Thunderclap","floor":0},{"not_picked":["Entrench"],"picked":"Calculated Gamble","floor":1},{"not_picked":["Dodge and Roll"],"picked":"Bane","floor":2},{"not_picked":["Iron Wave"],"picked":"Pummel","floor":3},{"not_picked":["Dropkick"],"picked":"Acrobatics","floor":7},{"not_picked":["Combust"],"picked":"Power Through","floor":8},{"not_picked":["Body Slam","Corruption"],"picked":"SKIP","floor":12},{"not_picked":["Infinite Blades"],"picked":"Flex","floor":13},{"not_picked":["Slice"],"picked":"Armaments","floor":14},{"not_picked":["Juggernaut"],"picked":"Double Tap","floor":16},{"not_picked":["Masterful Stab","All Out Attack"],"picked":"Cloak And Dagger","floor":18},{"not_picked":["Flying Knee","Thunderclap"],"picked":"Deflect+1","floor":21}],"player_experience":273181,"relics_obtained":[{"floor":7,"key":"Potion Belt"},{"floor":9,"key":"Mercury Hourglass"},{"floor":17,"key":"Snake Skull"},{"floor":17,"key":"Question Card"},{"floor":17,"key":"Calipers"}],"event_choices":[{"damage_healed":0,"gold_gain":0,"player_choice":"Grow","damage_taken":0,"max_hp_gain":0,"max_hp_loss":0,"event_name":"Living Wall","floor":4,"gold_loss":0,"cards_upgraded":["Footwork"]},{"damage_healed":0,"gold_gain":0,"player_choice":"Forge","damage_taken":0,"max_hp_gain":0,"max_hp_loss":0,"event_name":"Accursed Blacksmith","floor":5,"gold_loss":0,"cards_upgraded":["Bane"]}],"is_beta":false,"boss_relics":[{"not_picked":["Fusion Hammer","Coffee Dripper"],"picked":"Calling Bell"}],"items_purged_floors":[19,20],"is_endless":false,"potions_floor_spawned":[3,7,16,18],"killed_by":"Sentry and Sphere","ascension_level":0}