{"gold_per_floor":[116,128,147,165,176,176,194,194,219,219,253,272,30,64,64,141,141,157,157,257,280,11,11,41,41,68,68,95,95,120,138,138,138],"floor_reached":33,"playtime":976,"items_purged":["Strike_B"],"score":676,"play_id":"c970fe43-0fa6-4ec7-906b-0fc1231a84ec","local_time":"20190219013122","is_ascension_mode":true,"campfire_choices":[{"data":"Lockon","floor":6.0,"key":"SMITH"},{"data":"Defragment","floor":8.0,"key":"SMITH"},{"data":"Beam Cell","floor":15.0,"key":"SMITH"},{"floor":23.0,"key":"REST"},{"floor":25.0,"key":"REST"},{"floor":27.0,"key":"REST"},{"data":"Loop","floor":29.0,"key":"SMITH"},{"floor":32,"key":"REST"}],"neow_cost":"NONE","seed_source_timestamp":385731866935200,"circlet_count":0,"master_deck":["AscendersBane","Strike_B","Strike_B","Defend_B","Defend_B","Defend_B","Defend_B","Zap+1","Dualcast","Reboot","Cold Snap","Ball Lightning","Compile Driver","Lockon+1","Genetic Algorithm","Defragment+1","Beam Cell+1","Undo","Doom and Gloom","Core Surge","Leap","Streamline+1","Loop+1","Self Repair","Seek","Ball Lightning"],"special_seed":0,"relics":["Cracked Core","Blood Vial","Bronze Scales","PreservedInsect","Boot","Inserter","Unceasing Top","Bottled Tornado","Potion Belt","OrangePellets","Lantern","Bag of Preparation","Regal Pillow","Omamori"],"potions_floor_usage":[30],"damage_taken":[{"damage":12.0,"enemies":"Jaw Worm","floor":1.0,"turns":3.0},{"damage":0.0,"enemies":"Cultist","floor":2.0,"turns":3.0},{"damage":2.0,"enemies":"2 Louse","floor":3.0,"turns":3.0},{"damage":2.0,"enemies":"Exordium Wildlife","floor":4.0,"turns":5.0},{"damage":8.0,"enemies":"Blue Slaver","floor":5.0,"turns":2.0},{"damage":1.0,"enemies":"Looter","floor":7.0,"turns":2.0},{"damage":0.0,"enemies":"Gremlin Nob","floor":11.0,"turns":2.0},{"damage":4.0,"enemies":"Large Slime","floor":12.0,"turns":4.0},{"damage":3.0,"enemies":"Lagavulin","floor":14.0,"turns":5.0},{"damage":13.0,"enemies":"Hexaghost","floor":16.0,"turns":6.0},{"damage":0.0,"enemies":"3 Byrds","floor":18.0,"turns":2.0},{"damage":22.0,"enemies":"Colosseum Slavers","floor":20.0,"turns":4.0},{"damage":13.0,"enemies":"Colosseum Nobs","floor":20.0,"turns":3.0},{"damage":38.0,"enemies":"Gremlin Leader","floor":24.0,"turns":7.0},{"damage":20.0,"enemies":"Book of Stabbing","floor":28.0,"turns":4.0},{"damage":36,"enemies":"Slavers","floor":30,"turns":5},{"damage":6,"enemies":"Spheric Guardian","floor":31,"turns":3},{"damage":51,"enemies":"Automaton","floor":33,"turns":6}],"seed_played":"-281419360782442739","potions_obtained":[{"floor":1.0,"key":"Explosive Potion"},{"floor":4.0,"key":"Explosive Potion"},{"floor":7.0,"key":"GamblersBrew"},{"floor":11.0,"key":"Block Potion"},{"floor":24.0,"key":"SteroidPotion"},{"floor":30,"key":"LiquidBronze"}],"is_trial":false,"path_per_floor":["M","M","M","M","M","R","M","R","T","?","E","M","$","E","R","B",null,"M","?","?","T","$","R","E","R","T","R","E","R","E","M","R","B"],"character_chosen":"DEFECT","items_purchased":["PreservedInsect","OrangePellets","SpeedPotion"],"campfire_rested":4,"item_purchase_floors":[13,22,22],"current_hp_per_floor":[52,52,50,48,40,40,39,39,39,39,41,39,39,38,38,27,60,62,62,31,31,31,52,16,37,37,58,40,40,6,9,45,0],"gold":138,"neow_bonus":"TRANSFORM_CARD","is_prod":false,"is_daily":false,"chose_seed":false,"campfire_upgraded":4,"win_rate":0,"timestamp":1550507482,"path_taken":["M","M","M","M","M","R","M","R","T","?","E","M","$","E","R","BOSS","M","?","?","?","?","R","E","R","T","R","E","R","E","M","R","BOSS"],"build_version":"2019-01-23","purchased_purges":1,"victory":false,"max_hp_per_floor":[71,71,71,71,71,71,71,71,71,71,71,71,71,71,71,71,71,71,71,71,71,71,71,71,71,71,71,71,71,71,71,71,71],"card_choices":[{"not_picked":["White Noise","Recycle"],"picked":"Cold Snap","floor":1.0},{"not_picked":["Genetic Algorithm","Turbo"],"picked":"Ball Lightning","floor":2.0},{"not_picked":["Aggregate","Steam"],"picked":"Compile Driver","floor":3.0},{"not_picked":["Coolheaded","Chill"],"picked":"Lockon","floor":4.0},{"not_picked":["Coolheaded","Redo"],"picked":"Genetic Algorithm","floor":5.0},{"not_picked":["Seek","Reprogram"],"picked":"Defragment","floor":7.0},{"not_picked":["Compile Driver","Redo"],"picked":"Beam Cell","floor":11.0},{"not_picked":["Heatsinks","Recycle"],"picked":"Undo","floor":12.0},{"not_picked":["Stack","Heatsinks"],"picked":"Doom and Gloom","floor":14.0},{"not_picked":["Amplify","Echo Form"],"picked":"Core Surge","floor":16.0},{"not_picked":["Compile Driver","Streamline"],"picked":"Leap","floor":18.0},{"not_picked":["Sweeping Beam","Leap"],"picked":"Streamline+1","floor":20.0},{"not_picked":["Static Discharge","Conserve Battery"],"picked":"Loop","floor":24.0},{"not_picked":["Compile Driver","Blizzard+1"],"picked":"Self Repair","floor":28.0},{"not_picked":["Genetic Algorithm","Leap"],"picked":"Seek","floor":30},{"not_picked":["Loop","Leap"],"picked":"Ball Lightning","floor":31}],"player_experience":4340393,"relics_obtained":[{"floor":9.0,"key":"Blood Vial"},{"floor":11.0,"key":"Bronze Scales"},{"floor":14.0,"key":"Boot"},{"floor":20.0,"key":"Unceasing Top"},{"floor":20.0,"key":"Bottled Tornado"},{"floor":21.0,"key":"Potion Belt"},{"floor":24.0,"key":"Lantern"},{"floor":26.0,"key":"Bag of Preparation"},{"floor":28.0,"key":"Regal Pillow"},{"floor":30,"key":"Omamori"}],"event_choices":[{"damage_healed":0.0,"max_hp_gain":0.0,"max_hp_loss":0.0,"gold_gain":0.0,"event_name":"Accursed Blacksmith","player_choice":"Forge","floor":10.0,"gold_loss":0.0,"damage_taken":0.0,"cards_upgraded":["Zap"]},{"damage_healed":0.0,"max_hp_gain":0.0,"max_hp_loss":0.0,"gold_gain":0.0,"event_name":"Vampires","player_choice":"Ignored","floor":19.0,"gold_loss":0.0,"damage_taken":0.0},{"damage_healed":0.0,"max_hp_gain":0.0,"max_hp_loss":0.0,"gold_gain":0.0,"event_name":"Colosseum","player_choice":"Fight","floor":20.0,"gold_loss":0.0,"damage_taken":0.0},{"damage_healed":0.0,"max_hp_gain":0.0,"max_hp_loss":0.0,"gold_gain":0.0,"event_name":"Colosseum","player_choice":"Fought Nobs","floor":20.0,"gold_loss":0.0,"damage_taken":0.0}],"is_beta":false,"boss_relics":[{"not_picked":["Black Star","Pandora\u0027s Box"],"picked":"Inserter"}],"items_purged_floors":[13],"is_endless":false,"potions_floor_spawned":[1,4,7,11,20,24,30],"killed_by":"Automaton","ascension_level":20}