{"gold_per_floor":[119,136,153,163,175,175,63,63,63,63,63,43,43,53,53,156,156,167,178,43,59,59,59,91,105,105,105],"floor_reached":27,"playtime":1487,"items_purged":["Strike_R","Regret"],"score":293,"play_id":"837a0e5a-2eb0-4e64-95cb-38d9930555c9","local_time":"20190221224550","is_ascension_mode":true,"campfire_choices":[{"data":"Armaments","floor":6.0,"key":"SMITH"},{"data":"Body Slam","floor":11.0,"key":"SMITH"},{"data":"Second Wind","floor":13.0,"key":"SMITH"},{"data":"Pommel Strike","floor":15.0,"key":"SMITH"},{"floor":23.0,"key":"REST"}],"neow_cost":"TEN_PERCENT_HP_LOSS","seed_source_timestamp":438972897187535,"circlet_count":0,"master_deck":["Strike_R","Strike_R","Strike_R","Strike_R","Defend_R","Defend_R","Defend_R","Defend_R","Bash","Body Slam+1","Sentinel","Armaments+1","Shrug It Off","Perfected Strike","Second Wind+1","Pommel Strike+1","Juggernaut","Spot Weakness","Heavy Blade+1","Bloodletting","Wild Strike","Burning Pact"],"special_seed":0,"relics":["Burning Blood","Ginger","Turnip","Mercury Hourglass","Velvet Choker","MutagenicStrength","Pantograph","Pear"],"potions_floor_usage":[27],"damage_taken":[{"damage":6.0,"enemies":"Cultist","floor":1.0,"turns":3.0},{"damage":12.0,"enemies":"Jaw Worm","floor":2.0,"turns":3.0},{"damage":4.0,"enemies":"Small Slimes","floor":3.0,"turns":4.0},{"damage":17.0,"enemies":"Exordium Wildlife","floor":4.0,"turns":8.0},{"damage":0.0,"enemies":"3 Louse","floor":5.0,"turns":3.0},{"damage":6.0,"enemies":"Large Slime","floor":14.0,"turns":5.0},{"damage":62.0,"enemies":"The Guardian","floor":16.0,"turns":12.0},{"damage":4.0,"enemies":"Chosen","floor":18.0,"turns":4.0},{"damage":29.0,"enemies":"Shell Parasite","floor":19.0,"turns":5.0},{"damage":29.0,"enemies":"3 Cultists","floor":21.0,"turns":5.0},{"damage":46.0,"enemies":"Slavers","floor":24.0,"turns":4.0},{"damage":2.0,"enemies":"Snake Plant","floor":25.0,"turns":4.0},{"damage":25,"enemies":"Colosseum Slavers","floor":27,"turns":3}],"seed_played":"-2856589328387761482","potions_obtained":[{"floor":2.0,"key":"Fire Potion"},{"floor":3.0,"key":"Ancient Potion"},{"floor":5.0,"key":"Dexterity Potion"},{"floor":12.0,"key":"Regen Potion"},{"floor":16.0,"key":"Regen Potion"},{"floor":19.0,"key":"Explosive Potion"},{"floor":24.0,"key":"SpeedPotion"},{"floor":25.0,"key":"Strength Potion"}],"is_trial":false,"path_per_floor":["M","M","M","M","M","R","$","?","T","$","R","?","R","M","R","B",null,"M","M","$","M","?","R","E","M","T","?"],"character_chosen":"IRONCLAD","items_purchased":["Second Wind","Bloodletting"],"campfire_rested":1,"item_purchase_floors":[7,20],"current_hp_per_floor":[72,66,68,57,63,63,63,63,63,63,63,63,63,63,63,22,60,62,53,53,30,30,51,11,15,25,0],"gold":105,"neow_bonus":"ONE_RARE_RELIC","is_prod":false,"is_daily":false,"chose_seed":false,"campfire_upgraded":4,"win_rate":0,"timestamp":1550756750,"path_taken":["M","M","M","?","M","R","$","?","T","$","R","?","R","M","R","BOSS","M","M","$","?","?","R","E","M","T","?"],"build_version":"2019-01-23","purchased_purges":2,"victory":false,"max_hp_per_floor":[72,72,72,72,72,72,72,72,72,72,72,72,72,72,72,72,72,72,72,72,72,72,72,72,72,82,82],"card_choices":[{"not_picked":["Thunderclap","Hemokinesis"],"picked":"Body Slam","floor":1.0},{"not_picked":["Shockwave","Havoc"],"picked":"Sentinel","floor":2.0},{"not_picked":["Iron Wave","Corruption"],"picked":"Armaments","floor":3.0},{"not_picked":["Havoc","Corruption"],"picked":"Shrug It Off","floor":4.0},{"not_picked":["Blood for Blood","Warcry"],"picked":"Perfected Strike","floor":5.0},{"not_picked":["Rage","Pummel"],"picked":"Pommel Strike","floor":14.0},{"not_picked":["Fiend Fire","Exhume"],"picked":"Juggernaut","floor":16.0},{"not_picked":["Rampage+1","Pummel+1"],"picked":"Spot Weakness","floor":18.0},{"not_picked":["Sever Soul","Iron Wave"],"picked":"Heavy Blade+1","floor":19.0},{"not_picked":["Havoc","Flex","Headbutt"],"picked":"SKIP","floor":21.0},{"not_picked":["Heavy Blade","Armaments+1"],"picked":"Wild Strike","floor":24.0},{"not_picked":["Headbutt","True Grit"],"picked":"Burning Pact","floor":25.0}],"player_experience":171186,"relics_obtained":[{"floor":9.0,"key":"Mercury Hourglass"},{"floor":24.0,"key":"Pantograph"},{"floor":26.0,"key":"Pear"}],"event_choices":[{"damage_healed":0.0,"max_hp_gain":0.0,"max_hp_loss":0.0,"gold_gain":0.0,"event_name":"Big Fish","player_choice":"Box","floor":8.0,"gold_loss":0.0,"damage_taken":0.0,"relics_obtained":["Turnip"],"cards_obtained":["Regret"]},{"damage_healed":0.0,"max_hp_gain":0.0,"max_hp_loss":0.0,"gold_gain":0.0,"event_name":"The Woman in Blue","player_choice":"Bought 1 Potion","floor":12.0,"gold_loss":0.0,"damage_taken":0.0},{"damage_healed":0.0,"max_hp_gain":0.0,"max_hp_loss":0.0,"gold_gain":0.0,"event_name":"Drug Dealer","player_choice":"Inject Mutagens","floor":22.0,"gold_loss":0.0,"damage_taken":0.0,"relics_obtained":["MutagenicStrength"]},{"damage_healed":0,"gold_gain":0,"player_choice":"Fight","damage_taken":0,"max_hp_gain":0,"max_hp_loss":0,"event_name":"Colosseum","floor":27,"gold_loss":0}],"is_beta":false,"boss_relics":[{"not_picked":["Philosopher\u0027s Stone","Empty Cage"],"picked":"Velvet Choker"}],"items_purged_floors":[7,20],"is_endless":false,"potions_floor_spawned":[2,3,5,16,19,24,25],"killed_by":"Colosseum Slavers","ascension_level":6}