{"gold_per_floor":[109,34,34,46,60,86,104,104,104,122,146,156,171,204,204,303,303,320,10,25,25,25,56,56,56,56,10,26,26,56,73,73,173,173,188,207,207,226,326,355,371,246,270,120,131,142,152,163,163,163],"floor_reached":51,"playtime":7460,"items_purged":["Strike_R","Regret","Parasite","Writhe"],"score":758,"play_id":"f9eb415c-52bf-4931-9102-8a146185dfc8","local_time":"20190209184931","is_ascension_mode":false,"campfire_choices":[{"floor":8.0,"key":"REST"},{"data":"Barricade","floor":15.0,"key":"SMITH"},{"data":"Body Slam","floor":24,"key":"SMITH"},{"data":"Inflame","floor":29,"key":"SMITH"},{"floor":32,"key":"REST"},{"floor":49,"key":"REST"}],"neow_cost":"","seed_source_timestamp":0,"circlet_count":0,"master_deck":["Strike_R","Strike_R+1","Strike_R","Strike_R+1","Defend_R","Defend_R","Defend_R","Defend_R","Bash","Armaments+1","Battle Trance","Headbutt","Rampage","Juggernaut","Shrug It Off","Barricade+1","Inflame+1","Feel No Pain","Body Slam+1","Decay","Iron Wave","Intimidate+1","Shrug It Off+1","Impervious","Warcry+1","Bloodletting","Madness","Madness","Shockwave+1","True Grit","Pommel Strike+1"],"special_seed":0,"relics":["Burning Blood","Ice Cream","Self Forming Clay","Odd Mushroom","Gremlin Horn","Calling Bell","Regal Pillow","Mummified Hand","FossilizedHelix","MealTicket","StoneCalendar","Bottled Flame","Anchor","Mark of Pain","Charon\u0027s Ashes","Bronze Scales","Whetstone"],"potions_floor_usage":[28,28,45,50,50,50],"damage_taken":[{"damage":3.0,"enemies":"Jaw Worm","floor":1.0,"turns":4.0},{"damage":1.0,"enemies":"Cultist","floor":4.0,"turns":4.0},{"damage":0.0,"enemies":"Small Slimes","floor":5.0,"turns":3.0},{"damage":67.0,"enemies":"Gremlin Nob","floor":6.0,"turns":6.0},{"damage":5.0,"enemies":"Exordium Wildlife","floor":7.0,"turns":4.0},{"damage":7.0,"enemies":"Exordium Thugs","floor":10.0,"turns":4.0},{"damage":3.0,"enemies":"The Mushroom Lair","floor":11.0,"turns":6.0},{"damage":1.0,"enemies":"2 Fungi Beasts","floor":12.0,"turns":5.0},{"damage":5.0,"enemies":"Looter","floor":13.0,"turns":4.0},{"damage":9.0,"enemies":"3 Sentries","floor":14.0,"turns":11.0},{"damage":35.0,"enemies":"The Guardian","floor":16.0,"turns":10.0},{"damage":25,"enemies":"Spheric Guardian","floor":18,"turns":8},{"damage":8,"enemies":"Chosen","floor":20,"turns":6},{"damage":6,"enemies":"Gremlin Leader","floor":23,"turns":7},{"damage":36,"enemies":"Shelled Parasite and Fungi","floor":28,"turns":7},{"damage":32,"enemies":"Slavers","floor":30,"turns":6},{"damage":0,"enemies":"Snecko","floor":31,"turns":6},{"damage":0,"enemies":"Champ","floor":33,"turns":11},{"damage":9,"enemies":"3 Darklings","floor":35,"turns":7},{"damage":0,"enemies":"3 Shapes","floor":36,"turns":5},{"damage":22,"enemies":"3 Darklings","floor":38,"turns":7},{"damage":0,"enemies":"Mind Bloom Boss Battle","floor":39,"turns":7},{"damage":6,"enemies":"Reptomancer","floor":40,"turns":7},{"damage":13,"enemies":"Writhing Mass","floor":41,"turns":7},{"damage":27,"enemies":"Jaw Worm Horde","floor":45,"turns":3},{"damage":9,"enemies":"Sphere and 2 Shapes","floor":46,"turns":5},{"damage":42,"enemies":"3 Darklings","floor":47,"turns":4},{"damage":0,"enemies":"Jaw Worm Horde","floor":48,"turns":4},{"damage":21,"enemies":"Awakened One","floor":50,"turns":9}],"seed_played":"18254885215434911","potions_obtained":[{"floor":4.0,"key":"Energy Potion"},{"floor":6.0,"key":"Dexterity Potion"},{"floor":7.0,"key":"Block Potion"},{"floor":11.0,"key":"Ancient Potion"},{"floor":14.0,"key":"Regen Potion"},{"floor":20,"key":"BloodPotion"},{"floor":31,"key":"Energy Potion"},{"floor":35,"key":"SteroidPotion"},{"floor":39,"key":"Regen Potion"},{"floor":47,"key":"PowerPotion"},{"floor":48,"key":"EssenceOfSteel"}],"is_trial":false,"path_per_floor":["M","$","?","M","M","E","M","R","T","M","?","M","M","E","R","B",null,"M","$","M","?","?","E","R","$","T","$","M","R","E","M","R","B",null,"M","M","?","M","?","E","M","$","T","$","M","M","M","M","R","B",null],"character_chosen":"IRONCLAD","items_purchased":["MealTicket","Iron Wave"],"campfire_rested":3,"item_purchase_floors":[19,27],"current_hp_per_floor":[80,80,80,80,80,19,20,44,44,43,46,51,52,49,49,20,80,61,61,59,59,44,44,44,44,44,59,52,52,26,32,72,78,85,82,85,74,58,64,64,57,72,72,82,61,58,22,28,67,52],"gold":163,"neow_bonus":"","is_prod":false,"is_daily":false,"chose_seed":false,"campfire_upgraded":3,"win_rate":0.0,"timestamp":1549705771,"path_taken":["M","$","?","M","M","E","?","R","T","M","?","M","M","E","R","BOSS","BOSS","M","$","M","?","?","E","R","?","T","$","M","R","E","M","R","BOSS","M","M","?","M","?","E","M","$","T","$","M","M","M","M","R","BOSS"],"build_version":"2019-01-23","purchased_purges":4,"victory":true,"max_hp_per_floor":[80,80,80,80,80,80,80,80,80,80,80,80,80,80,80,80,80,80,80,80,80,85,85,85,85,85,85,85,85,85,85,85,85,85,85,85,85,85,85,85,85,82,82,82,82,82,82,82,82,82],"card_choices":[{"not_picked":["True Grit","Bloodletting"],"picked":"Armaments","floor":1.0},{"not_picked":["Twin Strike","Pommel Strike"],"picked":"Battle Trance","floor":4.0},{"not_picked":["Iron Wave","Armaments"],"picked":"Headbutt","floor":5.0},{"not_picked":["Iron Wave","Thunderclap"],"picked":"Rampage","floor":6.0},{"not_picked":["Reckless Charge","Clash"],"picked":"Juggernaut","floor":7.0},{"not_picked":["Reckless Charge","Iron Wave"],"picked":"Shrug It Off","floor":10.0},{"not_picked":["Flex","Clash"],"picked":"Barricade","floor":11.0},{"not_picked":["Armaments","Iron Wave"],"picked":"Inflame","floor":12.0},{"not_picked":["Thunderclap","Clash"],"picked":"Feel No Pain","floor":13.0},{"not_picked":["Perfected Strike","Burning Pact"],"picked":"Body Slam","floor":14.0},{"not_picked":["Corruption","Clothesline","Clash+1"],"picked":"SKIP","floor":18},{"not_picked":["Iron Wave","Sword Boomerang","Pommel Strike"],"picked":"SKIP","floor":20},{"not_picked":["Fire Breathing","Headbutt","Barricade"],"picked":"SKIP","floor":23},{"not_picked":["Blood for Blood","Fire Breathing"],"picked":"Intimidate+1","floor":28},{"not_picked":["Thunderclap","Headbutt+1","Clash"],"picked":"SKIP","floor":30},{"not_picked":["Body Slam+1","Sword Boomerang"],"picked":"Shrug It Off+1","floor":31},{"not_picked":["Fiend Fire","Double Tap"],"picked":"Impervious","floor":33},{"not_picked":["Blood for Blood+1","Twin Strike+1"],"picked":"Warcry+1","floor":35},{"not_picked":["Anger+1","Thunderclap+1"],"picked":"Bloodletting","floor":36},{"not_picked":["Anger","Sword Boomerang"],"picked":"Shockwave+1","floor":38},{"not_picked":["Second Wind","Thunderclap"],"picked":"True Grit","floor":39},{"not_picked":["Burning Pact","Brutality"],"picked":"Pommel Strike+1","floor":40},{"not_picked":["Anger+1","Feel No Pain+1","Thunderclap+1"],"picked":"SKIP","floor":41},{"not_picked":["Twin Strike","Thunderclap","Dropkick"],"picked":"SKIP","floor":45},{"not_picked":["Cleave+1","Whirlwind+1","Anger"],"picked":"SKIP","floor":46},{"not_picked":["Disarm+1","Sever Soul","Battle Trance+1"],"picked":"SKIP","floor":47},{"not_picked":["Headbutt","Burning Pact","Carnage+1"],"picked":"SKIP","floor":48}],"player_experience":0,"relics_obtained":[{"floor":6.0,"key":"Ice Cream"},{"floor":9.0,"key":"Self Forming Clay"},{"floor":11.0,"key":"Odd Mushroom"},{"floor":14.0,"key":"Gremlin Horn"},{"floor":17,"key":"Regal Pillow"},{"floor":17,"key":"Mummified Hand"},{"floor":17,"key":"FossilizedHelix"},{"floor":23,"key":"StoneCalendar"},{"floor":26,"key":"Bottled Flame"},{"floor":30,"key":"Anchor"},{"floor":39,"key":"Charon\u0027s Ashes"},{"floor":40,"key":"Bronze Scales"},{"floor":43,"key":"Whetstone"}],"event_choices":[{"damage_healed":0.0,"max_hp_gain":0.0,"max_hp_loss":0.0,"gold_gain":0.0,"event_name":"Upgrade Shrine","player_choice":"Upgraded","floor":3.0,"gold_loss":0.0,"damage_taken":0.0,"cards_upgraded":["Armaments"]},{"damage_healed":0.0,"max_hp_gain":0.0,"max_hp_loss":0.0,"gold_gain":0.0,"event_name":"Mushrooms","player_choice":"Fought Mushrooms","floor":11.0,"gold_loss":0.0,"damage_taken":0.0},{"damage_healed":0,"gold_gain":0,"player_choice":"Shed Blood","damage_taken":20,"max_hp_gain":5,"max_hp_loss":0,"event_name":"Forgotten Altar","floor":22,"gold_loss":0},{"damage_healed":0,"gold_gain":0,"player_choice":"Embrace Madness","damage_taken":11,"max_hp_gain":0,"max_hp_loss":0,"event_name":"Winding Halls","floor":37,"gold_loss":0,"cards_obtained":["Madness","Madness"]},{"damage_healed":0,"gold_gain":0,"player_choice":"Fight","damage_taken":0,"max_hp_gain":0,"max_hp_loss":0,"event_name":"MindBloom","floor":39,"gold_loss":0}],"is_beta":false,"boss_relics":[{"not_picked":["Eternal Feather","Runic Pyramid"],"picked":"Calling Bell"},{"not_picked":["Orrery","Cursed Key"],"picked":"Mark of Pain"}],"items_purged_floors":[2,19,42,44],"is_endless":false,"potions_floor_spawned":[4,6,7,11,12,14,20,31,35,38,39,47,48],"ascension_level":0}