{"gold_per_floor":[118,118,129,140,160,160,160,193,193,205,231,243,243,256,256,332,332,350,57,77,77,95,129,129,129],"floor_reached":25,"playtime":613,"items_purged":["Strike_R"],"score":550,"play_id":"7dbbf02d-928e-4a22-8f7b-116ef73c6733","local_time":"20190108014521","is_ascension_mode":true,"campfire_choices":[{"data":"Bash","floor":6,"key":"SMITH"},{"data":"Whirlwind","floor":13,"key":"SMITH"},{"data":"Fiend Fire","floor":15,"key":"SMITH"},{"floor":24,"key":"REST"}],"neow_cost":"NONE","seed_source_timestamp":517151867850068,"circlet_count":0,"master_deck":["AscendersBane","Strike_R","Defend_R","Defend_R","Defend_R","Defend_R","Bash+1","Wild Strike","Wild Strike","Whirlwind+1","Seeing Red","Fiend Fire+1","Inflame+1","Offering","Whirlwind+1","Searing Blow+1","Demon Form+1","Feel No Pain+1","Havoc","Barricade+1"],"relics":["Runic Dome","Letter Opener","Frozen Egg 2","Gremlin Horn","Odd Mushroom","Astrolabe","Membership Card","Molten Egg 2","Meat on the Bone"],"potions_floor_usage":[5,16,16,18,23],"damage_taken":[{"damage":0,"enemies":"2 Louse","floor":1,"turns":3},{"damage":7,"enemies":"Jaw Worm","floor":3,"turns":3},{"damage":1,"enemies":"Cultist","floor":4,"turns":3},{"damage":6,"enemies":"Exordium Thugs","floor":5,"turns":3},{"damage":8,"enemies":"Gremlin Nob","floor":8,"turns":3},{"damage":7,"enemies":"2 Fungi Beasts","floor":10,"turns":2},{"damage":7,"enemies":"The Mushroom Lair","floor":11,"turns":3},{"damage":7,"enemies":"Looter","floor":12,"turns":3},{"damage":13,"enemies":"Exordium Thugs","floor":14,"turns":3},{"damage":0,"enemies":"Slime Boss","floor":16,"turns":4},{"damage":8,"enemies":"Chosen","floor":18,"turns":3},{"damage":7,"enemies":"Spheric Guardian","floor":20,"turns":3},{"damage":19,"enemies":"Snake Plant","floor":22,"turns":2},{"damage":16,"enemies":"Slavers","floor":23,"turns":4},{"damage":52,"enemies":"Book of Stabbing","floor":25,"turns":3}],"seed_played":"6167646465261646874","potions_obtained":[{"floor":3,"key":"Explosive Potion"},{"floor":11,"key":"FearPotion"},{"floor":14,"key":"PowerPotion"},{"floor":16,"key":"SneckoOil"},{"floor":22,"key":"SteroidPotion"}],"is_trial":false,"path_per_floor":["M","?","M","M","M","R","?","E","T","M","?","M","R","M","R","B",null,"M","$","M","T","M","E","R","E"],"character_chosen":"IRONCLAD","items_purchased":["Membership Card","Feel No Pain+1"],"campfire_rested":1,"item_purchase_floors":[19,19],"current_hp_per_floor":[68,63,56,55,49,49,54,46,46,39,32,25,25,12,12,12,63,55,55,48,48,29,13,37,0],"gold":129,"neow_bonus":"BOSS_RELIC","is_prod":false,"is_daily":false,"chose_seed":false,"campfire_upgraded":3,"win_rate":0,"timestamp":1546879521,"path_taken":["M","?","M","M","M","R","?","E","T","M","?","M","R","?","R","BOSS","M","?","M","?","?","E","R","E"],"build_version":"2019-01-03v4","purchased_purges":1,"victory":false,"max_hp_per_floor":[75,75,75,75,75,75,80,80,80,80,80,80,80,80,80,80,80,80,80,80,80,80,80,80,80],"card_choices":[{"not_picked":["Anger","Twin Strike"],"picked":"Wild Strike","floor":1},{"not_picked":["Sword Boomerang","Clash"],"picked":"Wild Strike","floor":3},{"not_picked":["Berserk","Clothesline","Flex"],"picked":"SKIP","floor":4},{"not_picked":["Thunderclap","Wild Strike","Pommel Strike"],"picked":"SKIP","floor":5},{"not_picked":["Warcry","Havoc"],"picked":"Whirlwind","floor":8},{"not_picked":["Fire Breathing+1","Clothesline"],"picked":"Seeing Red","floor":10},{"not_picked":["Havoc","Rupture+1"],"picked":"Fiend Fire","floor":11},{"not_picked":["Anger","Sword Boomerang"],"picked":"Inflame+1","floor":12},{"not_picked":["Body Slam","Sever Soul","Perfected Strike"],"picked":"SKIP","floor":14},{"not_picked":["Juggernaut+1","Impervious"],"picked":"Offering","floor":16},{"not_picked":["Heavy Blade","Sword Boomerang","Pommel Strike"],"picked":"SKIP","floor":18},{"not_picked":["Thunderclap","Clothesline"],"picked":"Havoc","floor":20},{"not_picked":["Cleave+1","Disarm","Sword Boomerang+1"],"picked":"SKIP","floor":22},{"not_picked":["Hemokinesis+1","Body Slam+1"],"picked":"Barricade+1","floor":23}],"player_experience":4011343,"relics_obtained":[{"floor":8,"key":"Frozen Egg 2"},{"floor":9,"key":"Gremlin Horn"},{"floor":11,"key":"Odd Mushroom"},{"floor":21,"key":"Molten Egg 2"},{"floor":23,"key":"Meat on the Bone"}],"event_choices":[{"damage_healed":0,"gold_gain":0,"player_choice":"Success","damage_taken":5,"relics_obtained":["Letter Opener"],"max_hp_gain":0,"max_hp_loss":0,"event_name":"Scrap Ooze","floor":2,"gold_loss":0},{"damage_healed":0,"gold_gain":0,"player_choice":"Donut","damage_taken":0,"max_hp_gain":5,"max_hp_loss":0,"event_name":"Big Fish","floor":7,"gold_loss":0},{"damage_healed":0,"gold_gain":0,"player_choice":"Fought Mushrooms","damage_taken":0,"max_hp_gain":0,"max_hp_loss":0,"event_name":"Mushrooms","floor":11,"gold_loss":0}],"is_beta":false,"boss_relics":[{"not_picked":["Calling Bell","Snecko Eye"],"picked":"Astrolabe"}],"items_purged_floors":[19],"is_endless":false,"potions_floor_spawned":[3,11,14,16,22],"killed_by":"Book of Stabbing","ascension_level":20}