{"gold_per_floor":[114,114,133,21,21,21,55,55,101,101,134,151,34,48,48,122,122,132,132,147,147,147],"floor_reached":22,"playtime":801,"items_purged":["Strike_R"],"score":426,"play_id":"a4eedd31-46f9-4f42-9df5-32bdd144e8ea","local_time":"20190311194907","is_ascension_mode":true,"campfire_choices":[{"data":"Heavy Blade","floor":6,"key":"SMITH"},{"data":"Flame Barrier","floor":8,"key":"SMITH"},{"floor":15,"key":"REST"}],"neow_cost":"NONE","seed_source_timestamp":35426885899784,"circlet_count":0,"master_deck":["AscendersBane","Defend_R+1","Defend_R+1","Defend_R+1","Defend_R+1","Bash","Pummel","Heavy Blade+1","Feel No Pain","Flame Barrier+1","Bloodletting","Seeing Red","Flex","Carnage","Flame Barrier","Demon Form","Shrug It Off","Dark Embrace","Bite","Bite","Bite","Bite","Bite"],"relics":["Burning Blood","NeowsBlessing","Art of War","Red Skull","Pantograph","Omamori","Empty Cage"],"potions_floor_usage":[16,16],"damage_taken":[{"damage":0,"enemies":"2 Louse","floor":1,"turns":2},{"damage":0,"enemies":"Cultist","floor":3,"turns":1},{"damage":0,"enemies":"3 Sentries","floor":7,"turns":2},{"damage":45,"enemies":"Lagavulin","floor":11,"turns":8},{"damage":8,"enemies":"Small Slimes","floor":12,"turns":3},{"damage":11,"enemies":"2 Fungi Beasts","floor":14,"turns":3},{"damage":54,"enemies":"Slime Boss","floor":16,"turns":12},{"damage":24,"enemies":"Chosen","floor":18,"turns":5},{"damage":36,"enemies":"3 Byrds","floor":20,"turns":4},{"damage":24,"enemies":"Centurion and Healer","floor":22,"turns":2}],"seed_played":"6580082360660722915","potions_obtained":[{"floor":3,"key":"FairyPotion"},{"floor":12,"key":"SteroidPotion"},{"floor":14,"key":"Fire Potion"}],"is_trial":false,"path_per_floor":["M","?","M","$","?","R","E","R","T","?","E","M","$","M","R","B",null,"M","?","M","?","M"],"character_chosen":"IRONCLAD","items_purchased":["Feel No Pain","Flex","Carnage"],"campfire_rested":1,"item_purchase_floors":[4,13,13],"current_hp_per_floor":[74,74,75,75,80,80,80,80,80,80,41,39,39,34,58,32,68,50,50,20,20,0],"gold":147,"neow_bonus":"THREE_ENEMY_KILL","is_prod":false,"is_daily":false,"chose_seed":false,"campfire_upgraded":2,"win_rate":0,"timestamp":1552301347,"path_taken":["M","?","M","?","?","R","E","R","T","?","E","?","$","?","R","BOSS","M","?","M","?","M"],"build_version":"2019-01-23","purchased_purges":1,"victory":false,"max_hp_per_floor":[75,75,75,75,80,80,80,80,80,80,80,80,80,80,80,80,80,80,80,80,56,56],"card_choices":[{"not_picked":["Perfected Strike","Sword Boomerang"],"picked":"Pummel","floor":1},{"not_picked":["Pommel Strike","Twin Strike"],"picked":"Heavy Blade","floor":3},{"not_picked":["Havoc","Shrug It Off"],"picked":"Flame Barrier","floor":7},{"not_picked":["Clothesline","Disarm"],"picked":"Bloodletting","floor":11},{"not_picked":["Iron Wave","Armaments"],"picked":"Seeing Red","floor":12},{"not_picked":["Cleave","Flex"],"picked":"Flame Barrier","floor":14},{"not_picked":["Double Tap","Brutality"],"picked":"Demon Form","floor":16},{"not_picked":["Perfected Strike","Heavy Blade"],"picked":"Shrug It Off","floor":18},{"not_picked":["Havoc","Armaments"],"picked":"Dark Embrace","floor":20}],"player_experience":288070,"relics_obtained":[{"floor":7,"key":"Art of War"},{"floor":9,"key":"Red Skull"},{"floor":11,"key":"Omamori"}],"event_choices":[{"cards_removed":["Strike_R"],"damage_healed":0,"gold_gain":0,"player_choice":"Purged","damage_taken":0,"max_hp_gain":0,"max_hp_loss":0,"event_name":"Purifier","floor":2,"gold_loss":0},{"damage_healed":0,"gold_gain":0,"player_choice":"Donut","damage_taken":0,"max_hp_gain":5,"max_hp_loss":0,"event_name":"Big Fish","floor":5,"gold_loss":0},{"damage_healed":0,"gold_gain":0,"player_choice":"Gave Potion","damage_taken":0,"relics_obtained":["Pantograph"],"max_hp_gain":0,"max_hp_loss":0,"event_name":"WeMeetAgain","floor":10,"gold_loss":0},{"damage_healed":0,"gold_gain":0,"player_choice":"Simplicity","damage_taken":0,"max_hp_gain":0,"max_hp_loss":0,"event_name":"Back to Basics","floor":19,"gold_loss":0,"cards_upgraded":["Strike_R","Defend_R","Defend_R","Defend_R","Defend_R"]},{"damage_healed":0,"gold_gain":0,"player_choice":"Became a vampire","damage_taken":0,"max_hp_gain":0,"max_hp_loss":24,"event_name":"Vampires","floor":21,"gold_loss":0,"cards_obtained":["Bite","Bite","Bite","Bite","Bite"]}],"is_beta":false,"boss_relics":[{"not_picked":["White Beast Statue","Runic Dome"],"picked":"Empty Cage"}],"items_purged_floors":[4],"is_endless":false,"potions_floor_spawned":[3,12,14],"killed_by":"Centurion and Healer","ascension_level":17}