{"gold_per_floor":[115,131,131,56,75,75,109,109,135,152,163,163,163,178,178,178],"floor_reached":16,"playtime":337,"items_purged":["Strike_R"],"score":138,"play_id":"cd210853-f968-4e7a-b547-ad40eb7311cf","local_time":"20190226134610","is_ascension_mode":true,"campfire_choices":[{"data":"Bash","floor":6,"key":"SMITH"},{"floor":8,"key":"REST"},{"floor":12,"key":"REST"},{"floor":15,"key":"REST"}],"neow_cost":"NONE","seed_source_timestamp":14060652355376,"circlet_count":0,"master_deck":["Strike_R","Strike_R","Strike_R","Defend_R","Defend_R","Defend_R","Defend_R","Bash+1"],"relics":["Burning Blood","NeowsBlessing","Happy Flower","Juzu Bracelet"],"potions_floor_usage":[7,7,16],"damage_taken":[{"damage":0,"enemies":"Small Slimes","floor":1,"turns":1},{"damage":0,"enemies":"Jaw Worm","floor":2,"turns":1},{"damage":0,"enemies":"Cultist","floor":5,"turns":1},{"damage":40,"enemies":"Lagavulin","floor":7,"turns":5},{"damage":22,"enemies":"Exordium Wildlife","floor":10,"turns":4},{"damage":22,"enemies":"Looter","floor":11,"turns":3},{"damage":26,"enemies":"3 Louse","floor":14,"turns":3},{"damage":86,"enemies":"Slime Boss","floor":16,"turns":8}],"seed_played":"-2703610881591284271","potions_obtained":[{"floor":1,"key":"Explosive Potion"},{"floor":5,"key":"Ancient Potion"},{"floor":11,"key":"LiquidBronze"}],"is_trial":false,"path_per_floor":["M","M","?","$","M","R","E","R","T","M","M","R","?","M","R","B"],"character_chosen":"IRONCLAD","items_purchased":[],"campfire_rested":3,"item_purchase_floors":[],"current_hp_per_floor":[78,80,73,73,79,79,45,69,69,53,37,61,80,60,80,0],"gold":178,"neow_bonus":"THREE_ENEMY_KILL","is_prod":false,"is_daily":false,"chose_seed":false,"campfire_upgraded":1,"win_rate":0,"timestamp":1551156370,"path_taken":["M","M","?","$","M","R","E","R","T","M","M","R","?","M","R","BOSS"],"build_version":"2019-01-23","purchased_purges":1,"victory":false,"max_hp_per_floor":[80,80,80,80,80,80,80,80,80,80,80,80,80,80,80,80],"card_choices":[{"not_picked":["Flame Barrier","Spot Weakness","Bloodletting"],"picked":"SKIP","floor":1},{"not_picked":["Perfected Strike","Warcry","Sentinel"],"picked":"SKIP","floor":2},{"not_picked":["Warcry","Perfected Strike","Anger"],"picked":"SKIP","floor":5},{"not_picked":["Warcry","Blood for Blood","Armaments"],"picked":"SKIP","floor":7},{"not_picked":["Pommel Strike","Heavy Blade","Shockwave"],"picked":"SKIP","floor":10},{"not_picked":["Seeing Red","Limit Break","Thunderclap"],"picked":"SKIP","floor":11},{"not_picked":["Combust","Seeing Red","Sever Soul"],"picked":"SKIP","floor":14}],"player_experience":194355,"relics_obtained":[{"floor":7,"key":"Happy Flower"},{"floor":9,"key":"Juzu Bracelet"}],"event_choices":[{"cards_removed":["Strike_R"],"damage_healed":0,"gold_gain":0,"player_choice":"Card Removal","damage_taken":7,"max_hp_gain":0,"max_hp_loss":0,"event_name":"Golden Wing","floor":3,"gold_loss":0},{"damage_healed":26,"gold_gain":0,"player_choice":"Banana","damage_taken":0,"max_hp_gain":0,"max_hp_loss":0,"event_name":"Big Fish","floor":13,"gold_loss":0}],"is_beta":false,"boss_relics":[],"items_purged_floors":[4],"is_endless":false,"potions_floor_spawned":[1,5,11],"killed_by":"Slime Boss","ascension_level":7}