{"gold_per_floor":[110,185,45,55,55,55,68,68,68,84,84,97,128,145,145,248,248,259,259,184,184,201,201,211,211,211,211,223,223,223,238,238,337,337,357,375,69,89,89,89,89,107,107,107,118,118,518,0,0,0],"floor_reached":51,"playtime":5338,"items_purged":["Defend_R"],"score":597,"play_id":"1685c705-49b3-47cf-9834-6325b608efed","local_time":"20181231121149","is_ascension_mode":false,"campfire_choices":[{"data":"True Grit","floor":6.0,"key":"SMITH"},{"data":"Bash","floor":8.0,"key":"SMITH"},{"floor":15.0,"key":"REST"},{"floor":23.0,"key":"REST"},{"floor":25.0,"key":"REST"},{"data":"Strike_R","floor":27.0,"key":"SMITH"},{"floor":30.0,"key":"REST"},{"data":"RitualDagger","floor":32.0,"key":"SMITH"},{"data":"Enlightenment","floor":40.0,"key":"SMITH"},{"data":"Seeing Red","floor":46.0,"key":"SMITH"},{"floor":49.0,"key":"REST"}],"neow_cost":"TEN_PERCENT_HP_LOSS","seed_source_timestamp":0,"circlet_count":0,"master_deck":["Strike_R+1","Strike_R","Defend_R","Defend_R","Bash+1","True Grit+1","Impervious","Dual Wield+1","Shrug It Off","Pummel","Seeing Red+1","Impervious","Seeing Red+1","Warcry","True Grit","RitualDagger+1","Reaper","Enlightenment+1","Discovery"],"special_seed":0,"relics":["Burning Blood","Dead Branch","Bottled Flame","Nunchaku","Empty Cage","Nilry\u0027s Codex","Mango","Busted Crown","Thread and Needle","Vajra","Old Coin","MealTicket"],"potions_floor_usage":[50,50],"damage_taken":[{"damage":15.0,"enemies":"Jaw Worm","floor":1.0,"turns":4.0},{"damage":0.0,"enemies":"Small Slimes","floor":4.0,"turns":3.0},{"damage":0.0,"enemies":"Cultist","floor":7.0,"turns":4.0},{"damage":0.0,"enemies":"Large Slime","floor":10.0,"turns":7.0},{"damage":10.0,"enemies":"Exordium Wildlife","floor":12.0,"turns":7.0},{"damage":28.0,"enemies":"3 Sentries","floor":13.0,"turns":9.0},{"damage":24.0,"enemies":"Lots of Slimes","floor":14.0,"turns":6.0},{"damage":32.0,"enemies":"The Guardian","floor":16.0,"turns":11.0},{"damage":24.0,"enemies":"3 Byrds","floor":18.0,"turns":7.0},{"damage":15.0,"enemies":"Spheric Guardian","floor":22.0,"turns":9.0},{"damage":24.0,"enemies":"Centurion and Healer","floor":24.0,"turns":7.0},{"damage":6.0,"enemies":"3 Cultists","floor":28.0,"turns":5.0},{"damage":3.0,"enemies":"Snecko","floor":31.0,"turns":8.0},{"damage":62.0,"enemies":"Collector","floor":33.0,"turns":8.0},{"damage":0.0,"enemies":"Orb Walker","floor":35.0,"turns":4.0},{"damage":16.0,"enemies":"3 Shapes","floor":36.0,"turns":5.0},{"damage":20.0,"enemies":"Sphere and 2 Shapes","floor":38.0,"turns":6.0},{"damage":0.0,"enemies":"Transient","floor":42.0,"turns":5.0},{"damage":6.0,"enemies":"Maw","floor":45.0,"turns":8.0},{"damage":32.0,"enemies":"Mind Bloom Boss Battle","floor":47.0,"turns":9.0},{"damage":63,"enemies":"Awakened One","floor":50,"turns":22}],"seed_played":"6206628496615101771","potions_obtained":[{"floor":1.0,"key":"Ancient Potion"},{"floor":10.0,"key":"Poison Potion"},{"floor":13.0,"key":"PowerPotion"},{"floor":14.0,"key":"SpeedPotion"},{"floor":18.0,"key":"AttackPotion"},{"floor":22.0,"key":"Block Potion"},{"floor":28.0,"key":"SkillPotion"},{"floor":33.0,"key":"SpeedPotion"},{"floor":36.0,"key":"AttackPotion"},{"floor":38.0,"key":"SkillPotion"},{"floor":45.0,"key":"AttackPotion"}],"is_trial":false,"path_per_floor":["M","?","$","M","?","R","M","R","T","M","?","M","E","M","R","B",null,"M","?","?","?","M","R","M","R","T","R","M","?","R","M","R","B",null,"M","M","$","M","?","R","?","M","T","$","M","R","?","$","R","B",null],"character_chosen":"IRONCLAD","items_purchased":["Impervious","Thread and Needle","Discovery","Fire Potion","Weak Potion","Swift Potion","MealTicket"],"campfire_rested":5,"item_purchase_floors":[3,37,48,48,48,48,48],"current_hp_per_floor":[63,52,52,58,58,58,64,64,64,70,63,59,37,19,40,14,72,54,38,38,38,29,50,32,53,67,67,67,61,86,86,86,30,86,86,82,82,68,68,68,68,74,74,74,86,86,60,60,85,35],"gold":0,"neow_bonus":"ONE_RARE_RELIC","is_prod":false,"is_daily":false,"chose_seed":false,"campfire_upgraded":6,"win_rate":0,"timestamp":1546254709,"path_taken":["M","?","$","M","?","R","M","R","T","M","?","M","E","?","R","BOSS","M","?","?","?","M","R","M","R","T","R","?","?","R","M","R","BOSS","M","M","$","M","?","R","?","M","T","$","M","R","?","?","R","BOSS"],"build_version":"2018-12-20","purchased_purges":1,"victory":true,"max_hp_per_floor":[72,72,72,72,72,72,72,72,72,72,72,72,72,72,72,72,72,72,72,72,72,72,72,72,72,86,86,86,86,86,86,86,86,86,86,86,86,86,86,86,86,86,86,86,86,86,86,86,86,86],"card_choices":[{"not_picked":["Entrench","Cleave"],"picked":"True Grit","floor":1.0},{"not_picked":["Twin Strike","Inflame"],"picked":"Dual Wield","floor":4.0},{"not_picked":["Clash","Bludgeon","Battle Trance"],"picked":"SKIP","floor":7.0},{"not_picked":["Twin Strike","Thunderclap","Rampage"],"picked":"SKIP","floor":10.0},{"not_picked":["Wild Strike","Flex"],"picked":"Shrug It Off","floor":12.0},{"not_picked":["Anger","Sword Boomerang"],"picked":"Pummel","floor":13.0},{"not_picked":["Clothesline","Rupture"],"picked":"Seeing Red","floor":14.0},{"not_picked":["Bludgeon","Double Tap"],"picked":"Impervious","floor":16.0},{"not_picked":["Dual Wield","Reckless Charge"],"picked":"Seeing Red+1","floor":18.0},{"not_picked":["Uppercut+1","Heavy Blade","Anger"],"picked":"SKIP","floor":22.0},{"not_picked":["Bloodletting+1","Spot Weakness"],"picked":"True Grit","floor":24.0},{"not_picked":["Clash+1","Flex","Twin Strike+1"],"picked":"SKIP","floor":28.0},{"not_picked":["Battle Trance","Clash","Juggernaut"],"picked":"SKIP","floor":31.0},{"not_picked":["Impervious","Demon Form"],"picked":"Reaper","floor":33.0},{"not_picked":["Pommel Strike"],"picked":"SKIP","floor":35.0},{"not_picked":["Pommel Strike"],"picked":"SKIP","floor":36.0},{"not_picked":["Sword Boomerang"],"picked":"SKIP","floor":38.0},{"not_picked":[],"picked":"Enlightenment","floor":39.0},{"not_picked":["Whirlwind+1"],"picked":"SKIP","floor":42.0},{"not_picked":["Flex"],"picked":"SKIP","floor":45.0}],"player_experience":214298,"relics_obtained":[{"floor":9.0,"key":"Bottled Flame"},{"floor":13.0,"key":"Nunchaku"},{"floor":19.0,"key":"Nilry\u0027s Codex"},{"floor":26.0,"key":"Mango"},{"floor":43.0,"key":"Vajra"},{"floor":47.0,"key":"Old Coin"}],"event_choices":[{"damage_healed":0.0,"max_hp_gain":0.0,"max_hp_loss":0.0,"gold_gain":75.0,"event_name":"World of Goop","player_choice":"Gather Gold","floor":2.0,"gold_loss":0.0,"damage_taken":11.0},{"damage_healed":0.0,"max_hp_gain":0.0,"max_hp_loss":0.0,"gold_gain":0.0,"event_name":"Living Wall","player_choice":"Grow","floor":5.0,"gold_loss":0.0,"damage_taken":0.0,"cards_upgraded":["Dual Wield"]},{"damage_healed":0.0,"max_hp_gain":0.0,"max_hp_loss":0.0,"gold_gain":0.0,"event_name":"Wheel of Change","player_choice":"Damaged","floor":11.0,"gold_loss":0.0,"damage_taken":7.0},{"damage_healed":0.0,"max_hp_gain":0.0,"max_hp_loss":0.0,"gold_gain":0.0,"event_name":"Cursed Tome","player_choice":"Obtained Book","floor":19.0,"gold_loss":0.0,"damage_taken":16.0},{"cards_removed":["Strike_R"],"damage_healed":0.0,"max_hp_gain":0.0,"max_hp_loss":0.0,"gold_gain":0.0,"event_name":"Beggar","player_choice":"Gave Gold","floor":20.0,"gold_loss":75.0,"damage_taken":0.0},{"damage_healed":0.0,"max_hp_gain":0.0,"max_hp_loss":0.0,"gold_gain":0.0,"cards_transformed":["Strike_R"],"event_name":"Transmorgrifier","player_choice":"Transformed","floor":21.0,"gold_loss":0.0,"damage_taken":0.0,"cards_obtained":["Warcry"]},{"damage_healed":0.0,"max_hp_gain":0.0,"max_hp_loss":0.0,"gold_gain":0.0,"event_name":"Nest","player_choice":"Joined the Cult","floor":29.0,"gold_loss":0.0,"damage_taken":6.0,"cards_obtained":["RitualDagger"]},{"damage_healed":0.0,"max_hp_gain":0.0,"max_hp_loss":0.0,"gold_gain":0.0,"event_name":"SensoryStone","player_choice":"Memory 1","floor":39.0,"gold_loss":0.0,"damage_taken":0.0},{"damage_healed":0.0,"max_hp_gain":0.0,"max_hp_loss":0.0,"gold_gain":0.0,"event_name":"Mysterious Sphere","player_choice":"Ignored","floor":41.0,"gold_loss":0.0,"damage_taken":0.0},{"damage_healed":0.0,"max_hp_gain":0.0,"max_hp_loss":0.0,"gold_gain":0.0,"event_name":"MindBloom","player_choice":"Fight","floor":47.0,"gold_loss":0.0,"damage_taken":0.0}],"is_beta":false,"boss_relics":[{"not_picked":["Astrolabe","Lizard Tail"],"picked":"Empty Cage"},{"not_picked":["Philosopher\u0027s Stone","Black Star"],"picked":"Busted Crown"}],"items_purged_floors":[48],"is_endless":false,"potions_floor_spawned":[1,10,13,14,18,22,28,33,36,38,45],"ascension_level":0}