{"gold_per_floor":[110,60,71,71,146,146,174,174,243,261,295,308,308],"floor_reached":13,"playtime":464,"items_purged":[],"score":140,"play_id":"5a8462d2-5d7d-488e-9e28-84a8b9166831","local_time":"20190113000306","is_ascension_mode":true,"campfire_choices":[{"data":"Coolheaded","floor":6,"key":"SMITH"},{"data":"Capacitor","floor":8,"key":"SMITH"}],"neow_cost":"NONE","seed_source_timestamp":50271865120480,"circlet_count":0,"master_deck":["AscendersBane","Strike_B","Strike_B","Strike_B","Defend_B","Defend_B","Zap","Dualcast","Cold Snap","Coolheaded+1","Capacitor+1","Machine Learning+1","Darkness"],"relics":["Cracked Core","Question Card","Frozen Egg 2","Bronze Scales"],"potions_floor_usage":[7,11,12],"damage_taken":[{"damage":5,"enemies":"Small Slimes","floor":1,"turns":4},{"damage":5,"enemies":"2 Louse","floor":3,"turns":3},{"damage":16,"enemies":"Gremlin Nob","floor":7,"turns":3},{"damage":2,"enemies":"Cultist","floor":10,"turns":4},{"damage":20,"enemies":"3 Sentries","floor":11,"turns":8},{"damage":4,"enemies":"Exordium Wildlife","floor":12,"turns":4},{"damage":13,"enemies":"Lots of Slimes","floor":13,"turns":1}],"seed_played":"-2837444651941153688","potions_obtained":[{"floor":3,"key":"Fire Potion"},{"floor":7,"key":"LiquidBronze"},{"floor":11,"key":"Block Potion"}],"is_trial":false,"path_per_floor":["M","?","M","?","?","R","E","R","T","M","E","M","M"],"character_chosen":"DEFECT","items_purchased":[],"campfire_rested":0,"item_purchase_floors":[],"current_hp_per_floor":[63,63,58,58,51,51,35,35,35,33,13,9,0],"gold":308,"neow_bonus":"REMOVE_CARD","is_prod":false,"is_daily":false,"chose_seed":false,"campfire_upgraded":2,"win_rate":0,"timestamp":1547355786,"path_taken":["M","?","M","?","?","R","E","R","T","?","E","M","M"],"build_version":"2019-01-10","purchased_purges":0,"victory":false,"max_hp_per_floor":[75,75,75,75,75,75,75,75,75,75,75,75,75],"card_choices":[{"not_picked":["Redo","Skim"],"picked":"Cold Snap","floor":1},{"not_picked":["Gash","Sweeping Beam"],"picked":"Coolheaded","floor":3},{"not_picked":["Go for the Eyes","Conserve Battery"],"picked":"Capacitor","floor":7},{"not_picked":["Reprogram","Go for the Eyes","Rebound"],"picked":"Machine Learning+1","floor":10},{"not_picked":["Multi-Cast","Leap","Stack"],"picked":"Darkness","floor":11},{"not_picked":["Barrage","Sweeping Beam","Cold Snap","Steam"],"picked":"SKIP","floor":12}],"player_experience":378386,"relics_obtained":[{"floor":7,"key":"Question Card"},{"floor":9,"key":"Frozen Egg 2"},{"floor":11,"key":"Bronze Scales"}],"event_choices":[{"cards_removed":["Strike_B"],"damage_healed":0,"gold_gain":0,"player_choice":"Card Removal","damage_taken":0,"max_hp_gain":0,"max_hp_loss":0,"event_name":"The Cleric","floor":2,"gold_loss":50},{"cards_removed":["Defend_B"],"damage_healed":0,"gold_gain":0,"player_choice":"Forget","damage_taken":0,"max_hp_gain":0,"max_hp_loss":0,"event_name":"Living Wall","floor":4,"gold_loss":0},{"damage_healed":0,"gold_gain":75,"player_choice":"Touch","damage_taken":7,"max_hp_gain":0,"max_hp_loss":0,"event_name":"FaceTrader","floor":5,"gold_loss":0}],"is_beta":false,"boss_relics":[],"items_purged_floors":[],"is_endless":false,"potions_floor_spawned":[3,7,11],"killed_by":"Lots of Slimes","ascension_level":10}