{"gold_per_floor":[115,131,131,150,163,163,11,44,44,44,194,194,194,194,194,271,271,290,390,76,76,76,76,76,56,82,82,111,111,111,125,125,203,203,218,218,263,275,22,34,45,45,45,77,0,11,11,27,27,27],"floor_reached":51,"playtime":6103,"items_purged":["Doubt","Defend_B"],"score":1216,"play_id":"60d0819a-ce6a-4aa3-8beb-7da2af337460","local_time":"20190314221134","is_ascension_mode":true,"campfire_choices":[{"floor":6.0,"key":"REST"},{"floor":12.0,"key":"REST"},{"floor":13.0,"key":"REST"},{"floor":15.0,"key":"REST"},{"floor":23.0,"key":"REST"},{"data":"Buffer","floor":24.0,"key":"SMITH"},{"data":"Rainbow","floor":32.0,"key":"SMITH"},{"data":"Impatience","floor":42,"key":"SMITH"},{"data":"1","floor":47,"key":"LIFT"},{"floor":49,"key":"REST"}],"neow_cost":"TEN_PERCENT_HP_LOSS","seed_source_timestamp":0,"circlet_count":0,"master_deck":["AscendersBane","Strike_B","Strike_B","Defend_B","Defend_B","Zap","Dualcast+1","Impatience+1","Apotheosis","Gash+1","Coolheaded","Zap","Loop+1","Echo Form","Go for the Eyes","Glacier","BootSequence","Rainbow+1","Rip and Tear+1","White Noise","Tempest","Buffer+1","Force Field+1","Creative AI+1","Thunder Strike+1","Rebound","Hello World","Blind","Ghostly","Ghostly","Ghostly","Chaos","Sweeping Beam","Darkness+1","Redo+1","Creative AI","Double Energy+1","Madness","Madness","Conserve Battery+1","Hologram","Barrage+1","Skim","Redo+1","Rip and Tear+1","Recycle","Rainbow"],"special_seed":0,"relics":["Cracked Core","Oddly Smooth Stone","Dream Catcher","Bottled Tornado","WingedGreaves","Astrolabe","Bird Faced Urn","Darkstone Periapt","Regal Pillow","Whetstone","DataDisk","Emotion Chip","Sozu","Du-Vu Doll","Strawberry","Question Card","Girya","Red Mask"],"potions_floor_usage":[],"damage_taken":[{"damage":0.0,"enemies":"Small Slimes","floor":1.0,"turns":3.0},{"damage":1.0,"enemies":"Cultist","floor":2.0,"turns":3.0},{"damage":0.0,"enemies":"2 Louse","floor":4.0,"turns":3.0},{"damage":25.0,"enemies":"Large Slime","floor":5.0,"turns":5.0},{"damage":14.0,"enemies":"Lagavulin","floor":8.0,"turns":7.0},{"damage":1.0,"enemies":"Slime Boss","floor":16.0,"turns":10.0},{"damage":1.0,"enemies":"Shell Parasite","floor":18.0,"turns":6.0},{"damage":22.0,"enemies":"Colosseum Slavers","floor":19.0,"turns":6.0},{"damage":42.0,"enemies":"Colosseum Nobs","floor":19.0,"turns":5.0},{"damage":13.0,"enemies":"2 Thieves","floor":25.0,"turns":4.0},{"damage":11.0,"enemies":"Book of Stabbing","floor":28.0,"turns":6.0},{"damage":6.0,"enemies":"Snake Plant","floor":31.0,"turns":4.0},{"damage":3.0,"enemies":"Collector","floor":33.0,"turns":11.0},{"damage":0.0,"enemies":"3 Darklings","floor":35.0,"turns":8.0},{"damage":30.0,"enemies":"2 Orb Walkers","floor":37.0,"turns":6.0},{"damage":1.0,"enemies":"Orb Walker","floor":38.0,"turns":5.0},{"damage":35,"enemies":"3 Darklings","floor":40,"turns":6},{"damage":0,"enemies":"Transient","floor":41,"turns":5},{"damage":23,"enemies":"Reptomancer","floor":44,"turns":9},{"damage":0,"enemies":"Maw","floor":46,"turns":7},{"damage":40,"enemies":"Jaw Worm Horde","floor":48,"turns":4},{"damage":67,"enemies":"Time Eater","floor":50,"turns":14}],"seed_played":"8629667022742720868","potions_obtained":[{"floor":5.0,"key":"SteroidPotion"},{"floor":8.0,"key":"Energy Potion"},{"floor":18.0,"key":"Fruit Juice"},{"floor":28.0,"key":"Block Potion"},{"floor":33.0,"key":"Fruit Juice"}],"is_trial":false,"path_per_floor":["M","M","?","M","M","R","$","E","T","?","?","R","R","?","R","B",null,"M","?","$","?","?","R","R","M","T","$","E","T","?","M","R","B",null,"M","?","?","M","$","M","M","R","T","E","?","M","R","M","R","B",null],"character_chosen":"DEFECT","items_purchased":["Oddly Smooth Stone","Regal Pillow","Blind","Strawberry"],"campfire_rested":6,"item_purchase_floors":[7,20,20,39],"current_hp_per_floor":[64,63,63,63,38,57,57,43,43,25,25,44,63,44,63,62,64,63,4,4,4,4,29,29,22,22,22,27,27,20,24,24,39,39,44,36,32,33,40,27,33,33,33,51,51,51,51,19,49,8],"gold":27,"neow_bonus":"RANDOM_COLORLESS_2","is_prod":false,"is_daily":false,"chose_seed":false,"campfire_upgraded":3,"win_rate":0,"timestamp":1552569094,"path_taken":["M","M","?","M","?","R","?","E","T","?","?","R","R","?","R","BOSS","M","?","$","?","?","R","R","M","T","?","E","?","?","M","R","BOSS","M","?","?","M","$","?","M","R","T","E","?","M","R","M","R","BOSS"],"build_version":"2019-01-23","purchased_purges":2,"victory":true,"max_hp_per_floor":[64,64,64,64,64,64,64,64,64,64,64,64,64,64,64,64,64,64,69,69,69,34,34,34,34,34,34,34,34,39,39,39,39,39,44,44,44,44,51,51,51,51,51,51,51,51,51,51,51,51],"card_choices":[{"not_picked":["Conserve Battery","Barrage"],"picked":"Gash","floor":1.0},{"not_picked":["Steam","Stack"],"picked":"Coolheaded","floor":2.0},{"not_picked":["Compile Driver","Stack"],"picked":"Glacier","floor":4.0},{"not_picked":["Gash","Ball Lightning"],"picked":"BootSequence","floor":5.0},{"not_picked":["Lockon","Scrape"],"picked":"Rainbow","floor":8.0},{"not_picked":["Redo","Turbo"],"picked":"Rip and Tear","floor":12.0},{"not_picked":["Ball Lightning","Conserve Battery"],"picked":"White Noise","floor":13.0},{"not_picked":["Conserve Battery","Ball Lightning"],"picked":"Tempest","floor":15.0},{"not_picked":["Rainbow","Amplify"],"picked":"Buffer","floor":16.0},{"not_picked":["Cold Snap","Redo"],"picked":"Rebound","floor":18.0},{"not_picked":["Rip and Tear","Hologram"],"picked":"Hello World","floor":19.0},{"not_picked":["Sweeping Beam","Beam Cell"],"picked":"Chaos","floor":23.0},{"not_picked":["Ball Lightning","Cold Snap"],"picked":"Sweeping Beam","floor":25.0},{"not_picked":["Aggregate","Reboot"],"picked":"Darkness+1","floor":28.0},{"not_picked":["Sunder","Turbo"],"picked":"Redo+1","floor":31.0},{"not_picked":["Rainbow","Biased Cognition"],"picked":"Creative AI","floor":33.0},{"not_picked":["Undo","Darkness"],"picked":"Double Energy+1","floor":35.0},{"not_picked":["Melter","Undo"],"picked":"Conserve Battery+1","floor":37.0},{"not_picked":["Stack","Streamline"],"picked":"Hologram","floor":38.0},{"not_picked":["Recycle","Rebound"],"picked":"Barrage+1","floor":40},{"not_picked":["Coolheaded","Ball Lightning"],"picked":"Skim","floor":41},{"not_picked":["Rebound","Machine Learning","Hologram"],"picked":"Redo+1","floor":44},{"not_picked":["Coolheaded","Barrage+1","Cold Snap+1"],"picked":"Rip and Tear+1","floor":46},{"not_picked":["Ball Lightning","Sunder","Rip and Tear"],"picked":"Recycle","floor":48},{"not_picked":["Gash","Streamline","Cold Snap"],"picked":"Rainbow","floor":49}],"player_experience":1056505,"relics_obtained":[{"floor":8.0,"key":"Dream Catcher"},{"floor":9.0,"key":"Bottled Tornado"},{"floor":19.0,"key":"Bird Faced Urn"},{"floor":19.0,"key":"Darkstone Periapt"},{"floor":26.0,"key":"Whetstone"},{"floor":28.0,"key":"DataDisk"},{"floor":29.0,"key":"Emotion Chip"},{"floor":37.0,"key":"Du-Vu Doll"},{"floor":43,"key":"Question Card"},{"floor":44,"key":"Girya"}],"event_choices":[{"damage_healed":0.0,"max_hp_gain":0.0,"max_hp_loss":0.0,"gold_gain":0.0,"event_name":"Match and Keep!","player_choice":"4 cards matched","floor":3.0,"gold_loss":0.0,"damage_taken":0.0,"cards_obtained":["Zap","Loop","Echo Form","Go for the Eyes"]},{"damage_healed":0.0,"max_hp_gain":0.0,"max_hp_loss":0.0,"gold_gain":0.0,"event_name":"Scrap Ooze","player_choice":"Success","floor":10.0,"gold_loss":0.0,"damage_taken":18.0,"relics_obtained":["WingedGreaves"]},{"damage_healed":0.0,"max_hp_gain":0.0,"max_hp_loss":0.0,"gold_gain":150.0,"event_name":"Liars Game","player_choice":"AGREE","floor":11.0,"gold_loss":0.0,"damage_taken":0.0,"cards_obtained":["Doubt"]},{"damage_healed":0.0,"max_hp_gain":0.0,"max_hp_loss":0.0,"gold_gain":0.0,"event_name":"Shining Light","player_choice":"Entered Light","floor":14.0,"gold_loss":0.0,"damage_taken":19.0,"cards_upgraded":["Loop","Dualcast"]},{"damage_healed":0.0,"max_hp_gain":0.0,"max_hp_loss":0.0,"gold_gain":0.0,"event_name":"Colosseum","player_choice":"Fight","floor":19.0,"gold_loss":0.0,"damage_taken":0.0},{"damage_healed":0.0,"max_hp_gain":0.0,"max_hp_loss":0.0,"gold_gain":0.0,"event_name":"Colosseum","player_choice":"Fought Nobs","floor":19.0,"gold_loss":0.0,"damage_taken":0.0},{"damage_healed":0.0,"max_hp_gain":0.0,"max_hp_loss":0.0,"gold_gain":0.0,"event_name":"Cursed Tome","player_choice":"Ignored","floor":21.0,"gold_loss":0.0,"damage_taken":0.0},{"damage_healed":0.0,"max_hp_gain":0.0,"max_hp_loss":35.0,"gold_gain":0.0,"event_name":"Ghosts","player_choice":"Became a Ghost","floor":22.0,"gold_loss":0.0,"damage_taken":0.0,"cards_obtained":["Ghostly","Ghostly","Ghostly"]},{"damage_healed":0.0,"max_hp_gain":5.0,"max_hp_loss":0.0,"gold_gain":0.0,"event_name":"Forgotten Altar","player_choice":"Shed Blood","floor":30.0,"gold_loss":0.0,"damage_taken":12.0},{"damage_healed":0.0,"max_hp_gain":0.0,"max_hp_loss":0.0,"gold_gain":0.0,"event_name":"Winding Halls","player_choice":"Embrace Madness","floor":36.0,"gold_loss":0.0,"damage_taken":8.0,"cards_obtained":["Madness","Madness"]},{"damage_healed":0.0,"max_hp_gain":0.0,"max_hp_loss":0.0,"gold_gain":0.0,"event_name":"Mysterious Sphere","player_choice":"Fight","floor":37.0,"gold_loss":0.0,"damage_taken":0.0},{"damage_healed":0,"gold_gain":0,"player_choice":"Paid","damage_taken":0,"relics_obtained":["Red Mask"],"max_hp_gain":0,"max_hp_loss":0,"event_name":"Tomb of Lord Red Mask","floor":45,"gold_loss":77}],"is_beta":false,"boss_relics":[{"not_picked":["Black Star","Orrery"],"picked":"Astrolabe"},{"not_picked":["Coffee Dripper","Runic Dome"],"picked":"Sozu"}],"items_purged_floors":[20,39],"is_endless":false,"potions_floor_spawned":[5,8,18,19,28,33,35,40,41],"ascension_level":15}