{"gold_per_floor":[112,130,149,163,189,189,208,208,208,234,234,262,50,15,15,15],"floor_reached":16,"playtime":464,"items_purged":[],"score":245,"play_id":"460b70c4-0219-4f43-a50b-38cb9764c088","local_time":"20190215024252","is_ascension_mode":true,"campfire_choices":[{"data":"Crippling Poison","floor":6,"key":"SMITH"},{"floor":15,"key":"REST"}],"neow_cost":"PERCENT_DAMAGE","seed_source_timestamp":44979174263700,"circlet_count":0,"master_deck":["AscendersBane","Defend_G","Defend_G","Defend_G","Defend_G","Defend_G","Strike_G","Strike_G","Strike_G","Strike_G","Survivor","Neutralize","Riddle With Holes","Dagger Throw","Riddle With Holes","Crippling Poison+1","Backflip","Noxious Fumes","Adrenaline"],"relics":["Ring of the Snake","Mango","Strawberry","Juzu Bracelet","Lantern","Meat on the Bone","Strange Spoon"],"potions_floor_usage":[7,10,16],"damage_taken":[{"damage":3,"enemies":"Cultist","floor":1,"turns":5},{"damage":0,"enemies":"2 Louse","floor":2,"turns":2},{"damage":8,"enemies":"Small Slimes","floor":3,"turns":5},{"damage":3,"enemies":"Blue Slaver","floor":4,"turns":7},{"damage":6,"enemies":"Exordium Thugs","floor":7,"turns":5},{"damage":30,"enemies":"Gremlin Nob","floor":10,"turns":5},{"damage":29,"enemies":"3 Sentries","floor":12,"turns":12},{"damage":61,"enemies":"Slime Boss","floor":16,"turns":9}],"seed_played":"-1515023758700269425","potions_obtained":[{"floor":4,"key":"Swift Potion"},{"floor":7,"key":"GhostInAJar"},{"floor":12,"key":"Dexterity Potion"}],"is_trial":false,"path_per_floor":["M","M","M","M","T","R","M","?","T","E","?","E","$","?","R","B"],"character_chosen":"THE_SILENT","items_purchased":["Strange Spoon"],"campfire_rested":1,"item_purchase_floors":[13],"current_hp_per_floor":[55,55,47,44,51,51,45,38,38,8,37,8,8,29,55,0],"gold":15,"neow_bonus":"ONE_RARE_RELIC","is_prod":false,"is_daily":false,"chose_seed":false,"campfire_upgraded":1,"win_rate":0,"timestamp":1550166172,"path_taken":["M","M","M","M","?","R","M","?","T","E","?","E","?","?","R","BOSS"],"build_version":"2019-01-23","purchased_purges":0,"victory":false,"max_hp_per_floor":[80,80,80,80,87,87,87,87,87,87,87,87,87,87,87,87],"card_choices":[{"not_picked":["Deflect","PiercingWail"],"picked":"Riddle With Holes","floor":1},{"not_picked":["Acrobatics","Quick Slash"],"picked":"Dagger Throw","floor":2},{"not_picked":["Slice","Storm of Steel"],"picked":"Riddle With Holes","floor":3},{"not_picked":["Dagger Spray","Dodge and Roll"],"picked":"Crippling Poison","floor":4},{"not_picked":["Leg Sweep","Dagger Spray"],"picked":"Backflip","floor":7},{"not_picked":["Crippling Poison","Quick Slash"],"picked":"Noxious Fumes","floor":10},{"not_picked":["Flying Knee","Cloak And Dagger"],"picked":"Adrenaline","floor":12}],"player_experience":4302992,"relics_obtained":[{"floor":5,"key":"Strawberry"},{"floor":9,"key":"Juzu Bracelet"},{"floor":10,"key":"Lantern"},{"floor":12,"key":"Meat on the Bone"}],"event_choices":[{"cards_removed":["Strike_G"],"damage_healed":0,"gold_gain":0,"player_choice":"Card Removal","damage_taken":7,"max_hp_gain":0,"max_hp_loss":0,"event_name":"Golden Wing","floor":8,"gold_loss":0},{"damage_healed":29,"gold_gain":0,"player_choice":"Banana","damage_taken":0,"max_hp_gain":0,"max_hp_loss":0,"event_name":"Big Fish","floor":11,"gold_loss":0},{"damage_healed":21,"gold_gain":0,"player_choice":"Healed","damage_taken":0,"max_hp_gain":0,"max_hp_loss":0,"event_name":"The Cleric","floor":14,"gold_loss":35}],"is_beta":false,"boss_relics":[],"items_purged_floors":[],"is_endless":false,"potions_floor_spawned":[4,7,12],"killed_by":"Slime Boss","ascension_level":20}