{"gold_per_floor":[117,132,149,165,165,165,203,203,250,291,305,405,444,47,47,143,143,161,161,161,5,17,17,44,44],"floor_reached":25,"playtime":857,"items_purged":["Strike_G","Poisoned Stab"],"score":478,"play_id":"7f4b22fa-8c52-4c20-be02-7dd1b213c7b1","local_time":"20190309022917","is_ascension_mode":true,"campfire_choices":[{"data":"Dagger Spray","floor":6,"key":"SMITH"},{"floor":8,"key":"REST"},{"data":"Cloak And Dagger","floor":15,"key":"SMITH"},{"floor":23,"key":"REST"}],"neow_cost":"NONE","seed_source_timestamp":118029584299000,"circlet_count":0,"master_deck":["AscendersBane","Survivor","Neutralize","Outmaneuver","Poisoned Stab","Bouncing Flask","Dagger Spray+1","Caltrops","Cloak And Dagger+1","Dash","Well Laid Plans","Backflip","Riddle With Holes","After Image","Concentrate","Flechettes","Endless Agony","Storm of Steel","Crippling Poison","Blade Dance","Unload","Acrobatics"],"relics":["Ring of the Snake","Bloody Idol","Sundial","Boot","Pen Nib","Question Card","Shuriken","Pandora\u0027s Box","Meat on the Bone"],"potions_floor_usage":[7,7,10,22],"damage_taken":[{"damage":3,"enemies":"Cultist","floor":1,"turns":5},{"damage":2,"enemies":"Small Slimes","floor":2,"turns":3},{"damage":0,"enemies":"2 Louse","floor":3,"turns":4},{"damage":6,"enemies":"Large Slime","floor":4,"turns":5},{"damage":20,"enemies":"Lagavulin","floor":7,"turns":7},{"damage":5,"enemies":"Gremlin Nob","floor":10,"turns":3},{"damage":0,"enemies":"Blue Slaver","floor":11,"turns":3},{"damage":16,"enemies":"Lagavulin","floor":13,"turns":7},{"damage":19,"enemies":"Hexaghost","floor":16,"turns":8},{"damage":30,"enemies":"Shell Parasite","floor":18,"turns":5},{"damage":0,"enemies":"2 Thieves","floor":22,"turns":3},{"damage":41,"enemies":"Slavers","floor":24,"turns":6},{"damage":2,"enemies":"Snake Plant","floor":25,"turns":2}],"seed_played":"3412771610627291487","potions_obtained":[{"floor":1,"key":"PowerPotion"},{"floor":2,"key":"Fire Potion"},{"floor":7,"key":"SteroidPotion"}],"is_trial":false,"path_per_floor":["M","M","M","M","?","R","E","R","T","E","M","?","E","$","R","B",null,"M","?","?","$","M","R","E","M"],"character_chosen":"THE_SILENT","items_purchased":["Shuriken","Riddle With Holes","SkillPotion"],"campfire_rested":2,"item_purchase_floors":[14,14,21],"current_hp_per_floor":[56,54,54,48,48,48,28,46,46,41,41,41,25,25,25,6,47,17,17,17,17,27,45,9,7],"gold":44,"neow_bonus":"TRANSFORM_CARD","is_prod":false,"is_daily":false,"chose_seed":false,"campfire_upgraded":2,"win_rate":0,"timestamp":1552066157,"path_taken":["M","M","M","M","?","R","E","R","T","E","M","?","E","$","R","BOSS","M","?","?","$","M","R","E","M"],"build_version":"2019-01-23","purchased_purges":2,"victory":false,"max_hp_per_floor":[66,66,66,66,60,60,60,60,60,60,60,60,60,60,60,60,60,60,60,60,60,60,60,60,60],"card_choices":[{"not_picked":["Choke","Acrobatics"],"picked":"Poisoned Stab","floor":1},{"not_picked":["Cloak And Dagger","Prepared"],"picked":"Bouncing Flask","floor":2},{"not_picked":["Finisher","Outmaneuver"],"picked":"Dagger Spray","floor":3},{"not_picked":["Bouncing Flask","Leg Sweep"],"picked":"Caltrops","floor":4},{"not_picked":["Storm of Steel","Deadly Poison"],"picked":"Cloak And Dagger","floor":7},{"not_picked":["Blade Dance","Escape Plan"],"picked":"Dash","floor":10},{"not_picked":["Dagger Spray","Calculated Gamble"],"picked":"Well Laid Plans","floor":11},{"not_picked":["Infinite Blades","Tactician"],"picked":"Backflip","floor":13},{"not_picked":["Tools of the Trade","Corpse Explosion","Unload"],"picked":"After Image","floor":16},{"not_picked":["Riddle With Holes+1","Deflect","PiercingWail+1"],"picked":"Acrobatics","floor":18},{"not_picked":["Bane","Deflect","Envenom","Dagger Throw+1"],"picked":"SKIP","floor":22},{"not_picked":["Outmaneuver","Bane","Distraction+1","Endless Agony"],"picked":"SKIP","floor":24}],"player_experience":4501443,"relics_obtained":[{"floor":7,"key":"Sundial"},{"floor":9,"key":"Boot"},{"floor":10,"key":"Pen Nib"},{"floor":13,"key":"Question Card"},{"floor":24,"key":"Meat on the Bone"}],"event_choices":[{"damage_healed":0,"gold_gain":0,"player_choice":"Lose Max HP","damage_taken":0,"relics_obtained":["Golden Idol"],"max_hp_gain":0,"max_hp_loss":6,"event_name":"Golden Idol","floor":5,"gold_loss":0},{"damage_healed":0,"gold_gain":100,"player_choice":"Gold","damage_taken":0,"max_hp_gain":0,"max_hp_loss":0,"event_name":"Wheel of Change","floor":12,"gold_loss":0},{"damage_healed":0,"gold_gain":0,"player_choice":"Gave Idol","damage_taken":0,"relics_obtained":["Bloody Idol"],"max_hp_gain":0,"max_hp_loss":0,"event_name":"Forgotten Altar","floor":19,"relics_lost":["Golden Idol"],"gold_loss":0},{"damage_healed":0,"gold_gain":0,"player_choice":"Ignored","damage_taken":0,"max_hp_gain":0,"max_hp_loss":0,"event_name":"Vampires","floor":20,"gold_loss":0}],"is_beta":false,"boss_relics":[{"not_picked":["Sozu","Snecko Eye"],"picked":"Pandora\u0027s Box"}],"items_purged_floors":[14,21],"is_endless":false,"potions_floor_spawned":[1,2,3,7],"killed_by":"Snake Plant","ascension_level":20}