{"gold_per_floor":[115,128,228,115,125,125,143,171,171,171,191,219,219,7,7,84,84,100,115,115,115],"floor_reached":21,"playtime":1437,"items_purged":["Strike_R"],"score":312,"play_id":"d3fe20b2-b152-4fc5-9559-b808acb61327","local_time":"20190307123423","is_ascension_mode":true,"campfire_choices":[{"data":"Seeing Red","floor":6.0,"key":"SMITH"},{"data":"Rampage","floor":10.0,"key":"SMITH"},{"floor":13.0,"key":"REST"},{"data":"Magnetism","floor":15.0,"key":"SMITH"}],"neow_cost":"NONE","seed_source_timestamp":8220663616346,"circlet_count":0,"master_deck":["AscendersBane","Strike_R","Strike_R","Strike_R","Strike_R","Defend_R","Defend_R","Defend_R","Defend_R","Bash","Rampage+1","Spot Weakness","Seeing Red+1","Battle Trance","Pommel Strike","Rage","Shrug It Off","Magnetism+1","Battle Trance","Barricade","Entrench","Decay"],"special_seed":0,"relics":["Black Blood","NeowsBlessing","Du-Vu Doll","WingedGreaves","Girya"],"potions_floor_usage":[],"damage_taken":[{"damage":0.0,"enemies":"Small Slimes","floor":1.0,"turns":1.0},{"damage":0.0,"enemies":"Cultist","floor":2.0,"turns":1.0},{"damage":0.0,"enemies":"2 Louse","floor":5.0,"turns":2.0},{"damage":13.0,"enemies":"Exordium Wildlife","floor":7.0,"turns":3.0},{"damage":35.0,"enemies":"Lagavulin","floor":8.0,"turns":4.0},{"damage":23.0,"enemies":"Lots of Slimes","floor":11.0,"turns":3.0},{"damage":23.0,"enemies":"Gremlin Nob","floor":12.0,"turns":4.0},{"damage":12.0,"enemies":"Hexaghost","floor":16.0,"turns":9.0},{"damage":52.0,"enemies":"3 Byrds","floor":18.0,"turns":8.0},{"damage":4.0,"enemies":"Chosen","floor":19.0,"turns":6.0},{"damage":35,"enemies":"Centurion and Healer","floor":21,"turns":3}],"seed_played":"3528351787323071155","potions_obtained":[{"floor":2.0,"key":"Poison Potion"},{"floor":5.0,"key":"SkillPotion"},{"floor":8.0,"key":"EntropicBrew"},{"floor":12.0,"key":"AttackPotion"}],"is_trial":false,"path_per_floor":["M","M","?","$","M","R","M","E","T","R","M","E","R","$","R","B",null,"M","M","?","M"],"character_chosen":"IRONCLAD","items_purchased":["Seeing Red","Magnetism","Battle Trance"],"campfire_rested":1,"item_purchase_floors":[4,14,14],"current_hp_per_floor":[78,80,80,80,80,80,73,44,44,44,27,10,34,34,34,28,67,25,31,31,0],"gold":115,"neow_bonus":"THREE_ENEMY_KILL","is_prod":false,"is_daily":false,"chose_seed":false,"campfire_upgraded":3,"win_rate":0,"timestamp":1551929663,"path_taken":["M","M","?","$","?","R","M","E","T","R","M","E","R","$","R","BOSS","M","?","?","M"],"build_version":"2019-01-23","purchased_purges":1,"victory":false,"max_hp_per_floor":[80,80,80,80,80,80,80,80,80,80,80,80,80,80,80,80,80,80,80,80,80],"card_choices":[{"not_picked":["Anger","Uppercut"],"picked":"Rampage","floor":1.0},{"not_picked":["Pummel","Heavy Blade"],"picked":"Spot Weakness","floor":2.0},{"not_picked":["Anger","Disarm"],"picked":"Battle Trance","floor":5.0},{"not_picked":["Rupture","Sword Boomerang","Pommel Strike"],"picked":"SKIP","floor":7.0},{"not_picked":["Armaments","Thunderclap"],"picked":"Pommel Strike","floor":8.0},{"not_picked":["Clash","Perfected Strike"],"picked":"Rage","floor":11.0},{"not_picked":["Intimidate","Havoc"],"picked":"Shrug It Off","floor":12.0},{"not_picked":["Brutality","Juggernaut"],"picked":"Barricade","floor":16.0},{"not_picked":["Dropkick","Cleave","Havoc"],"picked":"SKIP","floor":18.0},{"not_picked":["Dropkick","Cleave","Havoc"],"picked":"SKIP","floor":18.0},{"not_picked":["Anger","Havoc"],"picked":"Entrench","floor":19.0}],"player_experience":247439,"relics_obtained":[{"floor":8.0,"key":"Du-Vu Doll"},{"floor":9.0,"key":"WingedGreaves"},{"floor":12.0,"key":"Girya"}],"event_choices":[{"damage_healed":0.0,"max_hp_gain":0.0,"max_hp_loss":0.0,"gold_gain":100.0,"event_name":"Golden Shrine","player_choice":"Pray","floor":3.0,"gold_loss":0.0,"damage_taken":0.0},{"damage_healed":0.0,"max_hp_gain":0.0,"max_hp_loss":0.0,"gold_gain":0.0,"event_name":"Forgotten Altar","player_choice":"Smashed Altar","floor":20.0,"gold_loss":0.0,"damage_taken":0.0,"cards_obtained":["Decay"]}],"is_beta":false,"boss_relics":[{"not_picked":["Runic Pyramid","Ectoplasm"],"picked":"Black Blood"}],"items_purged_floors":[4],"is_endless":false,"potions_floor_spawned":[2,5,8,12],"killed_by":"Centurion and Healer","ascension_level":13}