{"gold_per_floor":[18,18,37,37,51,76,156,187,187,16,16,35,35,65,65,140,140,158,158,178,34,50,50,76,87,87,87,87,105,122,132,132,209,209,221,221,66,66,66,66,80,80,133,33,50,69,69,69,69,69],"floor_reached":51,"playtime":8236,"items_purged":["Strike_G","Writhe"],"score":1109,"play_id":"23dbb2ac-7439-4666-b2ad-17aa0a51b92b","local_time":"20190213020741","is_ascension_mode":true,"campfire_choices":[{"floor":11.0,"key":"REST"},{"floor":13.0,"key":"REST"},{"floor":15.0,"key":"REST"},{"data":"After Image","floor":23.0,"key":"SMITH"},{"data":"After Image","floor":27.0,"key":"SMITH"},{"data":"Malaise","floor":32.0,"key":"SMITH"},{"data":"Phantasmal Killer","floor":40.0,"key":"SMITH"},{"data":"Burst","floor":42.0,"key":"SMITH"},{"data":"Footwork","floor":47,"key":"SMITH"},{"data":"Panache","floor":49,"key":"SMITH"}],"neow_cost":"NO_GOLD","seed_source_timestamp":0,"circlet_count":0,"master_deck":["AscendersBane","Defend_G","Defend_G","Defend_G","Strike_G","Strike_G","Strike_G","Strike_G","Survivor","Neutralize","Reflex","Backstab","Reflex","Neutralize","Malaise+1","Leg Sweep","Outmaneuver","Endless Agony","Flying Knee","After Image+1","Dramatic Entrance","Cloak And Dagger","Night Terror","Calculated Gamble","After Image+1","Cloak And Dagger","Footwork+1","Poisoned Stab","Endless Agony","Setup","Burst+1","Calculated Gamble","Phantasmal Killer+1","Quick Slash+1","Backstab","Caltrops","Sucker Punch+1","Panache+1","Secret Technique","Violence"],"special_seed":0,"relics":["Ring of the Snake","Bronze Scales","Calipers","Blue Candle","Coffee Dripper","Blood Vial","Red Mask","Incense Burner","Runic Dome","Oddly Smooth Stone","Boot"],"potions_floor_usage":[50,50],"damage_taken":[{"damage":0.0,"enemies":"Jaw Worm","floor":1.0,"turns":5.0},{"damage":3.0,"enemies":"Small Slimes","floor":3.0,"turns":4.0},{"damage":0.0,"enemies":"Cultist","floor":5.0,"turns":4.0},{"damage":42.0,"enemies":"Lagavulin","floor":6.0,"turns":17.0},{"damage":19.0,"enemies":"Gremlin Nob","floor":8.0,"turns":5.0},{"damage":0.0,"enemies":"3 Louse","floor":12.0,"turns":2.0},{"damage":19.0,"enemies":"The Guardian","floor":16.0,"turns":22.0},{"damage":12.0,"enemies":"Spheric Guardian","floor":18.0,"turns":8.0},{"damage":3.0,"enemies":"3 Byrds","floor":20.0,"turns":5.0},{"damage":16.0,"enemies":"Shelled Parasite and Fungi","floor":22.0,"turns":11.0},{"damage":16.0,"enemies":"Masked Bandits","floor":24.0,"turns":8.0},{"damage":4.0,"enemies":"3 Cultists","floor":25.0,"turns":8.0},{"damage":0.0,"enemies":"Snecko","floor":29.0,"turns":8.0},{"damage":0.0,"enemies":"Shelled Parasite and Fungi","floor":30.0,"turns":9.0},{"damage":5.0,"enemies":"Centurion and Healer","floor":31.0,"turns":14.0},{"damage":6.0,"enemies":"Champ","floor":33.0,"turns":68.0},{"damage":2.0,"enemies":"Orb Walker","floor":35.0,"turns":5.0},{"damage":4.0,"enemies":"3 Shapes","floor":41.0,"turns":4.0},{"damage":4,"enemies":"Sphere and 2 Shapes","floor":45,"turns":8},{"damage":26,"enemies":"3 Darklings","floor":46,"turns":6},{"damage":50,"enemies":"Awakened One","floor":50,"turns":26}],"seed_played":"7891037311348950520","potions_obtained":[{"floor":1.0,"key":"SpeedPotion"},{"floor":5.0,"key":"GhostInAJar"},{"floor":8.0,"key":"Poison Potion"},{"floor":18.0,"key":"Poison Potion"},{"floor":22.0,"key":"Poison Potion"},{"floor":25.0,"key":"SpeedPotion"},{"floor":29.0,"key":"EntropicBrew"},{"floor":46,"key":"Regen Potion"}],"is_trial":false,"path_per_floor":["M","?","M","?","M","E","?","E","T","$","R","M","R","?","R","B",null,"M","?","M","$","M","R","?","M","T","R","?","M","M","M","R","B",null,"M","?","$","?","$","R","M","R","T","$","M","M","R","?","R","B",null],"character_chosen":"THE_SILENT","items_purchased":["Dramatic Entrance","Blood Vial","Oddly Smooth Stone"],"campfire_rested":3,"item_purchase_floors":[10,21,37],"current_hp_per_floor":[71,71,68,68,68,26,26,7,7,7,30,30,53,53,76,57,73,61,61,58,58,44,44,30,28,28,28,28,30,32,29,29,25,65,65,65,65,78,78,78,74,74,74,74,72,48,48,38,38,5],"gold":69,"neow_bonus":"TWENTY_PERCENT_HP_BONUS","is_prod":false,"is_daily":false,"chose_seed":false,"campfire_upgraded":7,"win_rate":0,"timestamp":1549991261,"path_taken":["M","?","M","?","?","E","?","E","T","?","R","M","R","?","R","BOSS","M","?","?","$","M","R","?","M","T","R","?","M","?","M","R","BOSS","M","?","$","?","?","R","?","R","T","$","M","M","R","?","R","BOSS"],"build_version":"2019-01-23","purchased_purges":2,"victory":true,"max_hp_per_floor":[78,78,78,78,78,78,78,78,78,78,78,78,78,78,78,78,78,78,78,78,78,78,78,78,78,78,78,78,78,78,78,78,78,78,78,78,78,78,78,78,78,78,78,78,78,78,78,78,78,78],"card_choices":[{"not_picked":["Flying Knee","Deadly Poison"],"picked":"Reflex","floor":1.0},{"not_picked":["PiercingWail","Dagger Spray"],"picked":"Reflex","floor":3.0},{"not_picked":["Backflip","Expertise"],"picked":"Endless Agony","floor":5.0},{"not_picked":["Slice","Poisoned Stab"],"picked":"Flying Knee","floor":6.0},{"not_picked":["Heel Hook","Night Terror"],"picked":"After Image","floor":8.0},{"not_picked":["Deflect","Slice"],"picked":"Cloak And Dagger","floor":12.0},{"not_picked":["Storm of Steel","Grand Finale"],"picked":"Night Terror","floor":16.0},{"not_picked":["Choke","All Out Attack"],"picked":"Calculated Gamble","floor":18.0},{"not_picked":["Backflip","Quick Slash"],"picked":"Cloak And Dagger","floor":20.0},{"not_picked":["Outmaneuver","Flying Knee"],"picked":"Footwork","floor":22.0},{"not_picked":["Concentrate","Outmaneuver"],"picked":"Poisoned Stab","floor":24.0},{"not_picked":["Deflect","Acrobatics"],"picked":"Endless Agony","floor":25.0},{"not_picked":["Acrobatics","Dagger Spray"],"picked":"Setup","floor":29.0},{"not_picked":["Bouncing Flask","Outmaneuver"],"picked":"Burst","floor":30.0},{"not_picked":["Deflect","PiercingWail"],"picked":"Calculated Gamble","floor":31.0},{"not_picked":["Grand Finale","Wraith Form v2"],"picked":"Phantasmal Killer","floor":33.0},{"not_picked":["PiercingWail","Slice"],"picked":"Quick Slash+1","floor":35.0},{"not_picked":["Deadly Poison","Quick Slash"],"picked":"Backstab","floor":41.0},{"not_picked":["Calculated Gamble","Bane"],"picked":"Caltrops","floor":45},{"not_picked":["Dodge and Roll","Backflip"],"picked":"Sucker Punch+1","floor":46},{"not_picked":["PanicButton","Blind"],"picked":"Panache","floor":48},{"not_picked":["Dark Shackles","Master of Strategy"],"picked":"Secret Technique","floor":48},{"not_picked":["PanicButton","Deep Breath"],"picked":"Violence","floor":48}],"player_experience":990752,"relics_obtained":[{"floor":6.0,"key":"Bronze Scales"},{"floor":8.0,"key":"Calipers"},{"floor":9.0,"key":"Blue Candle"},{"floor":24.0,"key":"Red Mask"},{"floor":26.0,"key":"Incense Burner"},{"floor":43.0,"key":"Boot"}],"event_choices":[{"damage_healed":0.0,"max_hp_gain":0.0,"max_hp_loss":0.0,"gold_gain":0.0,"cards_transformed":["Defend_G"],"event_name":"Living Wall","player_choice":"Change","floor":2.0,"gold_loss":0.0,"damage_taken":0.0,"cards_obtained":["Backstab"]},{"damage_healed":0.0,"max_hp_gain":0.0,"max_hp_loss":0.0,"gold_gain":0.0,"event_name":"Match and Keep!","player_choice":"4 cards matched","floor":4.0,"gold_loss":0.0,"damage_taken":0.0,"cards_obtained":["Neutralize","Malaise","Leg Sweep","Outmaneuver"]},{"damage_healed":0.0,"max_hp_gain":0.0,"max_hp_loss":0.0,"gold_gain":80.0,"event_name":"Golden Wing","player_choice":"Gained Gold","floor":7.0,"gold_loss":0.0,"damage_taken":0.0},{"damage_healed":0.0,"max_hp_gain":0.0,"max_hp_loss":0.0,"gold_gain":30.0,"event_name":"Dead Adventurer","player_choice":"Searched \u00271\u0027 times","floor":14.0,"gold_loss":0.0,"damage_taken":0.0},{"damage_healed":0.0,"max_hp_gain":0.0,"max_hp_loss":0.0,"gold_gain":0.0,"event_name":"Duplicator","player_choice":"Copied","floor":19.0,"gold_loss":0.0,"damage_taken":0.0,"cards_obtained":["After Image"]},{"damage_healed":0.0,"max_hp_gain":0.0,"max_hp_loss":0.0,"gold_gain":0.0,"event_name":"Masked Bandits","player_choice":"Fought Bandits","floor":24.0,"gold_loss":0.0,"damage_taken":0.0},{"damage_healed":0.0,"max_hp_gain":0.0,"max_hp_loss":0.0,"gold_gain":0.0,"event_name":"Lab","player_choice":"Got Potions","floor":28.0,"gold_loss":0.0,"damage_taken":0.0},{"cards_removed":["Defend_G"],"damage_healed":0.0,"max_hp_gain":0.0,"max_hp_loss":0.0,"gold_gain":0.0,"event_name":"Falling","player_choice":"Removed Skill","floor":36.0,"gold_loss":0.0,"damage_taken":0.0},{"damage_healed":16.0,"max_hp_gain":0.0,"max_hp_loss":0.0,"gold_gain":0.0,"event_name":"Winding Halls","player_choice":"Writhe","floor":38.0,"gold_loss":0.0,"damage_taken":0.0,"cards_obtained":["Writhe"]},{"damage_healed":0,"gold_gain":0,"player_choice":"Memory 3","damage_taken":10,"max_hp_gain":0,"max_hp_loss":0,"event_name":"SensoryStone","floor":48,"gold_loss":0}],"is_beta":false,"boss_relics":[{"not_picked":["Velvet Choker","Pandora\u0027s Box"],"picked":"Coffee Dripper"},{"not_picked":["White Beast Statue","Tiny House"],"picked":"Runic Dome"}],"items_purged_floors":[10,44],"is_endless":false,"potions_floor_spawned":[1,5,8,18,22,25,29,31,46],"ascension_level":15}