{"gold_per_floor":[10,10,10,23,23,61,74,117,117,141,141,154,197,197,197,197],"floor_reached":16,"playtime":1312,"items_purged":[],"score":181,"play_id":"dcd3a1cf-67c2-400e-be8a-31e626ade3dd","local_time":"20190222203630","is_ascension_mode":true,"campfire_choices":[{"data":"Burning Pact","floor":11,"key":"SMITH"},{"floor":15,"key":"REST"}],"neow_cost":"NO_GOLD","seed_source_timestamp":225582839800,"circlet_count":0,"master_deck":["Strike_R","Strike_R","Strike_R","Strike_R","Strike_R","Defend_R+1","Defend_R+1","Bash","Clash","Sever Soul","Demon Form","Rupture","Burning Pact+1","Dual Wield","Wild Strike","Second Wind"],"relics":["Burning Blood","Golden Idol","Bird Faced Urn","Pear","Frozen Egg 2","Boot","Champion Belt"],"potions_floor_usage":[6,8,10,10,16,16,16],"damage_taken":[{"damage":6,"enemies":"Cultist","floor":1,"turns":3},{"damage":6,"enemies":"Small Slimes","floor":4,"turns":2},{"damage":10,"enemies":"Gremlin Nob","floor":6,"turns":3},{"damage":7,"enemies":"2 Louse","floor":7,"turns":4},{"damage":19,"enemies":"Lagavulin","floor":8,"turns":6},{"damage":9,"enemies":"2 Fungi Beasts","floor":10,"turns":3},{"damage":6,"enemies":"3 Louse","floor":12,"turns":3},{"damage":29,"enemies":"Gremlin Nob","floor":13,"turns":4},{"damage":40,"enemies":"The Guardian","floor":16,"turns":9}],"seed_played":"7914182714176269751","potions_obtained":[{"floor":5,"key":"Fruit Juice"},{"floor":5,"key":"BloodPotion"},{"floor":5,"key":"AttackPotion"},{"floor":7,"key":"Weak Potion"},{"floor":10,"key":"SpeedPotion"},{"floor":12,"key":"SkillPotion"},{"floor":13,"key":"SkillPotion"}],"is_trial":false,"path_per_floor":["M","?","?","M","?","E","M","E","T","M","R","M","E","?","R","B"],"character_chosen":"IRONCLAD","items_purchased":[],"campfire_rested":1,"item_purchase_floors":[],"current_hp_per_floor":[72,56,36,36,36,37,36,35,35,41,41,43,20,8,36,0],"gold":197,"neow_bonus":"REMOVE_TWO","is_prod":false,"is_daily":false,"chose_seed":false,"campfire_upgraded":1,"win_rate":0,"timestamp":1550864190,"path_taken":["M","?","?","M","?","E","M","E","T","M","R","?","E","?","R","BOSS"],"build_version":"2019-01-23","purchased_purges":0,"victory":false,"max_hp_per_floor":[80,80,80,80,80,85,85,95,95,95,95,95,95,95,95,95],"card_choices":[{"not_picked":["Warcry","Sword Boomerang"],"picked":"Clash","floor":1},{"not_picked":["Headbutt","Evolve"],"picked":"Sever Soul","floor":4},{"not_picked":["Cleave","Immolate"],"picked":"Demon Form","floor":6},{"not_picked":["Warcry","Clash"],"picked":"Rupture","floor":7},{"not_picked":["Fiend Fire","Second Wind"],"picked":"Burning Pact","floor":8},{"not_picked":["Cleave","Uppercut"],"picked":"Dual Wield","floor":10},{"not_picked":["Sword Boomerang","Body Slam"],"picked":"Wild Strike","floor":12},{"not_picked":["Impervious","Seeing Red"],"picked":"Second Wind","floor":13}],"player_experience":357980,"relics_obtained":[{"floor":6,"key":"Bird Faced Urn"},{"floor":8,"key":"Pear"},{"floor":9,"key":"Frozen Egg 2"},{"floor":13,"key":"Boot"}],"event_choices":[{"damage_healed":0,"gold_gain":0,"player_choice":"Entered Light","damage_taken":16,"max_hp_gain":0,"max_hp_loss":0,"event_name":"Shining Light","floor":2,"gold_loss":0,"cards_upgraded":["Defend_R","Defend_R"]},{"damage_healed":0,"gold_gain":0,"player_choice":"Take Damage","damage_taken":20,"relics_obtained":["Golden Idol"],"max_hp_gain":0,"max_hp_loss":0,"event_name":"Golden Idol","floor":3,"gold_loss":0},{"damage_healed":0,"gold_gain":0,"player_choice":"Got Potions","damage_taken":0,"max_hp_gain":0,"max_hp_loss":0,"event_name":"Lab","floor":5,"gold_loss":0},{"damage_healed":0,"gold_gain":0,"player_choice":"Success","damage_taken":12,"relics_obtained":["Champion Belt"],"max_hp_gain":0,"max_hp_loss":0,"event_name":"Scrap Ooze","floor":14,"gold_loss":0}],"is_beta":false,"boss_relics":[],"items_purged_floors":[],"is_endless":false,"potions_floor_spawned":[7,10,12,13],"killed_by":"The Guardian","ascension_level":6}