{"gold_per_floor":[119,119,139,139,150,185,185,212,242,242,253,265,67,67,67,67],"floor_reached":16,"playtime":403,"items_purged":["Strike_R"],"score":220,"play_id":"2c40123b-e4e2-4b60-b59c-4dc820aca898","local_time":"20190114003943","is_ascension_mode":true,"campfire_choices":[{"data":"Metallicize","floor":7,"key":"SMITH"},{"floor":10,"key":"REST"},{"data":"Dual Wield","floor":15,"key":"SMITH"}],"neow_cost":"NONE","seed_source_timestamp":284011168429434,"circlet_count":0,"master_deck":["AscendersBane","Strike_R","Strike_R","Strike_R","Strike_R","Defend_R","Defend_R+1","Defend_R","Defend_R","Bash","Clothesline+1","Metallicize+1","Iron Wave","Offering+1","Dual Wield+1","Armaments+1"],"relics":["Burning Blood","Potion Belt","Dream Catcher","The Courier","Tiny Chest","War Paint"],"potions_floor_usage":[16],"damage_taken":[{"damage":10,"enemies":"Small Slimes","floor":1,"turns":5},{"damage":0,"enemies":"2 Louse","floor":3,"turns":3},{"damage":1,"enemies":"Cultist","floor":5,"turns":4},{"damage":37,"enemies":"Lagavulin","floor":6,"turns":9},{"damage":38,"enemies":"Gremlin Nob","floor":8,"turns":5},{"damage":10,"enemies":"Large Slime","floor":11,"turns":9},{"damage":15,"enemies":"Gremlin Gang","floor":12,"turns":7},{"damage":32,"enemies":"The Guardian","floor":16,"turns":7}],"seed_played":"3841991908469532702","potions_obtained":[{"floor":8,"key":"SpeedPotion"},{"floor":11,"key":"SteroidPotion"}],"is_trial":false,"path_per_floor":["M","?","M","?","M","E","R","E","T","R","M","M","$","?","R","B"],"character_chosen":"IRONCLAD","items_purchased":["War Paint"],"campfire_rested":1,"item_purchase_floors":[13],"current_hp_per_floor":[64,64,70,70,75,44,44,12,12,34,30,21,21,21,21,0],"gold":67,"neow_bonus":"RANDOM_COMMON_RELIC","is_prod":false,"is_daily":false,"chose_seed":false,"campfire_upgraded":2,"win_rate":0,"timestamp":1547393983,"path_taken":["M","?","M","?","M","E","R","E","T","R","M","M","$","?","R","BOSS"],"build_version":"2019-01-10","purchased_purges":1,"victory":false,"max_hp_per_floor":[75,75,75,75,75,75,75,75,75,75,75,75,75,75,75,75],"card_choices":[{"not_picked":["Wild Strike","Cleave"],"picked":"Clothesline","floor":1},{"not_picked":["Sentinel","Wild Strike"],"picked":"Metallicize","floor":3},{"not_picked":["Second Wind","Flex","Havoc"],"picked":"SKIP","floor":5},{"not_picked":["Clothesline","Sword Boomerang","Bloodletting"],"picked":"SKIP","floor":6},{"not_picked":["Flex","Cleave"],"picked":"Iron Wave","floor":8},{"not_picked":["Thunderclap","True Grit"],"picked":"Offering","floor":10},{"not_picked":["Headbutt","Iron Wave"],"picked":"Dual Wield","floor":11},{"not_picked":["Perfected Strike","Warcry"],"picked":"Armaments","floor":12}],"player_experience":4067797,"relics_obtained":[{"floor":6,"key":"Dream Catcher"},{"floor":8,"key":"The Courier"},{"floor":9,"key":"Tiny Chest"}],"event_choices":[{"damage_healed":0,"gold_gain":0,"player_choice":"Ignored","damage_taken":0,"max_hp_gain":0,"max_hp_loss":0,"event_name":"Liars Game","floor":2,"gold_loss":0},{"damage_healed":0,"gold_gain":0,"player_choice":"Grow","damage_taken":0,"max_hp_gain":0,"max_hp_loss":0,"event_name":"Living Wall","floor":4,"gold_loss":0,"cards_upgraded":["Clothesline"]},{"damage_healed":0,"gold_gain":0,"player_choice":"Forge","damage_taken":0,"max_hp_gain":0,"max_hp_loss":0,"event_name":"Accursed Blacksmith","floor":14,"gold_loss":0,"cards_upgraded":["Offering"]}],"is_beta":false,"boss_relics":[],"items_purged_floors":[13],"is_endless":false,"potions_floor_spawned":[8,11],"killed_by":"The Guardian","ascension_level":20}