{"gold_per_floor":[115,65,65,83,99,99,133,151,151,163,179,179,213,224,224,329,329,340,265,265,62,62,62,0,18,18,18,28,28,28,53,53,156,156,174,189,189,149,161,161,174,174,174,194,194,225,112,123,123,123],"floor_reached":51,"playtime":3934,"items_purged":["Defend_B"],"score":657,"play_id":"0ec5dda7-72ff-4eba-ac1d-fed96a89f713","local_time":"20190124124217","is_ascension_mode":false,"campfire_choices":[{"data":"Dualcast","floor":6.0,"key":"SMITH"},{"floor":15.0,"key":"REST"},{"data":"Creative AI","floor":23.0,"key":"SMITH"},{"data":"Conserve Battery","floor":27.0,"key":"SMITH"},{"floor":30.0,"key":"REST"},{"floor":32.0,"key":"REST"},{"data":"Cloak And Dagger","floor":40,"key":"SMITH"},{"floor":42,"key":"REST"},{"floor":45,"key":"REST"},{"floor":49,"key":"REST"}],"neow_cost":"NONE","seed_source_timestamp":0,"circlet_count":0,"master_deck":["Strike_B","Strike_B+1","Strike_B","Defend_B","Zap","Dualcast+1","Conserve Battery+1","Genetic Algorithm","Ball Lightning","Loop","Reinforced Body+1","Auto Shields+1","Creative AI+1","Blood for Blood+1","Cloak And Dagger+1","Electrodynamics","Cloak And Dagger+1","A Thousand Cuts","Skim"],"special_seed":0,"relics":["Cracked Core","Turnip","Shuriken","Blue Candle","Nuclear Battery","Cables","PrismaticShard","MutagenicStrength","Darkstone Periapt","Happy Flower","Inserter","Letter Opener","Anchor"],"potions_floor_usage":[33,50,50],"damage_taken":[{"damage":0.0,"enemies":"Small Slimes","floor":1.0,"turns":2.0},{"damage":1.0,"enemies":"Jaw Worm","floor":4.0,"turns":3.0},{"damage":4.0,"enemies":"2 Louse","floor":5.0,"turns":3.0},{"damage":32.0,"enemies":"Gremlin Nob","floor":7.0,"turns":4.0},{"damage":11.0,"enemies":"Large Slime","floor":8.0,"turns":4.0},{"damage":0.0,"enemies":"2 Fungi Beasts","floor":10.0,"turns":3.0},{"damage":0.0,"enemies":"Lots of Slimes","floor":11.0,"turns":4.0},{"damage":13.0,"enemies":"Lagavulin","floor":13.0,"turns":6.0},{"damage":0.0,"enemies":"Looter","floor":14.0,"turns":3.0},{"damage":15.0,"enemies":"The Guardian","floor":16.0,"turns":13.0},{"damage":10.0,"enemies":"2 Thieves","floor":18.0,"turns":5.0},{"damage":5.0,"enemies":"Chosen","floor":25.0,"turns":5.0},{"damage":12.0,"enemies":"3 Cultists","floor":28.0,"turns":4.0},{"damage":50.0,"enemies":"Gremlin Leader","floor":31.0,"turns":6.0},{"damage":38,"enemies":"Automaton","floor":33,"turns":11},{"damage":7,"enemies":"Orb Walker","floor":35,"turns":4},{"damage":1,"enemies":"3 Shapes","floor":36,"turns":6},{"damage":12,"enemies":"Writhing Mass","floor":39,"turns":7},{"damage":23,"enemies":"Spire Growth","floor":41,"turns":6},{"damage":10,"enemies":"Sphere and 2 Shapes","floor":44,"turns":6},{"damage":27,"enemies":"Giant Head","floor":46,"turns":9},{"damage":1,"enemies":"Maw","floor":48,"turns":7},{"damage":21,"enemies":"Donu and Deca","floor":50,"turns":10}],"seed_played":"3312472567064016336","potions_obtained":[{"floor":4.0,"key":"SpeedPotion"},{"floor":7.0,"key":"Fire Potion"},{"floor":8.0,"key":"Strength Potion"},{"floor":18.0,"key":"GamblersBrew"},{"floor":28.0,"key":"Strength Potion"},{"floor":31.0,"key":"Explosive Potion"},{"floor":39,"key":"SteroidPotion"},{"floor":41,"key":"Energy Potion"},{"floor":48,"key":"Dexterity Potion"}],"is_trial":false,"path_per_floor":["M","?","?","M","M","R","E","M","T","M","M","?","E","M","R","B",null,"M","?","T","$","?","R","?","M","T","R","M","?","R","E","R","B",null,"M","M","?","?","M","R","M","R","T","M","R","E","$","M","R","B",null],"character_chosen":"DEFECT","items_purchased":["PrismaticShard","Skim"],"campfire_rested":6,"item_purchase_floors":[21,47],"current_hp_per_floor":[75,75,75,74,70,70,38,27,27,27,27,52,39,39,61,46,75,65,65,65,65,65,65,65,60,60,60,48,48,70,20,42,4,75,68,67,67,67,55,55,32,54,54,44,66,39,39,38,60,39],"gold":123,"neow_bonus":"THREE_CARDS","is_prod":false,"is_daily":false,"chose_seed":false,"campfire_upgraded":4,"win_rate":0,"timestamp":1548330137,"path_taken":["M","?","?","M","M","R","E","M","T","M","M","?","E","M","R","BOSS","M","?","?","$","?","R","?","M","T","R","M","?","R","E","R","BOSS","M","?","?","?","M","R","M","R","T","M","R","E","$","?","R","BOSS"],"build_version":"2019-01-23","purchased_purges":1,"victory":true,"max_hp_per_floor":[75,75,75,75,75,75,75,75,75,75,75,75,75,75,75,75,75,75,75,75,75,75,75,75,75,75,75,75,75,75,75,75,75,75,75,75,75,75,75,75,75,75,75,75,75,75,75,75,75,75],"card_choices":[{"not_picked":["Steam","Sweeping Beam"],"picked":"Conserve Battery","floor":0.0},{"not_picked":["Hologram","Rebound"],"picked":"Genetic Algorithm","floor":1.0},{"not_picked":["Sweeping Beam","Conserve Battery"],"picked":"Ball Lightning","floor":4.0},{"not_picked":["Redo","Ball Lightning"],"picked":"Loop","floor":5.0},{"not_picked":["Coolheaded","Turbo","Rip and Tear"],"picked":"SKIP","floor":7.0},{"not_picked":["Go for the Eyes","Turbo"],"picked":"Reinforced Body","floor":8.0},{"not_picked":["Ball Lightning","Rip and Tear","Stack"],"picked":"SKIP","floor":10.0},{"not_picked":["Hyperbeam","Hello World"],"picked":"Auto Shields","floor":13.0},{"not_picked":["Genetic Algorithm","Steam","Compile Driver"],"picked":"SKIP","floor":14.0},{"not_picked":["Biased Cognition","Machine Learning"],"picked":"Creative AI","floor":16.0},{"not_picked":["Go for the Eyes","Cold Snap","Genetic Algorithm"],"picked":"SKIP","floor":18.0},{"not_picked":["Distraction","Ball Lightning+1"],"picked":"Blood for Blood+1","floor":25.0},{"not_picked":["Underhanded Strike","Clothesline","Mayhem"],"picked":"SKIP","floor":28.0},{"not_picked":["Aggregate","Stack"],"picked":"Cloak And Dagger","floor":31.0},{"not_picked":["Magnetism","Double Tap"],"picked":"Electrodynamics","floor":33},{"not_picked":["Pommel Strike+1","Twin Strike","Sucker Punch+1"],"picked":"SKIP","floor":35},{"not_picked":["Outmaneuver","Ball Lightning+1","Acrobatics"],"picked":"SKIP","floor":36},{"not_picked":["Warcry","Outmaneuver+1"],"picked":"Cloak And Dagger+1","floor":39},{"not_picked":["Hemokinesis+1","Cleave+1","Whirlwind"],"picked":"SKIP","floor":41},{"not_picked":["Battle Trance","Backflip+1","Bane"],"picked":"SKIP","floor":44},{"not_picked":["Sucker Punch","Secret Technique"],"picked":"A Thousand Cuts","floor":46},{"not_picked":["Cloak And Dagger","Stack+1","Darkness"],"picked":"SKIP","floor":48}],"player_experience":257612,"relics_obtained":[{"floor":7.0,"key":"Turnip"},{"floor":9.0,"key":"Shuriken"},{"floor":13.0,"key":"Blue Candle"},{"floor":20.0,"key":"Cables"},{"floor":26.0,"key":"Darkstone Periapt"},{"floor":31.0,"key":"Happy Flower"},{"floor":43,"key":"Letter Opener"},{"floor":46,"key":"Anchor"}],"event_choices":[{"cards_removed":["Defend_B"],"damage_healed":0.0,"max_hp_gain":0.0,"max_hp_loss":0.0,"gold_gain":0.0,"event_name":"The Cleric","player_choice":"Card Removal","floor":2.0,"gold_loss":50.0,"damage_taken":0.0},{"damage_healed":0.0,"max_hp_gain":0.0,"max_hp_loss":0.0,"gold_gain":0.0,"event_name":"Golden Idol","player_choice":"Ignored","floor":3.0,"gold_loss":0.0,"damage_taken":0.0},{"damage_healed":25.0,"max_hp_gain":0.0,"max_hp_loss":0.0,"gold_gain":0.0,"event_name":"Big Fish","player_choice":"Banana","floor":12.0,"gold_loss":0.0,"damage_taken":0.0},{"cards_removed":["Defend_B"],"damage_healed":0.0,"max_hp_gain":0.0,"max_hp_loss":0.0,"gold_gain":0.0,"event_name":"Beggar","player_choice":"Gave Gold","floor":19.0,"gold_loss":75.0,"damage_taken":0.0},{"damage_healed":0.0,"max_hp_gain":0.0,"max_hp_loss":0.0,"gold_gain":0.0,"event_name":"Drug Dealer","player_choice":"Inject Mutagens","floor":22.0,"gold_loss":0.0,"damage_taken":0.0,"relics_obtained":["MutagenicStrength"]},{"damage_healed":0.0,"max_hp_gain":0.0,"max_hp_loss":0.0,"gold_gain":0.0,"event_name":"Masked Bandits","player_choice":"Paid Fearfully","floor":24.0,"gold_loss":62.0,"damage_taken":0.0},{"damage_healed":0.0,"max_hp_gain":0.0,"max_hp_loss":0.0,"gold_gain":0.0,"event_name":"Upgrade Shrine","player_choice":"Upgraded","floor":29.0,"gold_loss":0.0,"damage_taken":0.0,"cards_upgraded":["Reinforced Body"]},{"cards_removed":["Strike_B"],"damage_healed":0,"gold_gain":0,"player_choice":"Removed Attack","damage_taken":0,"max_hp_gain":0,"max_hp_loss":0,"event_name":"Falling","floor":37,"gold_loss":0},{"damage_healed":0,"gold_gain":0,"player_choice":"Upgraded Two","damage_taken":0,"max_hp_gain":0,"max_hp_loss":0,"event_name":"Designer","floor":38,"gold_loss":40,"cards_upgraded":["Strike_B","Auto Shields"]}],"is_beta":false,"boss_relics":[{"not_picked":["Lizard Tail","Cursed Key"],"picked":"Nuclear Battery"},{"not_picked":["Coffee Dripper","Fusion Hammer"],"picked":"Inserter"}],"items_purged_floors":[47],"is_endless":false,"potions_floor_spawned":[4,7,8,10,18,28,31,39,41,48],"ascension_level":0}