{"gold_per_floor":[114,133,133,152,152,252,290,290,313,327,327,343,364,344,344,440,440,464,239,9,9,9,9,25,25,50,64,77,77,77,77],"floor_reached":31,"playtime":694,"items_purged":["Strike_B"],"score":570,"play_id":"0c4e0cee-cc6f-421e-ad8a-01c8c0663c38","local_time":"20190117014240","is_ascension_mode":true,"campfire_choices":[{"data":"Streamline","floor":8,"key":"SMITH"},{"floor":11,"key":"REST"},{"data":"Rip and Tear","floor":15,"key":"SMITH"},{"floor":23,"key":"REST"},{"floor":25,"key":"REST"}],"neow_cost":"NONE","seed_source_timestamp":546699294274835,"circlet_count":0,"master_deck":["AscendersBane","Defend_B","Defend_B","Defend_B","Defend_B","Zap","Dualcast","Streamline+1","Go for the Eyes","Barrage","Genetic Algorithm","Ball Lightning","Auto Shields","Rip and Tear+1","Rip and Tear","Hyperbeam","Go for the Eyes+1","Core Surge","Doom and Gloom","BootSequence","Second Wind","Accuracy","Bouncing Flask","Sucker Punch+1","Shame","White Noise","Turbo"],"relics":["Cracked Core","NeowsBlessing","Golden Idol","Centennial Puzzle","Dream Catcher","Fusion Hammer","PrismaticShard","Art of War","Regal Pillow"],"potions_floor_usage":[7,16,16,28,28],"damage_taken":[{"damage":0,"enemies":"Jaw Worm","floor":1,"turns":1},{"damage":0,"enemies":"Cultist","floor":2,"turns":1},{"damage":0,"enemies":"2 Louse","floor":4,"turns":1},{"damage":24,"enemies":"Gremlin Nob","floor":7,"turns":4},{"damage":9,"enemies":"2 Fungi Beasts","floor":10,"turns":3},{"damage":8,"enemies":"Exordium Thugs","floor":12,"turns":4},{"damage":12,"enemies":"Lots of Slimes","floor":13,"turns":4},{"damage":0,"enemies":"Slime Boss","floor":16,"turns":5},{"damage":22,"enemies":"Spheric Guardian","floor":18,"turns":4},{"damage":13,"enemies":"Shell Parasite","floor":24,"turns":3},{"damage":40,"enemies":"Shelled Parasite and Fungi","floor":27,"turns":5},{"damage":5,"enemies":"Chosen and Byrds","floor":28,"turns":5},{"damage":24,"enemies":"Sentry and Sphere","floor":31,"turns":5}],"seed_played":"-4321297979349815694","potions_obtained":[{"floor":3,"key":"PowerPotion"},{"floor":3,"key":"LiquidBronze"},{"floor":4,"key":"SkillPotion"},{"floor":12,"key":"FearPotion"},{"floor":24,"key":"Explosive Potion"},{"floor":27,"key":"Weak Potion"},{"floor":28,"key":"Weak Potion"}],"is_trial":false,"path_per_floor":["M","M","?","M","?","?","E","R","T","M","R","M","M","?","R","B",null,"M","$","$","?","?","R","M","R","T","M","M","?","?","M"],"character_chosen":"DEFECT","items_purchased":["Core Surge","PrismaticShard"],"campfire_rested":3,"item_purchase_floors":[19,20],"current_hp_per_floor":[64,64,64,64,40,40,16,16,16,7,28,20,8,8,8,8,55,33,33,33,33,33,54,41,62,62,22,17,17,17,0],"gold":77,"neow_bonus":"THREE_ENEMY_KILL","is_prod":false,"is_daily":false,"chose_seed":false,"campfire_upgraded":2,"win_rate":0,"timestamp":1547656960,"path_taken":["M","M","?","?","?","?","E","R","T","?","R","M","M","?","R","BOSS","M","?","$","?","?","R","M","R","T","M","?","?","?","M"],"build_version":"2019-01-10","purchased_purges":1,"victory":false,"max_hp_per_floor":[71,71,71,71,71,71,71,71,71,71,71,71,71,71,71,71,71,71,71,71,71,71,71,71,71,71,71,71,71,71,71],"card_choices":[{"not_picked":["Compile Driver","Beam Cell"],"picked":"Streamline","floor":1},{"not_picked":["Skim","Rip and Tear"],"picked":"Go for the Eyes","floor":2},{"not_picked":["Streamline","Stack"],"picked":"Barrage","floor":4},{"not_picked":["Go for the Eyes","Chill"],"picked":"Genetic Algorithm","floor":7},{"not_picked":["Multi-Cast","Hologram"],"picked":"Ball Lightning","floor":10},{"not_picked":["Streamline","Leap"],"picked":"Auto Shields","floor":11},{"not_picked":["Barrage","Stack"],"picked":"Rip and Tear","floor":12},{"not_picked":["Defragment","Barrage"],"picked":"Rip and Tear","floor":13},{"not_picked":["Biased Cognition","Amplify"],"picked":"Hyperbeam","floor":16},{"not_picked":["Defragment","Rip and Tear"],"picked":"Go for the Eyes+1","floor":18},{"not_picked":["Heavy Blade","Flex"],"picked":"BootSequence","floor":23},{"not_picked":["Cold Snap","Compile Driver"],"picked":"Second Wind","floor":24},{"not_picked":["Reprogram","Gash"],"picked":"Accuracy","floor":25},{"not_picked":["Ball Lightning","Outmaneuver"],"picked":"Bouncing Flask","floor":27},{"not_picked":["Flying Knee","Aggregate"],"picked":"Sucker Punch+1","floor":28}],"player_experience":4106958,"relics_obtained":[{"floor":7,"key":"Centennial Puzzle"},{"floor":9,"key":"Dream Catcher"},{"floor":26,"key":"Art of War"}],"event_choices":[{"damage_healed":0,"gold_gain":0,"player_choice":"Got Potions","damage_taken":0,"max_hp_gain":0,"max_hp_loss":0,"event_name":"Lab","floor":3,"gold_loss":0},{"damage_healed":0,"gold_gain":0,"player_choice":"Take Damage","damage_taken":24,"relics_obtained":["Golden Idol"],"max_hp_gain":0,"max_hp_loss":0,"event_name":"Golden Idol","floor":5,"gold_loss":0},{"damage_healed":0,"gold_gain":100,"player_choice":"Gold","damage_taken":0,"max_hp_gain":0,"max_hp_loss":0,"event_name":"Wheel of Change","floor":6,"gold_loss":0},{"damage_healed":0,"gold_gain":0,"player_choice":"Bought 1 Potion","damage_taken":0,"max_hp_gain":0,"max_hp_loss":0,"event_name":"The Woman in Blue","floor":14,"gold_loss":0},{"damage_healed":0,"gold_gain":0,"player_choice":"Read","damage_taken":0,"max_hp_gain":0,"max_hp_loss":0,"event_name":"The Library","floor":21,"gold_loss":0,"cards_obtained":["Doom and Gloom"]},{"cards_removed":["Strike_B"],"damage_healed":0,"gold_gain":0,"player_choice":"Offered Basic","damage_taken":0,"max_hp_gain":0,"max_hp_loss":0,"event_name":"Bonfire Elementals","floor":22,"gold_loss":0},{"damage_healed":0,"gold_gain":0,"player_choice":"Stole Relic","damage_taken":0,"relics_obtained":["Regal Pillow"],"max_hp_gain":0,"max_hp_loss":0,"event_name":"Addict","floor":29,"gold_loss":0,"cards_obtained":["Shame"]},{"damage_healed":0,"gold_gain":0,"cards_transformed":["Strike_B","Strike_B"],"player_choice":"Became Test Subject","damage_taken":0,"max_hp_gain":0,"max_hp_loss":0,"event_name":"Drug Dealer","floor":30,"gold_loss":0,"cards_obtained":["White Noise","Turbo"]}],"is_beta":false,"boss_relics":[{"not_picked":["Lizard Tail","Coffee Dripper"],"picked":"Fusion Hammer"}],"items_purged_floors":[19],"is_endless":false,"potions_floor_spawned":[4,12,13,24,27,28],"killed_by":"Sentry and Sphere","ascension_level":20}