{"gold_per_floor":[118,138,151,53,53,96,96,96,145,176,176,190,190,229,229,355,355,378,378,363,381,381,381,424,424,424,448,363,56,11,46,46,170,170,183,196,211,234,252,252,296,296,348,348,373,373,386,410,410,410],"floor_reached":51,"playtime":4662,"items_purged":["Strike_B"],"score":926,"play_id":"f3a8e24e-e37a-455c-aded-4d5828538abb","local_time":"20190320193350","is_ascension_mode":true,"campfire_choices":[{"floor":7.0,"key":"REST"},{"data":"Redo","floor":11.0,"key":"SMITH"},{"data":"Loop","floor":15.0,"key":"SMITH"},{"floor":23.0,"key":"REST"},{"data":"Electrodynamics","floor":25.0,"key":"SMITH"},{"floor":32.0,"key":"REST"},{"floor":40.0,"key":"REST"},{"floor":46.0,"key":"REST"},{"floor":49.0,"key":"REST"}],"neow_cost":"NONE","seed_source_timestamp":0,"circlet_count":0,"master_deck":["Strike_B","Strike_B","Defend_B","Defend_B","Defend_B","Zap+1","Dualcast","Loop+1","Ball Lightning","Redo+1","Conserve Battery","Electrodynamics+1","Conserve Battery","Gash","Rebound","Conserve Battery","Thunder Strike","Lockon","Gash","Gash","Steam+1","Steam","Echo Form","Rainbow","Coolheaded","Cold Snap","Reboot","Go for the Eyes+1","Redo+1","Blizzard","Gash+1","Scrape+1","Double Energy","Coolheaded","Static Discharge+1","Hologram","Chaos+1","Go for the Eyes+1"],"special_seed":0,"relics":["FrozenCore","Golden Idol","Anchor","DataDisk","Vajra","Art of War","Nilry\u0027s Codex","Shuriken","Unceasing Top","Question Card","Matryoshka","Orrery","Dodecahedron","Ancient Tea Set","Blood Vial","Oddly Smooth Stone"],"potions_floor_usage":[],"damage_taken":[{"damage":0.0,"enemies":"2 Louse","floor":1.0,"turns":1.0},{"damage":2.0,"enemies":"Jaw Worm","floor":2.0,"turns":3.0},{"damage":6.0,"enemies":"Small Slimes","floor":3.0,"turns":4.0},{"damage":1.0,"enemies":"3 Sentries","floor":6.0,"turns":5.0},{"damage":23.0,"enemies":"Lagavulin","floor":10.0,"turns":4.0},{"damage":1.0,"enemies":"Exordium Thugs","floor":12.0,"turns":2.0},{"damage":0.0,"enemies":"3 Sentries","floor":14.0,"turns":2.0},{"damage":20.0,"enemies":"The Guardian","floor":16.0,"turns":8.0},{"damage":11.0,"enemies":"Spheric Guardian","floor":18.0,"turns":4.0},{"damage":2.0,"enemies":"2 Thieves","floor":20.0,"turns":4.0},{"damage":0.0,"enemies":"Cultist and Chosen","floor":21.0,"turns":4.0},{"damage":13.0,"enemies":"Slavers","floor":24.0,"turns":8.0},{"damage":12.0,"enemies":"Sentry and Sphere","floor":27.0,"turns":7.0},{"damage":19.0,"enemies":"Gremlin Leader","floor":31.0,"turns":6.0},{"damage":25.0,"enemies":"Collector","floor":33.0,"turns":10.0},{"damage":0.0,"enemies":"3 Darklings","floor":35.0,"turns":7.0},{"damage":1.0,"enemies":"Orb Walker","floor":36.0,"turns":3.0},{"damage":0.0,"enemies":"Maw","floor":37.0,"turns":7.0},{"damage":26.0,"enemies":"Sphere and 2 Shapes","floor":38.0,"turns":4.0},{"damage":16.0,"enemies":"Spire Growth","floor":39.0,"turns":5.0},{"damage":0.0,"enemies":"Giant Head","floor":41.0,"turns":5.0},{"damage":13.0,"enemies":"Writhing Mass","floor":45.0,"turns":4.0},{"damage":1.0,"enemies":"Jaw Worm Horde","floor":47.0,"turns":3.0},{"damage":23.0,"enemies":"Spire Growth","floor":48.0,"turns":6.0},{"damage":63,"enemies":"Awakened One","floor":50,"turns":12}],"seed_played":"7826108892681039923","potions_obtained":[{"floor":1.0,"key":"Fire Potion"},{"floor":2.0,"key":"EssenceOfSteel"},{"floor":10.0,"key":"Ancient Potion"},{"floor":14.0,"key":"Energy Potion"},{"floor":16.0,"key":"Explosive Potion"},{"floor":24.0,"key":"SpeedPotion"},{"floor":27.0,"key":"LiquidBronze"},{"floor":31.0,"key":"AttackPotion"},{"floor":35.0,"key":"Block Potion"},{"floor":39.0,"key":"Poison Potion"},{"floor":47.0,"key":"EssenceOfSteel"}],"is_trial":false,"path_per_floor":["M","M","M","$","?","E","R","?","T","E","R","M","?","E","R","B",null,"M","?","M","M","?","R","E","R","T","M","?","$","$","E","R","B",null,"M","M","M","M","M","R","E","?","T","?","M","R","M","M","R","B",null],"character_chosen":"DEFECT","items_purchased":["Conserve Battery","Echo Form","Rainbow","Coolheaded"],"campfire_rested":6,"item_purchase_floors":[4,29,29,30],"current_hp_per_floor":[75,73,67,67,49,48,70,63,63,40,40,39,39,39,39,19,75,64,48,46,46,46,68,55,55,55,43,43,43,43,24,46,21,75,75,74,74,48,32,54,54,54,54,54,43,65,66,45,67,6],"gold":410,"neow_bonus":"UPGRADE_CARD","is_prod":false,"is_daily":false,"chose_seed":false,"campfire_upgraded":3,"win_rate":0,"timestamp":1553106830,"path_taken":["M","M","M","$","?","E","R","?","T","E","R","M","?","E","R","BOSS","M","?","M","M","?","R","E","R","T","M","?","?","$","E","R","BOSS","M","M","M","M","M","R","E","?","T","?","M","R","M","M","R","BOSS"],"build_version":"2019-01-23","purchased_purges":1,"victory":true,"max_hp_per_floor":[75,75,75,75,75,75,75,75,75,75,75,75,75,75,75,75,75,75,75,75,75,75,75,75,75,75,75,75,75,75,75,75,75,75,75,75,75,75,75,75,75,75,75,75,75,75,75,75,75,75],"card_choices":[{"not_picked":["Fusion","Conserve Battery"],"picked":"Loop","floor":1.0},{"not_picked":["Go for the Eyes","Undo"],"picked":"Ball Lightning","floor":2.0},{"not_picked":["Steam","Tempest"],"picked":"Redo","floor":3.0},{"not_picked":["Steam","Gash"],"picked":"Electrodynamics","floor":6.0},{"not_picked":["Hologram","Turbo"],"picked":"Conserve Battery","floor":10.0},{"not_picked":["Hologram","Blizzard"],"picked":"Gash","floor":12.0},{"not_picked":["Rip and Tear","Tempest"],"picked":"Conserve Battery","floor":14.0},{"not_picked":["Creative AI","Amplify"],"picked":"Thunder Strike","floor":16.0},{"not_picked":["Barrage","Turbo"],"picked":"Lockon","floor":18.0},{"not_picked":["Turbo+1","Force Field"],"picked":"Gash","floor":20.0},{"not_picked":["Sunder+1","Tempest"],"picked":"Gash","floor":21.0},{"not_picked":["Tempest","Rebound"],"picked":"Steam+1","floor":24.0},{"not_picked":["Barrage","Doom and Gloom"],"picked":"Steam","floor":27.0},{"not_picked":["Melter+1","Seek","Sunder"],"picked":"Cold Snap","floor":31.0},{"not_picked":["Buffer","Core Surge","Machine Learning"],"picked":"Reboot","floor":33.0},{"not_picked":["Self Repair+1","Stack","Gash+1"],"picked":"Go for the Eyes+1","floor":34.0},{"not_picked":["Rip and Tear","Barrage+1","Beam Cell"],"picked":"Redo+1","floor":34.0},{"not_picked":["Tempest+1","Rainbow","Steam"],"picked":"Blizzard","floor":34.0},{"not_picked":["BootSequence","Turbo+1","Leap"],"picked":"Gash+1","floor":35.0},{"not_picked":["Beam Cell","Storm","Rebound"],"picked":"Scrape+1","floor":36.0},{"not_picked":["Redo+1","Compile Driver+1","Ball Lightning"],"picked":"Double Energy","floor":37.0},{"not_picked":["Steam+1","Aggregate","Redo"],"picked":"Coolheaded","floor":38.0},{"not_picked":["Compile Driver+1","Aggregate","Storm+1"],"picked":"Static Discharge+1","floor":39.0},{"not_picked":["Self Repair+1","Buffer","Rebound+1"],"picked":"Steam+1","floor":41.0},{"not_picked":["Beam Cell+1","Sweeping Beam+1","Leap+1"],"picked":"Hologram","floor":45.0},{"not_picked":["Stack+1","Coolheaded+1","Sweeping Beam+1"],"picked":"Chaos+1","floor":47.0},{"not_picked":["BootSequence","Stack","Amplify"],"picked":"Go for the Eyes+1","floor":48.0}],"player_experience":399143,"relics_obtained":[{"floor":6.0,"key":"Anchor"},{"floor":9.0,"key":"DataDisk"},{"floor":10.0,"key":"Vajra"},{"floor":14.0,"key":"Art of War"},{"floor":19.0,"key":"Nilry\u0027s Codex"},{"floor":24.0,"key":"Shuriken"},{"floor":26.0,"key":"Unceasing Top"},{"floor":31.0,"key":"Matryoshka"},{"floor":41.0,"key":"Dodecahedron"},{"floor":43.0,"key":"Ancient Tea Set"},{"floor":43.0,"key":"Blood Vial"}],"event_choices":[{"damage_healed":0.0,"max_hp_gain":0.0,"max_hp_loss":0.0,"gold_gain":0.0,"event_name":"Golden Idol","player_choice":"Take Damage","floor":5.0,"gold_loss":0.0,"damage_taken":18.0,"relics_obtained":["Golden Idol"]},{"cards_removed":["Defend_B"],"damage_healed":0.0,"max_hp_gain":0.0,"max_hp_loss":0.0,"gold_gain":0.0,"event_name":"Golden Wing","player_choice":"Card Removal","floor":8.0,"gold_loss":0.0,"damage_taken":7.0},{"damage_healed":0.0,"max_hp_gain":0.0,"max_hp_loss":0.0,"gold_gain":0.0,"cards_transformed":["Strike_B"],"event_name":"Transmorgrifier","player_choice":"Transformed","floor":13.0,"gold_loss":0.0,"damage_taken":0.0,"cards_obtained":["Rebound"]},{"damage_healed":0.0,"max_hp_gain":0.0,"max_hp_loss":0.0,"gold_gain":0.0,"event_name":"Cursed Tome","player_choice":"Obtained Book","floor":19.0,"gold_loss":0.0,"damage_taken":16.0},{"damage_healed":0.0,"max_hp_gain":0.0,"max_hp_loss":0.0,"gold_gain":0.0,"event_name":"Ghosts","player_choice":"Ignored","floor":22.0,"gold_loss":0.0,"damage_taken":0.0},{"damage_healed":0.0,"max_hp_gain":0.0,"max_hp_loss":0.0,"gold_gain":0.0,"event_name":"Addict","player_choice":"Obtained Relic","floor":28.0,"gold_loss":85.0,"damage_taken":0.0,"relics_obtained":["Question Card"]},{"cards_removed":["Steam"],"damage_healed":0.0,"max_hp_gain":0.0,"max_hp_loss":0.0,"gold_gain":0.0,"event_name":"Falling","player_choice":"Removed Skill","floor":42.0,"gold_loss":0.0,"damage_taken":0.0},{"damage_healed":0.0,"max_hp_gain":0.0,"max_hp_loss":0.0,"gold_gain":0.0,"event_name":"WeMeetAgain","player_choice":"Gave Potion","floor":44.0,"gold_loss":0.0,"damage_taken":0.0,"relics_obtained":["Oddly Smooth Stone"]}],"is_beta":false,"boss_relics":[{"not_picked":["Philosopher\u0027s Stone","Black Star"],"picked":"FrozenCore"},{"not_picked":["Fusion Hammer","Coffee Dripper"],"picked":"Orrery"}],"items_purged_floors":[4],"is_endless":false,"potions_floor_spawned":[1,2,10,14,16,21,24,27,31,33,35,39,47],"ascension_level":3}