{"gold_per_floor":[118,118,118,129,156,168,193,236,271,251,283,75,75,27,27,122,122,142,142,160,80,5,5,5,5,85,85,85,85,49,65,65,65],"floor_reached":33,"playtime":1894,"items_purged":["Strike_R"],"score":239,"play_id":"56642c1e-64ad-4015-81a4-b571d8efaa41","local_time":"20181231093749","is_ascension_mode":false,"campfire_choices":[{"data":"Rage","floor":13,"key":"SMITH"},{"floor":15,"key":"REST"},{"data":"Searing Blow","floor":23,"key":"SMITH"},{"data":"Iron Wave","floor":25,"key":"SMITH"},{"data":"Anger","floor":29,"key":"SMITH"},{"data":"Rage","floor":32,"key":"SMITH"}],"neow_cost":"NONE","seed_source_timestamp":116701535400,"circlet_count":0,"master_deck":["Strike_R+1","Strike_R+1","Defend_R","Defend_R","Bash","Cleave","Rage+1","Clothesline","Anger+1","Shrug It Off","Reaper","Shrug It Off","Ghostly Armor+1","Iron Wave+1","Rage+1","Shrug It Off+1"],"relics":["Burning Blood","MawBank","Question Card","Boot","Juzu Bracelet","Lizard Tail","Matryoshka"],"potions_floor_usage":[16,20,20,33],"damage_taken":[{"damage":4,"enemies":"2 Louse","floor":1,"turns":4},{"damage":0,"enemies":"Small Slimes","floor":4,"turns":3},{"damage":8,"enemies":"Jaw Worm","floor":7,"turns":3},{"damage":21,"enemies":"Lagavulin","floor":8,"turns":5},{"damage":3,"enemies":"3 Louse","floor":11,"turns":2},{"damage":45,"enemies":"The Guardian","floor":16,"turns":12},{"damage":7,"enemies":"Spheric Guardian","floor":18,"turns":4},{"damage":14,"enemies":"2 Thieves","floor":20,"turns":3},{"damage":36,"enemies":"Sentry and Sphere","floor":31,"turns":13},{"damage":159,"enemies":"Champ","floor":33,"turns":20}],"seed_played":"-3131092123550696484","potions_obtained":[{"floor":1,"key":"FairyPotion"},{"floor":8,"key":"SteroidPotion"},{"floor":11,"key":"EssenceOfSteel"},{"floor":18,"key":"PowerPotion"},{"floor":31,"key":"Regen Potion"}],"is_trial":false,"path_per_floor":["M","?","?","M","T","?","M","E","T","?","M","$","R","$","R","B",null,"M","?","M","$","?","R","?","R","T","?","?","R","$","M","R","B"],"character_chosen":"IRONCLAD","items_purchased":["Juzu Bracelet","Shrug It Off","Searing Blow","Rage"],"campfire_rested":1,"item_purchase_floors":[12,14,21,30],"current_hp_per_floor":[80,73,57,63,63,63,61,46,46,46,49,49,49,49,73,34,80,79,79,71,71,71,71,71,71,71,71,71,71,71,45,45,0],"gold":65,"neow_bonus":"REMOVE_CARD","is_prod":false,"is_daily":false,"chose_seed":false,"campfire_upgraded":5,"win_rate":0,"timestamp":1546245469,"path_taken":["M","?","?","M","?","?","M","E","T","?","M","$","R","?","R","BOSS","M","?","M","$","?","R","?","R","T","?","?","R","$","M","R","BOSS"],"build_version":"2018-12-20","purchased_purges":1,"victory":false,"max_hp_per_floor":[80,80,80,80,80,80,80,80,80,80,80,80,80,80,80,80,80,80,80,80,80,80,80,80,80,80,80,80,80,80,80,80,80],"card_choices":[{"not_picked":["Perfected Strike","Twin Strike","Thunderclap"],"picked":"SKIP","floor":1},{"not_picked":["Burning Pact","Perfected Strike"],"picked":"Cleave","floor":4},{"not_picked":["Combust","Hemokinesis"],"picked":"Rage","floor":7},{"not_picked":["Havoc","Intimidate"],"picked":"Clothesline","floor":8},{"not_picked":["Infernal Blade","Heavy Blade","Clash"],"picked":"Anger","floor":11},{"not_picked":["Impervious","Demon Form","Limit Break"],"picked":"Reaper","floor":16},{"not_picked":["Thunderclap","Pommel Strike+1","Rampage"],"picked":"Shrug It Off","floor":18},{"not_picked":["Wild Strike","Reckless Charge","Pummel"],"picked":"Ghostly Armor+1","floor":20},{"not_picked":["Power Through","Body Slam","Uppercut"],"picked":"Shrug It Off+1","floor":31}],"player_experience":210769,"relics_obtained":[{"floor":5,"key":"MawBank"},{"floor":8,"key":"Question Card"},{"floor":9,"key":"Boot"},{"floor":26,"key":"Matryoshka"}],"event_choices":[{"cards_removed":["Defend_R"],"damage_healed":0,"gold_gain":0,"player_choice":"Card Removal","damage_taken":7,"max_hp_gain":0,"max_hp_loss":0,"event_name":"Golden Wing","floor":2,"gold_loss":0},{"damage_healed":0,"gold_gain":0,"player_choice":"Entered Light","damage_taken":16,"max_hp_gain":0,"max_hp_loss":0,"event_name":"Shining Light","floor":3,"gold_loss":0,"cards_upgraded":["Strike_R","Strike_R"]},{"damage_healed":0,"gold_gain":0,"player_choice":"Ignored","damage_taken":0,"max_hp_gain":0,"max_hp_loss":0,"event_name":"Golden Idol","floor":6,"gold_loss":0},{"damage_healed":0,"gold_gain":0,"player_choice":"Left Gold","damage_taken":0,"max_hp_gain":0,"max_hp_loss":0,"event_name":"World of Goop","floor":10,"gold_loss":32},{"damage_healed":0,"gold_gain":0,"player_choice":"Ignored","damage_taken":0,"max_hp_gain":0,"max_hp_loss":0,"event_name":"Ghosts","floor":19,"gold_loss":0},{"cards_removed":["Strike_R"],"damage_healed":0,"gold_gain":0,"player_choice":"Gave Gold","damage_taken":0,"max_hp_gain":0,"max_hp_loss":0,"event_name":"Beggar","floor":22,"gold_loss":75},{"cards_removed":["Searing Blow"],"damage_healed":0,"gold_gain":0,"player_choice":"Took Card","damage_taken":0,"max_hp_gain":0,"max_hp_loss":0,"event_name":"NoteForYourself","floor":24,"gold_loss":0,"cards_obtained":["Iron Wave"]},{"damage_healed":0,"gold_gain":0,"player_choice":"Ignored","damage_taken":0,"max_hp_gain":0,"max_hp_loss":0,"event_name":"Vampires","floor":27,"gold_loss":0},{"cards_removed":["Defend_R"],"damage_healed":0,"gold_gain":0,"player_choice":"Elegance","damage_taken":0,"max_hp_gain":0,"max_hp_loss":0,"event_name":"Back to Basics","floor":28,"gold_loss":0}],"is_beta":false,"boss_relics":[{"not_picked":["Black Star","White Beast Statue"],"picked":"Lizard Tail"}],"items_purged_floors":[12],"is_endless":false,"potions_floor_spawned":[1,8,11,18,31],"killed_by":"Champ","ascension_level":0}