{"gold_per_floor":[364,364,44,44,4,4,4,4,86,106,106,31,44,70,70,147,147,162,178,178,188,188,188,199,199,199,228,0,0,0,19,19,19],"floor_reached":33,"playtime":1097,"items_purged":["Strike_R"],"score":522,"play_id":"9c3d1e2d-066d-4409-8d12-8154a782a20d","local_time":"20190319013535","is_ascension_mode":true,"campfire_choices":[{"data":"Apotheosis","floor":6,"key":"SMITH"},{"floor":8,"key":"REST"},{"data":"Anger","floor":11,"key":"SMITH"},{"data":"Evolve","floor":15,"key":"SMITH"},{"data":"Bludgeon","floor":23,"key":"SMITH"},{"floor":25,"key":"REST"},{"floor":29,"key":"REST"},{"data":"Corruption","floor":32,"key":"SMITH"}],"neow_cost":"PERCENT_DAMAGE","seed_source_timestamp":1024546929511749,"circlet_count":0,"master_deck":["AscendersBane","Strike_R+1","Strike_R+1","Strike_R+1","Strike_R+1","Defend_R+1","Defend_R+1","Defend_R+1","Defend_R+1","Bash+1","Evolve+1","Apotheosis+1","Metallicize","Anger+1","Ghostly Armor","Shrug It Off","Cleave","Bludgeon+1","RitualDagger","Shrug It Off+1","Corruption+1","Battle Trance+1","Clothesline+1"],"relics":["Burning Blood","Meat on the Bone","Toxic Egg 2","Cursed Key","Red Skull"],"potions_floor_usage":[21,22,27,33,33],"damage_taken":[{"damage":11,"enemies":"Small Slimes","floor":1,"turns":4},{"damage":0,"enemies":"2 Louse","floor":10,"turns":4},{"damage":0,"enemies":"Jaw Worm","floor":13,"turns":3},{"damage":17,"enemies":"Lagavulin","floor":14,"turns":9},{"damage":15,"enemies":"Slime Boss","floor":16,"turns":9},{"damage":15,"enemies":"2 Thieves","floor":18,"turns":4},{"damage":13,"enemies":"Spheric Guardian","floor":19,"turns":4},{"damage":27,"enemies":"Shelled Parasite and Fungi","floor":21,"turns":7},{"damage":17,"enemies":"Colosseum Slavers","floor":22,"turns":5},{"damage":22,"enemies":"Chosen and Byrds","floor":24,"turns":6},{"damage":32,"enemies":"Book of Stabbing","floor":27,"turns":5},{"damage":13,"enemies":"Snake Plant","floor":31,"turns":4},{"damage":80,"enemies":"Collector","floor":33,"turns":8}],"seed_played":"3484949556461702118","potions_obtained":[{"floor":16,"key":"LiquidBronze"},{"floor":18,"key":"GamblersBrew"},{"floor":21,"key":"AttackPotion"},{"floor":27,"key":"Weak Potion"},{"floor":31,"key":"Regen Potion"}],"is_trial":false,"path_per_floor":["M","?","$","?","$","R","?","R","T","M","R","$","M","E","R","B",null,"M","M","?","M","?","R","M","R","T","E","$","R","?","M","R","B"],"character_chosen":"IRONCLAD","items_purchased":["Evolve","Apotheosis","Metallicize","Ghostly Armor","Shrug It Off+1","Corruption","Battle Trance+1","AttackPotion"],"campfire_rested":3,"item_purchase_floors":[3,3,5,12,28,28,28,28],"current_hp_per_floor":[45,70,70,47,47,47,47,69,69,75,75,75,75,64,64,55,70,61,54,48,39,40,40,36,58,58,44,44,66,66,59,59,0],"gold":19,"neow_bonus":"TWO_FIFTY_GOLD","is_prod":false,"is_daily":false,"chose_seed":false,"campfire_upgraded":5,"win_rate":0,"timestamp":1552926935,"path_taken":["M","?","$","?","?","R","?","R","T","M","R","$","?","E","R","BOSS","M","M","?","M","?","R","?","R","T","E","$","R","?","M","R","BOSS"],"build_version":"2019-01-23","purchased_purges":1,"victory":false,"max_hp_per_floor":[75,75,75,75,75,75,75,75,75,75,75,75,75,75,75,75,75,75,75,75,75,75,75,75,75,75,75,75,75,75,75,75,75],"card_choices":[{"not_picked":["Havoc","Sever Soul","Wild Strike"],"picked":"SKIP","floor":1},{"not_picked":["Burning Pact","Armaments"],"picked":"Anger","floor":10},{"not_picked":["Dual Wield","Power Through"],"picked":"Shrug It Off","floor":13},{"not_picked":["Twin Strike","Blood for Blood"],"picked":"Cleave","floor":14},{"not_picked":["Brutality","Dark Embrace"],"picked":"Bludgeon","floor":16},{"not_picked":["Cleave","Burning Pact+1","Thunderclap"],"picked":"SKIP","floor":18},{"not_picked":["Twin Strike","Iron Wave","Havoc+1"],"picked":"SKIP","floor":19},{"not_picked":["Rupture","Heavy Blade","Infernal Blade+1"],"picked":"SKIP","floor":21},{"not_picked":["Armaments+1","Headbutt","Evolve"],"picked":"SKIP","floor":24},{"not_picked":["Rampage+1","Berserk","Anger"],"picked":"SKIP","floor":27},{"not_picked":["Sword Boomerang","True Grit+1"],"picked":"Clothesline+1","floor":31}],"player_experience":749027,"relics_obtained":[{"floor":9,"key":"Meat on the Bone"},{"floor":14,"key":"Toxic Egg 2"},{"floor":27,"key":"Red Skull"}],"event_choices":[{"damage_healed":25,"gold_gain":0,"player_choice":"Banana","damage_taken":0,"max_hp_gain":0,"max_hp_loss":0,"event_name":"Big Fish","floor":2,"gold_loss":0},{"damage_healed":0,"gold_gain":0,"player_choice":"Entered Light","damage_taken":23,"max_hp_gain":0,"max_hp_loss":0,"event_name":"Shining Light","floor":4,"gold_loss":0,"cards_upgraded":["Strike_R","Strike_R"]},{"damage_healed":0,"gold_gain":0,"player_choice":"Grow","damage_taken":0,"max_hp_gain":0,"max_hp_loss":0,"event_name":"Living Wall","floor":7,"gold_loss":0,"cards_upgraded":["Bash"]},{"damage_healed":0,"gold_gain":0,"player_choice":"Joined the Cult","damage_taken":6,"max_hp_gain":0,"max_hp_loss":0,"event_name":"Nest","floor":20,"gold_loss":0,"cards_obtained":["RitualDagger"]},{"damage_healed":0,"gold_gain":0,"player_choice":"Fight","damage_taken":0,"max_hp_gain":0,"max_hp_loss":0,"event_name":"Colosseum","floor":22,"gold_loss":0},{"damage_healed":0,"gold_gain":0,"player_choice":"Fled From Nobs","damage_taken":0,"max_hp_gain":0,"max_hp_loss":0,"event_name":"Colosseum","floor":22,"gold_loss":0},{"damage_healed":0,"gold_gain":0,"player_choice":"Simplicity","damage_taken":0,"max_hp_gain":0,"max_hp_loss":0,"event_name":"Back to Basics","floor":30,"gold_loss":0,"cards_upgraded":["Strike_R","Strike_R","Defend_R","Defend_R","Defend_R","Defend_R"]}],"is_beta":false,"boss_relics":[{"not_picked":["Coffee Dripper","Lizard Tail"],"picked":"Cursed Key"}],"items_purged_floors":[3],"is_endless":false,"potions_floor_spawned":[16,18,21,27,31],"killed_by":"Collector","ascension_level":20}