{"gold_per_floor":[112,123,134,9,19,19,48,66,146,146,146,146,146,160,160,231,231,251,351,399,415,429,429],"floor_reached":23,"playtime":725,"items_purged":["Defend_G"],"score":386,"play_id":"7e7bf18c-cddd-4c6f-b03b-e5257c8811a9","local_time":"20190311001220","is_ascension_mode":true,"campfire_choices":[{"floor":6,"key":"REST"},{"floor":10,"key":"REST"},{"data":"Crippling Poison","floor":12,"key":"SMITH"},{"floor":15,"key":"REST"}],"neow_cost":"PERCENT_DAMAGE","seed_source_timestamp":282749107579100,"circlet_count":0,"master_deck":["AscendersBane","Defend_G","Defend_G","Defend_G","Defend_G","Strike_G","Strike_G","Strike_G","Strike_G","Survivor","Neutralize","Crippling Poison+1","PiercingWail","Dodge and Roll","Flying Knee","Poisoned Stab","Flying Knee","Skewer+1","Footwork","Corpse Explosion","Acrobatics","Backflip","Backflip","Blade Dance"],"relics":["Ring of the Snake","Ancient Tea Set","Busted Crown","StoneCalendar","Letter Opener","Potion Belt"],"potions_floor_usage":[5,7,16,19,19,22],"damage_taken":[{"damage":10,"enemies":"Cultist","floor":1,"turns":6},{"damage":7,"enemies":"Jaw Worm","floor":2,"turns":6},{"damage":1,"enemies":"2 Louse","floor":3,"turns":4},{"damage":11,"enemies":"Gremlin Gang","floor":5,"turns":5},{"damage":35,"enemies":"3 Sentries","floor":7,"turns":10},{"damage":3,"enemies":"Large Slime","floor":8,"turns":7},{"damage":11,"enemies":"Exordium Thugs","floor":14,"turns":3},{"damage":9,"enemies":"The Guardian","floor":16,"turns":14},{"damage":6,"enemies":"2 Thieves","floor":18,"turns":2},{"damage":6,"enemies":"Colosseum Slavers","floor":19,"turns":3},{"damage":18,"enemies":"Colosseum Nobs","floor":19,"turns":7},{"damage":2,"enemies":"Spheric Guardian","floor":21,"turns":5},{"damage":5,"enemies":"Cultist and Chosen","floor":22,"turns":5},{"damage":32,"enemies":"Book of Stabbing","floor":23,"turns":4}],"seed_played":"-6392978116846966846","potions_obtained":[{"floor":2,"key":"SteroidPotion"},{"floor":3,"key":"GamblersBrew"},{"floor":8,"key":"FearPotion"},{"floor":14,"key":"GamblersBrew"},{"floor":16,"key":"Energy Potion"},{"floor":19,"key":"Block Potion"},{"floor":22,"key":"Explosive Potion"}],"is_trial":false,"path_per_floor":["M","M","M","$","M","R","E","M","T","R","?","R","?","M","R","B",null,"M","?","T","M","M","E"],"character_chosen":"THE_SILENT","items_purchased":["Flying Knee"],"campfire_rested":3,"item_purchase_floors":[4],"current_hp_per_floor":[46,39,38,38,27,50,15,12,12,35,28,28,28,17,40,31,66,60,36,36,34,29,0],"gold":429,"neow_bonus":"TWENTY_PERCENT_HP_BONUS","is_prod":false,"is_daily":false,"chose_seed":false,"campfire_upgraded":1,"win_rate":0,"timestamp":1552230740,"path_taken":["M","M","?","?","M","R","E","M","T","R","?","R","?","?","R","BOSS","M","?","?","?","M","E"],"build_version":"2019-01-23","purchased_purges":1,"victory":false,"max_hp_per_floor":[78,78,78,78,78,78,78,78,78,78,78,78,78,78,78,78,78,78,78,78,78,78,78],"card_choices":[{"not_picked":["Dagger Throw","Distraction"],"picked":"Crippling Poison","floor":1},{"not_picked":["Quick Slash","Sucker Punch"],"picked":"PiercingWail","floor":2},{"not_picked":["PiercingWail","Concentrate"],"picked":"Dodge and Roll","floor":3},{"not_picked":["Dagger Throw","Eviscerate"],"picked":"Poisoned Stab","floor":5},{"not_picked":["Eviscerate","Concentrate"],"picked":"Flying Knee","floor":7},{"not_picked":["Deflect","Quick Slash"],"picked":"Skewer","floor":8},{"not_picked":["Escape Plan","Blade Dance"],"picked":"Footwork","floor":14},{"not_picked":["Doppelganger","Venomology"],"picked":"Corpse Explosion","floor":16},{"not_picked":[],"picked":"Acrobatics","floor":18},{"not_picked":[],"picked":"Backflip","floor":19},{"not_picked":[],"picked":"Backflip","floor":21},{"not_picked":["Blade Dance"],"picked":"SKIP","floor":22},{"not_picked":[],"picked":"Blade Dance","floor":22}],"player_experience":4506165,"relics_obtained":[{"floor":7,"key":"Ancient Tea Set"},{"floor":19,"key":"StoneCalendar"},{"floor":19,"key":"Letter Opener"},{"floor":20,"key":"Potion Belt"}],"event_choices":[{"cards_removed":["Strike_G"],"damage_healed":0,"gold_gain":0,"player_choice":"Card Removal","damage_taken":7,"max_hp_gain":0,"max_hp_loss":0,"event_name":"Golden Wing","floor":11,"gold_loss":0},{"damage_healed":0,"gold_gain":0,"player_choice":"Forge","damage_taken":0,"max_hp_gain":0,"max_hp_loss":0,"event_name":"Accursed Blacksmith","floor":13,"gold_loss":0,"cards_upgraded":["Skewer"]},{"damage_healed":0,"gold_gain":0,"player_choice":"Fight","damage_taken":0,"max_hp_gain":0,"max_hp_loss":0,"event_name":"Colosseum","floor":19,"gold_loss":0},{"damage_healed":0,"gold_gain":0,"player_choice":"Fought Nobs","damage_taken":0,"max_hp_gain":0,"max_hp_loss":0,"event_name":"Colosseum","floor":19,"gold_loss":0}],"is_beta":false,"boss_relics":[{"not_picked":["Ring of the Serpent","Lizard Tail"],"picked":"Busted Crown"}],"items_purged_floors":[4],"is_endless":false,"potions_floor_spawned":[2,3,8,14,16,18,19,22],"killed_by":"Book of Stabbing","ascension_level":20}