{"gold_per_floor":[14,33,44,63,83,83,108,120,193,220,220,253,273,286,286,361,361,378,394,394,374,385,385,411,411,411,426,426,451,451,475,475,551,551,569,582,37,54,66,66,99,99,99,119,119,148,148,370,370,370,370,370,370,52,84,84],"floor_reached":56,"playtime":2475,"items_purged":["Bite"],"score":2023,"play_id":"058d9a47-4171-4124-8cab-d586bb2b6ac0","local_time":"20190115022552","is_ascension_mode":true,"campfire_choices":[{"data":"Armaments","floor":6.0,"key":"SMITH"},{"floor":11.0,"key":"REST"},{"data":"Evolve","floor":15.0,"key":"SMITH"},{"floor":23.0,"key":"REST"},{"floor":25.0,"key":"REST"},{"floor":32.0,"key":"RECALL"},{"data":"Inflame","floor":40.0,"key":"SMITH"},{"data":"Whirlwind","floor":45.0,"key":"SMITH"},{"data":"Double Tap","floor":47.0,"key":"SMITH"},{"floor":49.0,"key":"REST"},{"data":"Sword Boomerang","floor":53.0,"key":"SMITH"}],"neow_cost":"NO_GOLD","seed_source_timestamp":374363172561444,"circlet_count":0,"master_deck":["AscendersBane","Defend_R+1","Defend_R+1","Defend_R+1","Defend_R+1","Bash+1","Whirlwind+1","Anger","Inflame+1","Pummel","Armaments+1","Double Tap+1","Sword Boomerang+1","Evolve+1","Havoc+1","Power Through+1","Limit Break+1","Havoc+1","Bite","Bite+1","Bite","Normality","Intimidate+1","Writhe","Writhe","Shrug It Off+1","Intimidate+1","Second Wind+1","Parasite","Heavy Blade+1","Burning Pact+1","Dark Shackles+1","Flex+1","Shockwave+1"],"special_seed":0,"relics":["Burning Blood","Pen Nib","Toxic Egg 2","Du-Vu Doll","Cursed Key","Juzu Bracelet","Singing Bowl","Red Mask","Red Skull","Whetstone","Eternal Feather","Bag of Preparation","Blue Candle","Oddly Smooth Stone","Art of War","Bottled Lightning"],"potions_floor_usage":[56,56],"damage_taken":[{"damage":7.0,"enemies":"Cultist","floor":1.0,"turns":4.0},{"damage":9.0,"enemies":"2 Louse","floor":2.0,"turns":4.0},{"damage":14.0,"enemies":"Small Slimes","floor":3.0,"turns":4.0},{"damage":25.0,"enemies":"Red Slaver","floor":4.0,"turns":4.0},{"damage":6.0,"enemies":"3 Louse","floor":5.0,"turns":2.0},{"damage":22.0,"enemies":"Lagavulin","floor":7.0,"turns":7.0},{"damage":11.0,"enemies":"Large Slime","floor":8.0,"turns":6.0},{"damage":32.0,"enemies":"Gremlin Nob","floor":10.0,"turns":4.0},{"damage":19.0,"enemies":"Lagavulin","floor":12.0,"turns":7.0},{"damage":12.0,"enemies":"Exordium Wildlife","floor":13.0,"turns":2.0},{"damage":6.0,"enemies":"Looter","floor":14.0,"turns":2.0},{"damage":13.0,"enemies":"Slime Boss","floor":16.0,"turns":7.0},{"damage":21.0,"enemies":"Shell Parasite","floor":18.0,"turns":4.0},{"damage":19.0,"enemies":"Spheric Guardian","floor":19.0,"turns":4.0},{"damage":24.0,"enemies":"Snake Plant","floor":22.0,"turns":2.0},{"damage":44.0,"enemies":"Slavers","floor":24.0,"turns":5.0},{"damage":32.0,"enemies":"Snecko","floor":27.0,"turns":6.0},{"damage":12.0,"enemies":"Masked Bandits","floor":29.0,"turns":3.0},{"damage":69.0,"enemies":"Champ","floor":33.0,"turns":8.0},{"damage":5.0,"enemies":"3 Shapes","floor":35.0,"turns":4.0},{"damage":4.0,"enemies":"Orb Walker","floor":36.0,"turns":2.0},{"damage":21.0,"enemies":"Maw","floor":38.0,"turns":6.0},{"damage":15.0,"enemies":"3 Darklings","floor":39.0,"turns":4.0},{"damage":43.0,"enemies":"Nemesis","floor":41.0,"turns":5.0},{"damage":24.0,"enemies":"Spire Growth","floor":44.0,"turns":4.0},{"damage":65.0,"enemies":"Reptomancer","floor":46.0,"turns":5.0},{"damage":90.0,"enemies":"Awakened One","floor":50.0,"turns":8.0},{"damage":45.0,"enemies":"Donu and Deca","floor":51.0,"turns":8.0},{"damage":91,"enemies":"Shield and Spear","floor":55,"turns":6},{"damage":47,"enemies":"The Heart","floor":56,"turns":2}],"seed_played":"1134753193285076414","potions_obtained":[{"floor":1.0,"key":"SpeedPotion"},{"floor":3.0,"key":"Regen Potion"},{"floor":4.0,"key":"SteroidPotion"},{"floor":8.0,"key":"SpeedPotion"},{"floor":12.0,"key":"Strength Potion"},{"floor":16.0,"key":"Poison Potion"},{"floor":19.0,"key":"EntropicBrew"},{"floor":22.0,"key":"BloodPotion"},{"floor":29.0,"key":"EssenceOfSteel"},{"floor":33.0,"key":"Ancient Potion"},{"floor":35.0,"key":"Ancient Potion"},{"floor":44.0,"key":"Regen Potion"}],"is_trial":false,"path_per_floor":["M","M","M","M","M","R","E","M","T","E","R","E","M","M","R","B",null,"M","M","?","?","M","R","E","R","T","M","?","?","?","T","R","B",null,"M","M","$","M","M","R","E","?","T","M","R","E","R","?","R","B","B",null,"R","$","E","B"],"character_chosen":"IRONCLAD","items_purchased":["Bag of Preparation","Blue Candle","Shrug It Off+1","Intimidate+1","Dark Shackles+1","Strength Potion","Flex+1","Shockwave+1"],"campfire_rested":4,"item_purchase_floors":[37,37,37,37,54,54,54,54],"current_hp_per_floor":[81,78,70,51,51,51,50,45,45,19,45,34,30,32,32,27,74,61,50,50,50,36,62,48,74,74,59,59,59,59,59,59,17,74,83,94,94,91,95,101,71,71,71,63,81,29,47,47,95,31,17,80,98,98,25,0],"gold":84,"neow_bonus":"TWENTY_PERCENT_HP_BONUS","is_prod":false,"is_daily":false,"chose_seed":false,"campfire_upgraded":6,"win_rate":0,"timestamp":1547486752,"path_taken":["M","M","M","M","M","R","E","M","T","E","R","E","?","M","R","BOSS","M","M","?","?","?","R","E","R","T","M","?","?","?","?","R","BOSS","M","M","$","M","M","R","E","?","T","M","R","E","R","?","R","BOSS","BOSS","R","$","E","BOSS"],"build_version":"2019-01-10","purchased_purges":1,"victory":false,"max_hp_per_floor":[89,89,89,89,89,89,89,89,89,89,89,89,89,89,89,89,89,89,89,89,89,89,89,89,89,89,89,89,91,91,91,91,93,93,95,97,97,99,101,101,101,101,101,101,101,101,101,101,101,101,101,101,101,101,103,103],"card_choices":[{"not_picked":["Rupture","Burning Pact"],"picked":"Whirlwind","floor":1.0},{"not_picked":["Clash","Disarm"],"picked":"Anger","floor":2.0},{"not_picked":["Clash","Anger"],"picked":"Inflame","floor":3.0},{"not_picked":["Iron Wave","Pommel Strike"],"picked":"Pummel","floor":4.0},{"not_picked":["Second Wind","Pommel Strike"],"picked":"Armaments","floor":5.0},{"not_picked":["Fire Breathing","Dual Wield"],"picked":"Double Tap","floor":7.0},{"not_picked":["Clothesline","Heavy Blade"],"picked":"Sword Boomerang","floor":8.0},{"not_picked":["Entrench+1","Sever Soul","Perfected Strike"],"picked":"SKIP","floor":10.0},{"not_picked":["Flex+1","Searing Blow"],"picked":"Evolve","floor":12.0},{"not_picked":["Twin Strike","Thunderclap"],"picked":"Havoc+1","floor":13.0},{"not_picked":["Perfected Strike","Hemokinesis"],"picked":"Power Through+1","floor":14.0},{"not_picked":["Impervious+1","Double Tap+1"],"picked":"Limit Break+1","floor":16.0},{"not_picked":["Clash","Armaments+1","Carnage"],"picked":"SKIP","floor":18.0},{"not_picked":["Whirlwind","Dropkick"],"picked":"Havoc+1","floor":19.0},{"not_picked":["Heavy Blade","Iron Wave","Clothesline"],"picked":"SKIP","floor":22.0},{"not_picked":["Thunderclap","Juggernaut","Corruption"],"picked":"SKIP","floor":24.0},{"not_picked":["Clothesline","Headbutt"],"picked":"Intimidate+1","floor":27.0},{"not_picked":["Clash","Seeing Red+1","Blood for Blood"],"picked":"Singing Bowl","floor":29.0},{"not_picked":["Exhume+1","Berserk","Brutality"],"picked":"Singing Bowl","floor":33.0},{"not_picked":["Headbutt+1","Wild Strike+1","Havoc+1"],"picked":"Singing Bowl","floor":35.0},{"not_picked":["Iron Wave","Clothesline","Dropkick"],"picked":"Singing Bowl","floor":36.0},{"not_picked":["Carnage","Metallicize","Inflame"],"picked":"Singing Bowl","floor":38.0},{"not_picked":["Iron Wave","Flex+1","Double Tap+1"],"picked":"Singing Bowl","floor":39.0},{"not_picked":["True Grit+1","Flex+1"],"picked":"Second Wind+1","floor":41.0},{"not_picked":["Hemokinesis","Rampage"],"picked":"Heavy Blade+1","floor":44.0},{"not_picked":["Twin Strike+1","Headbutt"],"picked":"Burning Pact+1","floor":46.0},{"not_picked":["Clothesline","Combust","Headbutt+1"],"picked":"Singing Bowl","floor":55}],"player_experience":4082989,"relics_obtained":[{"floor":7.0,"key":"Pen Nib"},{"floor":9.0,"key":"Toxic Egg 2"},{"floor":10.0,"key":"Blood Vial"},{"floor":12.0,"key":"Du-Vu Doll"},{"floor":24.0,"key":"Juzu Bracelet"},{"floor":26.0,"key":"Singing Bowl"},{"floor":29.0,"key":"Red Mask"},{"floor":31.0,"key":"Whetstone"},{"floor":41.0,"key":"Oddly Smooth Stone"},{"floor":46.0,"key":"Art of War"},{"floor":55,"key":"Bottled Lightning"}],"event_choices":[{"damage_healed":0.0,"max_hp_gain":0.0,"max_hp_loss":0.0,"gold_gain":0.0,"event_name":"Vampires","player_choice":"Became a vampire (Vial)","floor":20.0,"relics_lost":["Blood Vial"],"gold_loss":0.0,"damage_taken":0.0,"cards_obtained":["Bite","Bite","Bite","Bite","Bite"]},{"damage_healed":0.0,"max_hp_gain":0.0,"max_hp_loss":0.0,"gold_gain":0.0,"event_name":"The Woman in Blue","player_choice":"Bought 1 Potion","floor":21.0,"gold_loss":0.0,"damage_taken":0.0},{"damage_healed":0.0,"max_hp_gain":0.0,"max_hp_loss":0.0,"gold_gain":0.0,"event_name":"Back to Basics","player_choice":"Simplicity","floor":28.0,"gold_loss":0.0,"damage_taken":0.0,"cards_upgraded":["Defend_R","Defend_R","Defend_R","Defend_R"]},{"damage_healed":0.0,"max_hp_gain":0.0,"max_hp_loss":0.0,"gold_gain":0.0,"event_name":"Masked Bandits","player_choice":"Fought Bandits","floor":29.0,"gold_loss":0.0,"damage_taken":0.0},{"damage_healed":0.0,"max_hp_gain":0.0,"max_hp_loss":0.0,"gold_gain":0.0,"event_name":"The Mausoleum","player_choice":"Opened","floor":30.0,"gold_loss":0.0,"damage_taken":0.0,"relics_obtained":["Red Skull"],"cards_obtained":["Writhe"]},{"cards_removed":["Bite"],"damage_healed":0.0,"max_hp_gain":0.0,"max_hp_loss":0.0,"gold_gain":0.0,"event_name":"Falling","player_choice":"Removed Attack","floor":42.0,"gold_loss":0.0,"damage_taken":0.0},{"damage_healed":0.0,"max_hp_gain":0.0,"max_hp_loss":0.0,"gold_gain":222.0,"event_name":"Tomb of Lord Red Mask","player_choice":"Wore Mask","floor":48.0,"gold_loss":0.0,"damage_taken":0.0}],"is_beta":false,"boss_relics":[{"not_picked":["Ectoplasm","Orrery"],"picked":"Cursed Key"},{"not_picked":["Astrolabe","Velvet Choker"],"picked":"Eternal Feather"}],"items_purged_floors":[54],"is_endless":false,"potions_floor_spawned":[1,3,4,8,12,16,19,22,29,33,35,44],"killed_by":"The Heart","ascension_level":20}