{"gold_per_floor":[113,130,130,130,147,147,159,159,159,179,197,216,176,192,192,266,266,281,196,216,141,141,141,158,168,168,93,112,112,144,144,144,215,215,226,238,238,250,93,93],"floor_reached":40,"playtime":1130,"items_purged":["Strike_B","Strike_B"],"score":829,"play_id":"b6f35663-5cc0-4cdf-a6b6-e70a3fb0ed44","local_time":"20190321230513","is_ascension_mode":true,"campfire_choices":[{"data":"Doom and Gloom","floor":6,"key":"SMITH"},{"data":"Darkness","floor":8,"key":"SMITH"},{"data":"Hologram","floor":15,"key":"SMITH"},{"data":"Buffer","floor":23,"key":"SMITH"},{"data":"Conserve Battery","floor":29,"key":"SMITH"},{"data":"Reinforced Body","floor":32,"key":"SMITH"}],"neow_cost":"NONE","seed_source_timestamp":687847523280800,"circlet_count":0,"master_deck":["AscendersBane","Strike_B","Defend_B","Defend_B","Defend_B","Zap+1","Dualcast","Consume+1","Hologram+1","Doom and Gloom+1","Darkness+1","Redo","Conserve Battery+1","Leap","Reinforced Body+1","Buffer+1","Self Repair"],"relics":["Cracked Core","Symbiotic Virus","Busted Crown","Singing Bowl","Bag of Preparation","Cursed Key"],"potions_floor_usage":[11,13,16,16,28,33,40],"damage_taken":[{"damage":1,"enemies":"Cultist","floor":1,"turns":3},{"damage":10,"enemies":"Small Slimes","floor":2,"turns":3},{"damage":0,"enemies":"2 Louse","floor":5,"turns":2},{"damage":10,"enemies":"Exordium Thugs","floor":7,"turns":4},{"damage":7,"enemies":"Looter","floor":10,"turns":3},{"damage":0,"enemies":"Lots of Slimes","floor":11,"turns":1},{"damage":0,"enemies":"2 Fungi Beasts","floor":12,"turns":2},{"damage":1,"enemies":"Blue Slaver","floor":14,"turns":3},{"damage":20,"enemies":"The Guardian","floor":16,"turns":9},{"damage":0,"enemies":"Spheric Guardian","floor":18,"turns":5},{"damage":2,"enemies":"Shell Parasite","floor":20,"turns":5},{"damage":10,"enemies":"Centurion and Healer","floor":24,"turns":6},{"damage":4,"enemies":"Cultist and Chosen","floor":25,"turns":5},{"damage":0,"enemies":"3 Cultists","floor":28,"turns":4},{"damage":23,"enemies":"Book of Stabbing","floor":30,"turns":4},{"damage":29,"enemies":"Automaton","floor":33,"turns":10},{"damage":7,"enemies":"Orb Walker","floor":35,"turns":6},{"damage":51,"enemies":"3 Darklings","floor":36,"turns":6},{"damage":42,"enemies":"Sphere and 2 Shapes","floor":38,"turns":7},{"damage":12,"enemies":"Nemesis","floor":40,"turns":5}],"seed_played":"7417041564393416900","potions_obtained":[{"floor":2,"key":"Explosive Potion"},{"floor":10,"key":"Strength Potion"},{"floor":12,"key":"Weak Potion"},{"floor":13,"key":"Fruit Juice"},{"floor":13,"key":"Energy Potion"},{"floor":14,"key":"Dexterity Potion"},{"floor":24,"key":"Energy Potion"},{"floor":28,"key":"Explosive Potion"},{"floor":33,"key":"Ancient Potion"},{"floor":36,"key":"Fire Potion"}],"is_trial":false,"path_per_floor":["M","M","?","?","M","R","M","R","T","M","M","M","?","M","R","B",null,"M","?","M","?","?","R","M","M","T","$","M","R","E","?","R","B",null,"M","M","?","M","$","E"],"character_chosen":"DEFECT","items_purchased":["Weak Potion"],"campfire_rested":0,"item_purchase_floors":[39],"current_hp_per_floor":[63,53,53,53,53,53,43,43,43,36,36,36,41,40,40,20,62,62,62,69,69,69,69,61,66,66,66,75,75,54,86,86,66,83,85,43,45,12,12,0],"gold":93,"neow_bonus":"UPGRADE_CARD","is_prod":false,"is_daily":false,"chose_seed":false,"campfire_upgraded":6,"win_rate":0,"timestamp":1553177113,"path_taken":["M","?","?","?","M","R","M","R","T","?","M","M","?","?","R","BOSS","M","?","M","?","?","R","M","M","T","?","M","R","E","?","R","BOSS","M","?","?","M","$","E"],"build_version":"2019-01-23","purchased_purges":2,"victory":false,"max_hp_per_floor":[71,71,71,71,71,71,71,71,71,71,71,71,76,76,76,76,76,76,76,78,78,78,78,80,82,82,82,84,84,86,86,86,88,88,90,92,94,96,96,96],"card_choices":[{"not_picked":["Sweeping Beam","Leap"],"picked":"Consume","floor":1},{"not_picked":["Gash","Stack"],"picked":"Hologram","floor":2},{"not_picked":["Sweeping Beam","Go for the Eyes"],"picked":"Doom and Gloom","floor":5},{"not_picked":["FTL","Sunder"],"picked":"Darkness","floor":7},{"not_picked":["Conserve Battery","Gash"],"picked":"Redo","floor":10},{"not_picked":["Gash","Sweeping Beam"],"picked":"Conserve Battery","floor":11},{"not_picked":["Steam","Rebound"],"picked":"Leap","floor":12},{"not_picked":["Barrage","Sweeping Beam"],"picked":"Reinforced Body","floor":14},{"not_picked":["Amplify","Machine Learning"],"picked":"Buffer","floor":16},{"not_picked":[],"picked":"Self Repair","floor":18},{"not_picked":["Go for the Eyes"],"picked":"Singing Bowl","floor":20},{"not_picked":["Static Discharge+1"],"picked":"Singing Bowl","floor":24},{"not_picked":["Ball Lightning"],"picked":"Singing Bowl","floor":25},{"not_picked":["Sweeping Beam"],"picked":"Singing Bowl","floor":28},{"not_picked":["Cold Snap"],"picked":"Singing Bowl","floor":30},{"not_picked":["Meteor Strike"],"picked":"Singing Bowl","floor":33},{"not_picked":["Redo"],"picked":"Singing Bowl","floor":35},{"not_picked":["Compile Driver+1"],"picked":"Singing Bowl","floor":36},{"not_picked":["Enlightenment"],"picked":"Singing Bowl","floor":37},{"not_picked":["Auto Shields"],"picked":"Singing Bowl","floor":38}],"player_experience":4575199,"relics_obtained":[{"floor":9,"key":"Symbiotic Virus"},{"floor":30,"key":"Bag of Preparation"}],"event_choices":[{"cards_removed":["Strike_B"],"damage_healed":0,"gold_gain":0,"player_choice":"Forget","damage_taken":0,"max_hp_gain":0,"max_hp_loss":0,"event_name":"Living Wall","floor":3,"gold_loss":0},{"damage_healed":0,"gold_gain":0,"player_choice":"Forge","damage_taken":0,"max_hp_gain":0,"max_hp_loss":0,"event_name":"Accursed Blacksmith","floor":4,"gold_loss":0,"cards_upgraded":["Consume"]},{"damage_healed":0,"gold_gain":0,"player_choice":"Bought 3 Potions","damage_taken":0,"max_hp_gain":0,"max_hp_loss":0,"event_name":"The Woman in Blue","floor":13,"gold_loss":0},{"damage_healed":0,"gold_gain":0,"player_choice":"Obtained Relic","damage_taken":0,"relics_obtained":["Singing Bowl"],"max_hp_gain":0,"max_hp_loss":0,"event_name":"Addict","floor":19,"gold_loss":85},{"cards_removed":["Defend_B"],"damage_healed":0,"gold_gain":0,"player_choice":"Gave Gold","damage_taken":0,"max_hp_gain":0,"max_hp_loss":0,"event_name":"Beggar","floor":21,"gold_loss":75},{"damage_healed":0,"gold_gain":0,"player_choice":"Ignored","damage_taken":0,"max_hp_gain":0,"max_hp_loss":0,"event_name":"Ghosts","floor":22,"gold_loss":0},{"damage_healed":32,"gold_gain":0,"player_choice":"Full Heal","damage_taken":0,"max_hp_gain":0,"max_hp_loss":0,"event_name":"Wheel of Change","floor":31,"gold_loss":0},{"damage_healed":0,"gold_gain":0,"player_choice":"Memory 1","damage_taken":0,"max_hp_gain":0,"max_hp_loss":0,"event_name":"SensoryStone","floor":37,"gold_loss":0}],"is_beta":false,"boss_relics":[{"not_picked":["Philosopher\u0027s Stone","Runic Dome"],"picked":"Busted Crown"},{"not_picked":["Sozu","Snecko Eye"],"picked":"Cursed Key"}],"items_purged_floors":[27,39],"is_endless":false,"potions_floor_spawned":[2,10,12,14,24,28,33,36],"killed_by":"Nemesis","ascension_level":20}