{"gold_per_floor":[110,110,128,128,203,203,223,255,301,335,335,368,379,435,435,509,509,527,538,558,115,115,115,129,163,198,210,222,234,261,323,335,424,486,512,524,179,179,192,219,264,298,374,474,491,491,503,522,522,522,522,522,54,84,84],"floor_reached":56,"playtime":2509,"items_purged":["Strike_R","Strike_R","Strike_R"],"score":2350,"play_id":"d0aad39c-b772-4e83-bb31-0925e9100e99","local_time":"20190107003209","daily_mods":["Diverse"],"is_ascension_mode":true,"campfire_choices":[{"data":"Bash","floor":6.0,"key":"SMITH"},{"floor":11,"key":"REST"},{"floor":15,"key":"REST"},{"data":"Recycle","floor":23,"key":"SMITH"},{"data":"Dark Embrace","floor":29,"key":"SMITH"},{"floor":32,"key":"REST"},{"data":"Blade Dance","floor":46,"key":"SMITH"},{"floor":49,"key":"RECALL"},{"data":"Escape Plan","floor":52,"key":"SMITH"}],"neow_cost":"","seed_source_timestamp":0,"circlet_count":0,"master_deck":["AscendersBane","Defend_R+1","Defend_R","Defend_R","Defend_R","Bash+1","Ball Lightning","Glacier","Backflip","Grand Finale","Escape Plan+1","Prepared","Recycle+1","Dark Embrace+1","Second Wind","Expertise+1","Double Tap","Backflip","Blade Dance+1"],"special_seed":0,"relics":["Burning Blood","Pen Nib","Potion Belt","Pear","Unceasing Top","Juzu Bracelet","Runic Pyramid","Happy Flower","MawBank","Strawberry","Tiny House","Kunai","Vajra","Calipers","Paper Frog","Bird Faced Urn","Gambling Chip","Pantograph"],"potions_floor_usage":[8,10,16,25,55,55,55,55],"damage_taken":[{"damage":0.0,"enemies":"Small Slimes","floor":1.0,"turns":4.0},{"damage":4.0,"enemies":"Jaw Worm","floor":3.0,"turns":4.0},{"damage":1.0,"enemies":"Cultist","floor":7.0,"turns":4.0},{"damage":18,"enemies":"3 Sentries","floor":8,"turns":12},{"damage":27,"enemies":"Lagavulin","floor":10,"turns":7},{"damage":16,"enemies":"3 Sentries","floor":12,"turns":6},{"damage":6,"enemies":"Blue Slaver","floor":13,"turns":3},{"damage":49,"enemies":"Gremlin Nob","floor":14,"turns":5},{"damage":0,"enemies":"The Guardian","floor":16,"turns":6},{"damage":11,"enemies":"Spheric Guardian","floor":18,"turns":4},{"damage":12,"enemies":"2 Thieves","floor":19,"turns":3},{"damage":0,"enemies":"Centurion and Healer","floor":20,"turns":3},{"damage":0,"enemies":"Snecko","floor":24,"turns":4},{"damage":30,"enemies":"Gremlin Leader","floor":25,"turns":4},{"damage":48,"enemies":"Shelled Parasite and Fungi","floor":30,"turns":5},{"damage":16,"enemies":"Collector","floor":33,"turns":3},{"damage":5,"enemies":"3 Darklings","floor":35,"turns":3},{"damage":16,"enemies":"3 Shapes","floor":39,"turns":2},{"damage":0,"enemies":"Nemesis","floor":40,"turns":3},{"damage":19,"enemies":"2 Orb Walkers","floor":41,"turns":3},{"damage":0,"enemies":"Giant Head","floor":42,"turns":4},{"damage":7,"enemies":"Mind Bloom Boss Battle","floor":44,"turns":3},{"damage":0,"enemies":"3 Darklings","floor":45,"turns":2},{"damage":1,"enemies":"Writhing Mass","floor":47,"turns":3},{"damage":0,"enemies":"4 Shapes","floor":48,"turns":2},{"damage":3,"enemies":"Awakened One","floor":50,"turns":4},{"damage":0,"enemies":"Shield and Spear","floor":54,"turns":2},{"damage":0,"enemies":"The Heart","floor":55,"turns":5}],"seed_played":"912470854531667060","potions_obtained":[{"floor":1.0,"key":"PowerPotion"},{"floor":8,"key":"Energy Potion"},{"floor":12,"key":"SkillPotion"},{"floor":19,"key":"Swift Potion"},{"floor":30,"key":"SteroidPotion"},{"floor":34,"key":"Dexterity Potion"},{"floor":35,"key":"LiquidBronze"},{"floor":39,"key":"Dexterity Potion"},{"floor":42,"key":"FearPotion"},{"floor":54,"key":"Dexterity Potion"}],"is_trial":true,"path_per_floor":["M","?","M","?","?","R","M","E","T","E","R","E","M","?","R","B",null,"M","M","M","$","?","R","M","E","T","?","?","R","M","?","R","B",null,"M","?","$","?","M","E","?","E","T","?","M","R","M","M","R","B",null,"R","$","E","B",null],"character_chosen":"IRONCLAD","items_purchased":["Recycle","Dark Embrace","Happy Flower","Kunai","Gambling Chip","Dexterity Potion"],"campfire_rested":3,"item_purchase_floors":[21,21,21,37,53,53],"current_hp_per_floor":[74,79,80,80,69,69,74,62,62,51,78,68,68,25,52,58,82,77,71,77,77,90,90,90,66,73,73,73,73,31,31,60,50,90,91,91,91,91,81,87,74,80,80,79,87,87,94,102,102,102,102,102,102,102,102],"gold":84,"neow_bonus":"","is_prod":false,"is_daily":false,"chose_seed":false,"campfire_upgraded":5,"win_rate":0,"timestamp":1546788729,"path_taken":["M","?","M","?","?","R","M","E","T","E","R","E","?","?","R","BOSS","M","M","M","$","?","R","M","E","T","?","?","R","M","?","R","BOSS","M","?","$","?","M","E","?","E","T","?","M","R","M","M","R","BOSS","R","$","E","BOSS"],"build_version":"2019-01-03v4","purchased_purges":3,"victory":true,"max_hp_per_floor":[75,80,80,80,80,80,80,80,80,90,90,90,90,90,90,90,90,90,90,90,90,90,90,90,90,97,97,97,97,97,97,97,97,102,102,102,102,102,102,102,102,102,102,102,102,102,102,102,102,102,102,102,102,102,102],"card_choices":[{"not_picked":["Scrape","Rebound"],"picked":"Ball Lightning","floor":1.0},{"not_picked":["Turbo","Twin Strike"],"picked":"Glacier","floor":3.0},{"not_picked":["Backflip","Aggregate","Sucker Punch"],"picked":"SKIP","floor":7.0},{"not_picked":["Cleave","Compile Driver"],"picked":"All Out Attack","floor":8},{"not_picked":["Blizzard","Perfected Strike"],"picked":"Grand Finale","floor":10},{"not_picked":["Creative AI","Poisoned Stab","Tempest"],"picked":"SKIP","floor":12},{"not_picked":["Riddle With Holes","Armaments"],"picked":"Escape Plan","floor":13},{"not_picked":["Barrage","Dodge and Roll"],"picked":"Prepared","floor":18},{"not_picked":["Wraith Form v2","Compile Driver","Twin Strike"],"picked":"SKIP","floor":19},{"not_picked":["Compile Driver","Wild Strike","Go for the Eyes"],"picked":"SKIP","floor":20},{"not_picked":["Searing Blow","Armaments","Hemokinesis"],"picked":"SKIP","floor":24},{"not_picked":["Searing Blow","Armaments","Hemokinesis"],"picked":"SKIP","floor":24},{"not_picked":["Turbo","Streamline+1","Stack"],"picked":"SKIP","floor":25},{"not_picked":["Compile Driver","Meteor Strike"],"picked":"Expertise+1","floor":30},{"not_picked":["Feed","Immolate"],"picked":"Double Tap","floor":33},{"not_picked":["Uppercut+1","Flex","Acrobatics"],"picked":"SKIP","floor":35},{"not_picked":["Compile Driver","Headbutt+1","Spot Weakness"],"picked":"SKIP","floor":39},{"not_picked":["Underhanded Strike","Pummel","Hyperbeam"],"picked":"SKIP","floor":40},{"not_picked":["Underhanded Strike","Pummel","Hyperbeam"],"picked":"SKIP","floor":40},{"not_picked":["Body Slam","Deadly Poison","Havoc"],"picked":"SKIP","floor":42},{"not_picked":["Body Slam","Deadly Poison","Havoc"],"picked":"SKIP","floor":42},{"not_picked":["Streamline","Conserve Battery+1"],"picked":"Blade Dance","floor":45},{"not_picked":["Turbo","Doom and Gloom","Compile Driver"],"picked":"SKIP","floor":47},{"not_picked":["Flying Knee","Leap","True Grit"],"picked":"SKIP","floor":48},{"not_picked":["Acrobatics+1","Gash+1","Juggernaut"],"picked":"SKIP","floor":54}],"player_experience":3995701,"relics_obtained":[{"floor":8,"key":"Pen Nib"},{"floor":9,"key":"Potion Belt"},{"floor":10,"key":"Pear"},{"floor":12,"key":"Unceasing Top"},{"floor":25,"key":"MawBank"},{"floor":26,"key":"Strawberry"},{"floor":40,"key":"Vajra"},{"floor":41,"key":"Calipers"},{"floor":42,"key":"Paper Frog"},{"floor":44,"key":"Bird Faced Urn"},{"floor":54,"key":"Pantograph"}],"event_choices":[{"damage_healed":0.0,"max_hp_gain":5.0,"max_hp_loss":0.0,"gold_gain":0.0,"event_name":"Big Fish","player_choice":"Donut","floor":2.0,"gold_loss":0.0,"damage_taken":0.0},{"damage_healed":0.0,"max_hp_gain":0.0,"max_hp_loss":0.0,"gold_gain":0.0,"cards_transformed":["Strike_R"],"event_name":"Living Wall","player_choice":"Change","floor":4.0,"gold_loss":0.0,"damage_taken":0.0,"cards_obtained":["Backflip"]},{"damage_healed":0.0,"max_hp_gain":0.0,"max_hp_loss":0.0,"gold_gain":75.0,"event_name":"World of Goop","player_choice":"Gather Gold","floor":5.0,"gold_loss":0.0,"damage_taken":11.0},{"damage_healed":0,"gold_gain":0,"player_choice":"Searched \u00273\u0027 times","damage_taken":0,"relics_obtained":["Juzu Bracelet"],"max_hp_gain":0,"max_hp_loss":0,"event_name":"Dead Adventurer","floor":14,"gold_loss":0},{"cards_removed":["All Out Attack"],"damage_healed":13,"gold_gain":0,"player_choice":"Offered Uncommon","damage_taken":0,"max_hp_gain":0,"max_hp_loss":0,"event_name":"Bonfire Elementals","floor":22,"gold_loss":0},{"damage_healed":0,"gold_gain":0,"player_choice":"Ignored","damage_taken":0,"max_hp_gain":0,"max_hp_loss":0,"event_name":"Cursed Tome","floor":27,"gold_loss":0},{"damage_healed":0,"gold_gain":0,"cards_transformed":["Strike_R"],"player_choice":"Transformed","damage_taken":0,"max_hp_gain":0,"max_hp_loss":0,"event_name":"Transmorgrifier","floor":28,"gold_loss":0,"cards_obtained":["Second Wind"]},{"damage_healed":0,"gold_gain":50,"player_choice":"Stole From Cult","damage_taken":0,"max_hp_gain":0,"max_hp_loss":0,"event_name":"Nest","floor":31,"gold_loss":0},{"damage_healed":0,"gold_gain":0,"player_choice":"Memory 1","damage_taken":0,"max_hp_gain":0,"max_hp_loss":0,"event_name":"SensoryStone","floor":36,"gold_loss":0},{"damage_healed":0,"gold_gain":0,"player_choice":"Copied","damage_taken":0,"max_hp_gain":0,"max_hp_loss":0,"event_name":"Duplicator","floor":38,"gold_loss":0,"cards_obtained":["Backflip"]},{"damage_healed":0,"gold_gain":0,"player_choice":"Fight","damage_taken":0,"max_hp_gain":0,"max_hp_loss":0,"event_name":"Mysterious Sphere","floor":41,"gold_loss":0},{"damage_healed":0,"gold_gain":0,"player_choice":"Fight","damage_taken":0,"max_hp_gain":0,"max_hp_loss":0,"event_name":"MindBloom","floor":44,"gold_loss":0}],"is_beta":false,"boss_relics":[{"not_picked":["Calling Bell","Lizard Tail"],"picked":"Runic Pyramid"},{"not_picked":["Fusion Hammer","Runic Dome"],"picked":"Tiny House"}],"items_purged_floors":[21,37,53],"is_endless":false,"potions_floor_spawned":[1,8,12,19,30,35,39,42,47,48,54],"ascension_level":15}