{"gold_per_floor":[109,129,147,170,170,201,201,201,201,224,276,276,25,59,59,190,190,211,227,227,227,241,309,309,332,385,405,355,355,17,36,36,160,160],"floor_reached":34,"playtime":1192,"items_purged":["Strike_B","Strike_B","Strike_B"],"score":430,"play_id":"e6e31e64-1a6d-445b-91da-3dc9322b333c","local_time":"20190126004731","is_ascension_mode":false,"campfire_choices":[{"data":"Rebound","floor":7,"key":"SMITH"},{"data":"Self Repair","floor":12,"key":"SMITH"},{"data":"Blizzard","floor":15,"key":"SMITH"},{"data":"Coolheaded","floor":24,"key":"SMITH"},{"floor":29,"key":"REST"},{"data":"Capacitor","floor":32,"key":"SMITH"}],"neow_cost":"NONE","seed_source_timestamp":545624714232638,"circlet_count":0,"master_deck":["Defend_B","Defend_B","Defend_B","Defend_B","Zap","Dualcast","Rebound+1","Blizzard+1","Rip and Tear","Cold Snap","Self Repair+1","Cold Snap","Biased Cognition","Cold Snap","Self Repair","Coolheaded+1","White Noise+1","Capacitor+1","Echo Form"],"relics":["FrozenCore","NeowsBlessing","Smiling Mask","Boot","Golden Idol","Art of War","DataDisk","Lee\u0027s Waffle","The Courier","Nuclear Battery","theJungle:BirthdayCakeSlice","Nunchaku","Tiny Chest","Ancient Tea Set","Toy Ornithopter"],"potions_floor_usage":[16,21,23,23,23],"damage_taken":[{"damage":0,"enemies":"Cultist","floor":1,"turns":1},{"damage":0,"enemies":"Jaw Worm","floor":2,"turns":1},{"damage":0,"enemies":"2 Louse","floor":3,"turns":1},{"damage":34,"enemies":"3 Sentries","floor":6,"turns":9},{"damage":3,"enemies":"Looter","floor":10,"turns":3},{"damage":14,"enemies":"Lagavulin","floor":14,"turns":6},{"damage":48,"enemies":"Hexaghost","floor":16,"turns":10},{"damage":10,"enemies":"theJungle:GiantWrat","floor":18,"turns":5},{"damage":12,"enemies":"theJungle:MUSHROOMGANG","floor":19,"turns":4},{"damage":49,"enemies":"JungleHuntersEvent","floor":21,"turns":7},{"damage":0,"enemies":"theJungle:2_Flameangoes","floor":22,"turns":8},{"damage":34,"enemies":"theJungle:Cassacara","floor":23,"turns":9},{"damage":23,"enemies":"theJungle:2_Snecko_Cultists","floor":25,"turns":5},{"damage":27,"enemies":"theJungle:Snecko_Cultist_And_Trap","floor":27,"turns":7},{"damage":0,"enemies":"theJungle:2_Flameangoes","floor":31,"turns":6},{"damage":0,"enemies":"theJungle:QueenSpyder","floor":33,"turns":8}],"seed_played":"-278784774240038493","potions_obtained":[{"floor":1,"key":"Weak Potion"},{"floor":10,"key":"SteroidPotion"},{"floor":16,"key":"AttackPotion"},{"floor":18,"key":"GamblersBrew"},{"floor":19,"key":"Energy Potion"},{"floor":22,"key":"Poison Potion"},{"floor":23,"key":"FearPotion"}],"is_trial":false,"path_per_floor":["M","M","M","T","?","E","R","?","T","M","T","R","$","E","R","B",null,"M","M","?","?","M","E","R","M","T","M","$","R","$","M","R","B",null],"character_chosen":"DEFECT","items_purchased":["Lee\u0027s Waffle","Toy Ornithopter","Regen Potion","EssenceOfSteel"],"campfire_rested":1,"item_purchase_floors":[13,30,30,30],"current_hp_per_floor":[75,75,75,75,68,34,34,16,16,13,13,13,82,78,78,40,82,82,80,85,53,70,53,53,47,47,37,37,63,63,80,80,87,87],"gold":160,"neow_bonus":"THREE_ENEMY_KILL","is_prod":false,"is_daily":false,"chose_seed":false,"campfire_upgraded":5,"win_rate":0,"timestamp":1548431251,"path_taken":["M","?","M","?","?","E","R","?","T","M","?","R","$","E","R","BOSS","M","M","?","?","?","E","R","?","T","M","$","R","?","M","R","BOSS"],"build_version":"2019-01-23","purchased_purges":3,"victory":false,"max_hp_per_floor":[75,75,75,75,75,75,75,75,75,75,75,75,82,82,82,82,82,82,82,87,87,87,87,87,87,87,87,87,87,87,87,87,87,87],"card_choices":[{"not_picked":["Genetic Algorithm","Blizzard"],"picked":"Rebound","floor":1},{"not_picked":["Sweeping Beam","Go for the Eyes"],"picked":"Blizzard","floor":2},{"not_picked":["Steam","Aggregate"],"picked":"Rip and Tear","floor":3},{"not_picked":["Thunder Strike","Sweeping Beam"],"picked":"Cold Snap","floor":6},{"not_picked":["Ball Lightning","Go for the Eyes"],"picked":"Self Repair","floor":10},{"not_picked":["Leap","Turbo"],"picked":"Cold Snap","floor":14},{"not_picked":["All For One","Buffer"],"picked":"Biased Cognition","floor":16},{"not_picked":["Skim","Steam+1"],"picked":"Cold Snap","floor":18},{"not_picked":["Compile Driver","Conserve Battery"],"picked":"Self Repair","floor":19},{"not_picked":["Hologram","Sunder+1"],"picked":"Coolheaded","floor":22},{"not_picked":["Stack+1","Compile Driver","Lockon+1"],"picked":"SKIP","floor":23},{"not_picked":["Amplify","Steam Power"],"picked":"White Noise+1","floor":25},{"not_picked":["Compile Driver","Steam+1"],"picked":"Capacitor","floor":27},{"not_picked":["Streamline","Melter","Beam Cell"],"picked":"SKIP","floor":31},{"not_picked":["Hyperbeam","Meteor Strike"],"picked":"Echo Form","floor":33}],"player_experience":4148383,"relics_obtained":[{"floor":4,"key":"Smiling Mask"},{"floor":6,"key":"Boot"},{"floor":9,"key":"Art of War"},{"floor":11,"key":"DataDisk"},{"floor":14,"key":"The Courier"},{"floor":21,"key":"Nunchaku"},{"floor":23,"key":"Tiny Chest"},{"floor":26,"key":"Ancient Tea Set"}],"event_choices":[{"cards_removed":["Strike_B"],"damage_healed":0,"gold_gain":0,"player_choice":"Card Removal","damage_taken":7,"max_hp_gain":0,"max_hp_loss":0,"event_name":"Golden Wing","floor":5,"gold_loss":0},{"damage_healed":0,"gold_gain":0,"player_choice":"Take Damage","damage_taken":18,"relics_obtained":["Golden Idol"],"max_hp_gain":0,"max_hp_loss":0,"event_name":"Golden Idol","floor":8,"gold_loss":0}],"is_beta":false,"boss_relics":[{"not_picked":["Orrery","Cursed Key"],"picked":"Nuclear Battery"},{"not_picked":["Eternal Feather","Ectoplasm"],"picked":"FrozenCore"}],"items_purged_floors":[13,28,30],"is_endless":false,"potions_floor_spawned":[1,10,16,18,19,22,23,31],"ascension_level":0}