{"gold_per_floor":[360,33,47,47,6,6,36,63,142,0,0,0,13,13,13,87,87,61,72,36,36,36,36,36,55,107,186,186,214,228,243,243,314,314,330,330,330,36,46,46,74,74,74,92,192,192,192,192,192,192],"floor_reached":50,"playtime":2571,"items_purged":[],"score":1164,"play_id":"858c7fd0-8835-4f8b-80b0-1d96c71ab202","local_time":"20190310091431","is_ascension_mode":true,"campfire_choices":[{"data":"Endless Agony","floor":6,"key":"SMITH"},{"floor":12,"key":"REST"},{"data":"Backstab","floor":15,"key":"SMITH"},{"data":"After Image","floor":23,"key":"SMITH"},{"data":"Neutralize","floor":28,"key":"SMITH"},{"data":"Catalyst","floor":32,"key":"SMITH"},{"data":"Crippling Poison","floor":40,"key":"SMITH"},{"floor":42,"key":"REST"},{"floor":47,"key":"DIG"},{"floor":49,"key":"REST"}],"neow_cost":"PERCENT_DAMAGE","seed_source_timestamp":272968933283482,"circlet_count":0,"master_deck":["AscendersBane","Defend_G","Defend_G","Defend_G","Defend_G","Defend_G","Strike_G","Strike_G","Strike_G","Strike_G","Survivor","Neutralize+1","Sucker Punch","Well Laid Plans","Endless Agony+1","Backstab+1","Noxious Fumes+1","PiercingWail","After Image+1","PiercingWail","Leg Sweep","Blade Dance+1","Dagger Spray","Catalyst+1","After Image","PiercingWail+1","The Bomb","Crippling Poison+1","Blade Dance+1","Prepared","Blade Dance+1","Madness","Madness"],"special_seed":0,"relics":["Ring of the Snake","Bronze Scales","FossilizedHelix","Pantograph","WristBlade","Regal Pillow","Ornamental Fan","Ice Cream","Cursed Key","PreservedInsect","Tiny Chest","Gambling Chip","Shovel","Bird Faced Urn"],"potions_floor_usage":[8,18,29,33,33,41,50],"damage_taken":[{"damage":4.0,"enemies":"Jaw Worm","floor":1.0,"turns":7.0},{"damage":0,"enemies":"2 Louse","floor":3,"turns":3},{"damage":24,"enemies":"3 Sentries","floor":8,"turns":7},{"damage":0,"enemies":"Small Slimes","floor":13,"turns":2},{"damage":0,"enemies":"The Guardian","floor":16,"turns":12},{"damage":0,"enemies":"2 Thieves","floor":18,"turns":4},{"damage":4,"enemies":"Shell Parasite","floor":19,"turns":6},{"damage":0,"enemies":"Chosen and Byrds","floor":25,"turns":9},{"damage":0,"enemies":"Book of Stabbing","floor":29,"turns":6},{"damage":0,"enemies":"Cultist and Chosen","floor":30,"turns":7},{"damage":0,"enemies":"Snake Plant","floor":31,"turns":4},{"damage":59,"enemies":"Champ","floor":33,"turns":19},{"damage":0,"enemies":"Orb Walker","floor":35,"turns":5},{"damage":3,"enemies":"3 Darklings","floor":39,"turns":4},{"damage":40,"enemies":"Reptomancer","floor":41,"turns":6},{"damage":0,"enemies":"Writhing Mass","floor":44,"turns":8},{"damage":0,"enemies":"Mind Bloom Boss Battle","floor":45,"turns":7},{"damage":74,"enemies":"Awakened One","floor":50,"turns":15}],"seed_played":"8795499879220971930","potions_obtained":[{"floor":3,"key":"AttackPotion"},{"floor":8,"key":"GamblersBrew"},{"floor":16,"key":"AttackPotion"},{"floor":18,"key":"Explosive Potion"},{"floor":30,"key":"SteroidPotion"},{"floor":31,"key":"Weak Potion"},{"floor":33,"key":"PowerPotion"},{"floor":41,"key":"Dexterity Potion"},{"floor":44,"key":"Energy Potion"}],"is_trial":false,"path_per_floor":["M","$","M","?","?","R","?","E","T","$","?","R","M","?","R","B",null,"M","M","$","?","?","R","$","M","T","T","R","E","M","M","R","B",null,"M","?","?","$","M","R","E","R","T","M","?","?","R","T","R","B"],"character_chosen":"THE_SILENT","items_purchased":["Well Laid Plans","Endless Agony","Bronze Scales","Noxious Fumes","PowerPotion","Leg Sweep","PreservedInsect","Tiny Chest"],"campfire_rested":3,"item_purchase_floors":[2,2,2,10,10,20,38,38],"current_hp_per_floor":[40,40,40,40,40,40,40,16,16,16,16,35,35,35,35,60,65,65,61,61,61,61,61,61,61,61,61,61,61,61,61,61,7,51,51,51,51,51,48,48,8,42,42,42,66,54,54,54,66,0],"gold":192,"neow_bonus":"TWO_FIFTY_GOLD","is_prod":false,"is_daily":false,"chose_seed":false,"campfire_upgraded":6,"win_rate":0,"timestamp":1552176871,"path_taken":["M","$","M","?","?","R","?","E","T","$","?","R","?","?","R","BOSS","M","?","$","?","?","R","?","?","T","?","R","E","M","M","R","BOSS","M","?","?","$","M","R","E","R","T","?","?","?","R","?","R","BOSS"],"build_version":"2019-01-23","purchased_purges":0,"victory":false,"max_hp_per_floor":[66,66,66,66,66,66,66,66,66,66,66,66,66,66,66,66,66,66,66,66,66,66,66,66,66,66,66,66,66,66,66,66,66,66,66,66,66,66,66,66,66,66,66,66,66,66,66,66,66,66],"card_choices":[{"not_picked":["Slice","Finisher"],"picked":"Sucker Punch","floor":1.0},{"not_picked":["Slice","Bane","Deadly Poison"],"picked":"SKIP","floor":3},{"not_picked":["Backflip","Doppelganger"],"picked":"Backstab","floor":8},{"not_picked":["Dagger Throw","Dodge and Roll"],"picked":"PiercingWail","floor":13},{"not_picked":["Malaise","Corpse Explosion"],"picked":"After Image","floor":16},{"not_picked":["Dagger Throw","Slice"],"picked":"PiercingWail","floor":18},{"not_picked":["PiercingWail","Sucker Punch","Eviscerate"],"picked":"SKIP","floor":19},{"not_picked":["Deadly Poison","Poisoned Stab","Riddle With Holes+1"],"picked":"SKIP","floor":25},{"not_picked":["Deflect","Dodge and Roll"],"picked":"Blade Dance+1","floor":29},{"not_picked":["Slice","Outmaneuver"],"picked":"Dagger Spray","floor":30},{"not_picked":["PiercingWail","Escape Plan"],"picked":"Catalyst","floor":31},{"not_picked":["Adrenaline","Tools of the Trade"],"picked":"After Image","floor":33},{"not_picked":["Dagger Spray","Bane"],"picked":"PiercingWail+1","floor":35},{"not_picked":["Trip","Flash of Steel"],"picked":"The Bomb","floor":37},{"not_picked":["All Out Attack","Poisoned Stab"],"picked":"Crippling Poison","floor":39},{"not_picked":["Sucker Punch","Acrobatics"],"picked":"Blade Dance+1","floor":41},{"not_picked":["Expertise+1","Deflect"],"picked":"Prepared","floor":44},{"not_picked":["Poisoned Stab","Infinite Blades"],"picked":"Blade Dance+1","floor":45}],"player_experience":663145,"relics_obtained":[{"floor":8,"key":"FossilizedHelix"},{"floor":9,"key":"Pantograph"},{"floor":26,"key":"Regal Pillow"},{"floor":27,"key":"Ornamental Fan"},{"floor":29,"key":"Ice Cream"},{"floor":41,"key":"Gambling Chip"},{"floor":45,"key":"Shovel"},{"floor":47,"key":"Bird Faced Urn"}],"event_choices":[{"damage_healed":0,"gold_gain":0,"player_choice":"Ignored","damage_taken":0,"max_hp_gain":0,"max_hp_loss":0,"event_name":"Golden Wing","floor":4,"gold_loss":0},{"damage_healed":0,"gold_gain":0,"player_choice":"Left Gold","damage_taken":0,"max_hp_gain":0,"max_hp_loss":0,"event_name":"World of Goop","floor":5,"gold_loss":41},{"damage_healed":0,"gold_gain":30,"player_choice":"Searched \u00272\u0027 times","damage_taken":0,"max_hp_gain":0,"max_hp_loss":0,"event_name":"Dead Adventurer","floor":7,"gold_loss":0},{"cards_removed":["Strike_G"],"damage_healed":0,"gold_gain":0,"player_choice":"Purged","damage_taken":0,"max_hp_gain":0,"max_hp_loss":0,"event_name":"Purifier","floor":11,"gold_loss":0},{"damage_healed":0,"gold_gain":0,"player_choice":"Upgraded","damage_taken":0,"max_hp_gain":0,"max_hp_loss":0,"event_name":"Upgrade Shrine","floor":14,"gold_loss":0,"cards_upgraded":["Noxious Fumes"]},{"damage_healed":0,"gold_gain":0,"player_choice":"Ignored","damage_taken":0,"max_hp_gain":0,"max_hp_loss":0,"event_name":"Ghosts","floor":21,"gold_loss":0},{"damage_healed":0,"gold_gain":0,"player_choice":"Ignored","damage_taken":0,"max_hp_gain":0,"max_hp_loss":0,"event_name":"Tomb of Lord Red Mask","floor":36,"gold_loss":0},{"damage_healed":0,"gold_gain":0,"player_choice":"Memory 1","damage_taken":0,"max_hp_gain":0,"max_hp_loss":0,"event_name":"SensoryStone","floor":37,"gold_loss":0},{"damage_healed":0,"gold_gain":0,"player_choice":"Fight","damage_taken":0,"max_hp_gain":0,"max_hp_loss":0,"event_name":"MindBloom","floor":45,"gold_loss":0},{"damage_healed":0,"gold_gain":0,"player_choice":"Embrace Madness","damage_taken":12,"max_hp_gain":0,"max_hp_loss":0,"event_name":"Winding Halls","floor":46,"gold_loss":0,"cards_obtained":["Madness","Madness"]}],"is_beta":false,"boss_relics":[{"not_picked":["Lizard Tail","Black Star"],"picked":"WristBlade"},{"not_picked":["Calling Bell","Runic Dome"],"picked":"Cursed Key"}],"items_purged_floors":[],"is_endless":false,"potions_floor_spawned":[3,8,16,18,30,31,33,41,44],"killed_by":"Awakened One","ascension_level":20}