{"gold_per_floor":[110,110,35,35,35,35,59,59,59,82,82,101,101,116,116,212,212,132,156,56,74,74,74,74],"floor_reached":24,"playtime":900,"items_purged":["Pain","Strike_B"],"score":368,"play_id":"271008ca-3f04-4c9e-b007-ea48b74b4c74","local_time":"20190320154715","is_ascension_mode":true,"campfire_choices":[{"floor":6,"key":"REST"},{"data":"Zap","floor":8,"key":"SMITH"},{"data":"Ball Lightning","floor":11,"key":"SMITH"},{"data":"Glacier","floor":13,"key":"SMITH"},{"data":"White Noise","floor":15,"key":"SMITH"},{"data":"Sunder","floor":23,"key":"SMITH"}],"neow_cost":"CURSE","seed_source_timestamp":133151250584594,"circlet_count":0,"master_deck":["AscendersBane","Strike_B","Strike_B","Defend_B+1","Defend_B","Defend_B","Defend_B","Zap+1","Dualcast+1","Glacier+1","Go for the Eyes","Ball Lightning+1","Self Repair","White Noise+1","Biased Cognition","Auto Shields","Defragment","Machine Learning","Turbo","Cold Snap","Sunder+1","Defragment"],"relics":["Cracked Core","StoneCalendar","Golden Idol","NlothsMask","Orrery"],"potions_floor_usage":[16,21,24],"damage_taken":[{"damage":14,"enemies":"2 Louse","floor":1,"turns":3},{"damage":3,"enemies":"Small Slimes","floor":7,"turns":5},{"damage":0,"enemies":"Cultist","floor":10,"turns":3},{"damage":8,"enemies":"Lots of Slimes","floor":12,"turns":4},{"damage":2,"enemies":"3 Louse","floor":14,"turns":5},{"damage":20,"enemies":"The Guardian","floor":16,"turns":10},{"damage":9,"enemies":"2 Thieves","floor":18,"turns":4},{"damage":1,"enemies":"3 Byrds","floor":19,"turns":2},{"damage":11,"enemies":"Sentry and Sphere","floor":21,"turns":8},{"damage":56,"enemies":"Slavers","floor":24,"turns":3}],"seed_played":"8387661474450640110","potions_obtained":[{"floor":10,"key":"Energy Potion"},{"floor":12,"key":"Fire Potion"},{"floor":19,"key":"SteroidPotion"},{"floor":21,"key":"Poison Potion"}],"is_trial":false,"path_per_floor":["M","?","$","?","?","R","M","R","T","M","R","M","R","M","R","B",null,"M","M","$","M","?","R","E"],"character_chosen":"DEFECT","items_purchased":[],"campfire_rested":1,"item_purchase_floors":[],"current_hp_per_floor":[50,29,29,29,29,48,45,45,45,45,45,37,37,42,42,29,55,53,52,52,48,48,48,0],"gold":74,"neow_bonus":"ONE_RARE_RELIC","is_prod":false,"is_daily":false,"chose_seed":false,"campfire_upgraded":5,"win_rate":0,"timestamp":1553064435,"path_taken":["M","?","$","?","?","R","M","R","T","M","R","M","R","M","R","BOSS","M","M","?","?","?","R","E"],"build_version":"2019-01-23","purchased_purges":2,"victory":false,"max_hp_per_floor":[71,71,71,64,64,64,64,64,64,64,64,64,64,64,64,64,64,64,64,64,64,64,64,64],"card_choices":[{"not_picked":["Gash","Coolheaded"],"picked":"Glacier","floor":1},{"not_picked":["Scrape","Darkness"],"picked":"Go for the Eyes","floor":7},{"not_picked":["Rip and Tear","Reprogram"],"picked":"Ball Lightning","floor":10},{"not_picked":["Barrage","Loop"],"picked":"Self Repair","floor":12},{"not_picked":["Storm","Conserve Battery"],"picked":"White Noise","floor":14},{"not_picked":["Core Surge","Creative AI"],"picked":"Biased Cognition","floor":16},{"not_picked":["Stack","Steam"],"picked":"Auto Shields","floor":17},{"not_picked":["Leap","Redo"],"picked":"Defragment","floor":17},{"not_picked":["Sweeping Beam","Rebound"],"picked":"Machine Learning","floor":17},{"not_picked":["Compile Driver","Rebound"],"picked":"Turbo","floor":17},{"not_picked":["Redo","Beam Cell"],"picked":"Cold Snap","floor":17},{"not_picked":["Leap","Skim","Steam"],"picked":"SKIP","floor":18},{"not_picked":["Cold Snap","White Noise"],"picked":"Sunder","floor":19},{"not_picked":["Genetic Algorithm","Glacier"],"picked":"Defragment","floor":21}],"player_experience":759096,"relics_obtained":[],"event_choices":[{"damage_healed":0,"gold_gain":0,"player_choice":"Entered Light","damage_taken":21,"max_hp_gain":0,"max_hp_loss":0,"event_name":"Shining Light","floor":2,"gold_loss":0,"cards_upgraded":["Defend_B","Dualcast"]},{"damage_healed":0,"gold_gain":0,"player_choice":"Lose Max HP","damage_taken":0,"relics_obtained":["Golden Idol"],"max_hp_gain":0,"max_hp_loss":7,"event_name":"Golden Idol","floor":4,"gold_loss":0},{"damage_healed":0,"gold_gain":0,"player_choice":"Trade","damage_taken":0,"relics_obtained":["NlothsMask"],"max_hp_gain":0,"max_hp_loss":0,"event_name":"FaceTrader","floor":5,"gold_loss":0},{"cards_removed":["Strike_B"],"damage_healed":0,"gold_gain":0,"player_choice":"Offered Basic","damage_taken":0,"max_hp_gain":0,"max_hp_loss":0,"event_name":"Bonfire Elementals","floor":22,"gold_loss":0}],"is_beta":false,"boss_relics":[{"not_picked":["Lizard Tail","Tiny House"],"picked":"Orrery"}],"items_purged_floors":[3,20],"is_endless":false,"potions_floor_spawned":[10,12,14,19,21],"killed_by":"Slavers","ascension_level":20}