{"gold_per_floor":[115,131,145,33,45,72,72,72,72,72,72,72,102,118,118,196,196,208,184,184,200,223,223,234,234,234,234,234],"floor_reached":28,"playtime":1603,"items_purged":["Strike_R"],"score":433,"play_id":"6e311662-f713-476b-9a9f-5403837e2717","local_time":"20190318125528","is_ascension_mode":true,"campfire_choices":[{"floor":7,"key":"REST"},{"data":"Shrug It Off","floor":10,"key":"SMITH"},{"data":"Clothesline","floor":12,"key":"SMITH"},{"floor":15,"key":"REST"},{"floor":23,"key":"REST"},{"data":"Reaper","floor":25,"key":"SMITH"},{"floor":27,"key":"REST"}],"neow_cost":"NONE","seed_source_timestamp":10023230098059,"circlet_count":0,"master_deck":["AscendersBane","Strike_R","Strike_R","Strike_R","Defend_R","Defend_R","Defend_R","Defend_R","Bash","Purity","Clothesline+1","Headbutt","Shrug It Off+1","Spot Weakness","Sword Boomerang","Combust","Pain","Armaments","Dark Embrace","Perfected Strike","Pain","Clothesline","Disarm+1","Reaper+1","Inflame"],"relics":["Burning Blood","PreservedInsect","Self Forming Clay","WarpedTongs","Turnip","Snecko Eye","Dream Catcher","Blue Candle"],"potions_floor_usage":[16,21],"damage_taken":[{"damage":15,"enemies":"Small Slimes","floor":1,"turns":5},{"damage":4,"enemies":"2 Louse","floor":2,"turns":2},{"damage":10,"enemies":"Cultist","floor":3,"turns":5},{"damage":12,"enemies":"Red Slaver","floor":5,"turns":3},{"damage":29,"enemies":"Gremlin Nob","floor":6,"turns":4},{"damage":16,"enemies":"3 Sentries","floor":13,"turns":4},{"damage":4,"enemies":"Exordium Thugs","floor":14,"turns":4},{"damage":44,"enemies":"The Guardian","floor":16,"turns":12},{"damage":34,"enemies":"Shell Parasite","floor":18,"turns":6},{"damage":11,"enemies":"2 Thieves","floor":19,"turns":4},{"damage":24,"enemies":"Shelled Parasite and Fungi","floor":21,"turns":4},{"damage":13,"enemies":"Centurion and Healer","floor":24,"turns":4},{"damage":71,"enemies":"Gremlin Leader","floor":28,"turns":8}],"seed_played":"-7181701572474432362","potions_obtained":[{"floor":6,"key":"FearPotion"},{"floor":13,"key":"Regen Potion"},{"floor":14,"key":"Energy Potion"},{"floor":18,"key":"Regen Potion"}],"is_trial":false,"path_per_floor":["M","M","M","$","M","E","R","?","T","R","?","R","E","M","R","B",null,"M","M","?","M","T","R","M","R","T","R","E"],"character_chosen":"IRONCLAD","items_purchased":["Spot Weakness"],"campfire_rested":4,"item_purchase_floors":[4],"current_hp_per_floor":[59,61,57,57,51,28,50,43,43,43,43,43,33,35,57,34,65,37,32,32,26,26,48,41,41,41,63,0],"gold":234,"neow_bonus":"RANDOM_COLORLESS","is_prod":false,"is_daily":false,"chose_seed":false,"campfire_upgraded":3,"win_rate":0,"timestamp":1552881328,"path_taken":["M","M","M","$","M","E","R","?","T","R","?","R","E","M","R","BOSS","M","M","?","?","?","R","M","R","T","R","E"],"build_version":"2019-01-23","purchased_purges":1,"victory":false,"max_hp_per_floor":[75,75,75,75,75,75,75,75,75,75,75,75,75,75,75,75,75,75,75,75,75,75,75,75,75,75,75,75],"card_choices":[{"not_picked":["Thunderclap","Spot Weakness"],"picked":"Clothesline","floor":1},{"not_picked":["Corruption","Sentinel"],"picked":"Headbutt","floor":2},{"not_picked":["Iron Wave","Perfected Strike"],"picked":"Shrug It Off","floor":3},{"not_picked":["Pommel Strike","Rupture"],"picked":"Sword Boomerang","floor":5},{"not_picked":["Rupture","Dark Embrace"],"picked":"Combust","floor":6},{"not_picked":["Pommel Strike","Uppercut"],"picked":"Armaments","floor":13},{"not_picked":["True Grit","Anger","Body Slam"],"picked":"SKIP","floor":14},{"not_picked":["Impervious","Fiend Fire"],"picked":"Dark Embrace","floor":16},{"not_picked":["Cleave","Havoc","Thunderclap"],"picked":"SKIP","floor":18},{"not_picked":["Warcry","Flame Barrier"],"picked":"Perfected Strike","floor":19},{"not_picked":["Sword Boomerang","Seeing Red"],"picked":"Clothesline","floor":21},{"not_picked":["Twin Strike+1","Thunderclap"],"picked":"Disarm+1","floor":23},{"not_picked":["Headbutt+1","Twin Strike"],"picked":"Reaper","floor":24},{"not_picked":["Clash","Thunderclap"],"picked":"Inflame","floor":27}],"player_experience":347674,"relics_obtained":[{"floor":6,"key":"PreservedInsect"},{"floor":9,"key":"Self Forming Clay"},{"floor":13,"key":"Turnip"},{"floor":22,"key":"Dream Catcher"},{"floor":26,"key":"Blue Candle"}],"event_choices":[{"cards_removed":["Strike_R"],"damage_healed":0,"gold_gain":0,"player_choice":"Card Removal","damage_taken":7,"max_hp_gain":0,"max_hp_loss":0,"event_name":"Golden Wing","floor":8,"gold_loss":0},{"damage_healed":0,"gold_gain":0,"player_choice":"Rummage","damage_taken":0,"relics_obtained":["WarpedTongs"],"max_hp_gain":0,"max_hp_loss":0,"event_name":"Accursed Blacksmith","floor":11,"gold_loss":0,"cards_obtained":["Pain"]},{"damage_healed":0,"gold_gain":0,"player_choice":"Copied","damage_taken":0,"max_hp_gain":0,"max_hp_loss":0,"event_name":"Duplicator","floor":20,"gold_loss":0,"cards_obtained":["Pain"]}],"is_beta":false,"boss_relics":[{"not_picked":["Lizard Tail","Mark of Pain"],"picked":"Snecko Eye"}],"items_purged_floors":[4],"is_endless":false,"potions_floor_spawned":[6,13,14,18],"killed_by":"Gremlin Leader","ascension_level":18}