{"gold_per_floor":[110,110,110,125,143,174,190,190,190,206,235,235,235,251,251,328,328,341,266,266,286,32,32,60,75,101,101,101,114,114,134,134,209,209,229,229,247,265,365,391,391,131,131,146,146,163,186,186,186,186,186,186,186,15,43,43],"floor_reached":57,"playtime":2778,"items_purged":["Defend_B","Defend_B+1"],"score":2554,"play_id":"d8b76337-2d1a-4723-a7ee-ad542874c730","local_time":"20190110032822","is_ascension_mode":true,"campfire_choices":[{"data":"Loop","floor":8.0,"key":"SMITH"},{"data":"Coolheaded","floor":12,"key":"SMITH"},{"data":"Hologram","floor":15,"key":"SMITH"},{"floor":28,"key":"REST"},{"floor":30,"key":"REST"},{"data":"Capacitor","floor":32,"key":"SMITH"},{"data":"Fission","floor":41,"key":"SMITH"},{"floor":45,"key":"RECALL"},{"data":"Seek","floor":49,"key":"SMITH"},{"floor":53,"key":"REST"}],"neow_cost":"NONE","seed_source_timestamp":0,"circlet_count":0,"master_deck":["AscendersBane","Zap+1","Dualcast","Consume+1","Coolheaded+1","Cold Snap","Loop+1","Ball Lightning","Hologram+1","Fission+1","Capacitor+1","Genetic Algorithm","Coolheaded","Seek+1","Self Repair+1","Core Surge+1","Storm+1","Capacitor+1","Coolheaded+1","Capacitor+1","Biased Cognition+1"],"special_seed":0,"relics":["Cracked Core","NeowsBlessing","Calipers","Singing Bowl","Odd Mushroom","Empty Cage","Frozen Egg 2","Orichalcum","Astrolabe","FossilizedHelix","DataDisk","Art of War","Bronze Scales","Bag of Preparation","Gremlin Horn"],"potions_floor_usage":[14,24,25,33,56,56],"damage_taken":[{"damage":0.0,"enemies":"2 Louse","floor":1.0,"turns":1.0},{"damage":0.0,"enemies":"Small Slimes","floor":4.0,"turns":1.0},{"damage":0.0,"enemies":"Cultist","floor":5.0,"turns":1.0},{"damage":5.0,"enemies":"3 Sentries","floor":6.0,"turns":19.0},{"damage":6.0,"enemies":"Looter","floor":7.0,"turns":3.0},{"damage":0,"enemies":"Large Slime","floor":10,"turns":5},{"damage":7,"enemies":"The Mushroom Lair","floor":11,"turns":4},{"damage":1,"enemies":"3 Louse","floor":14,"turns":3},{"damage":14,"enemies":"Hexaghost","floor":16,"turns":9},{"damage":10,"enemies":"Shell Parasite","floor":18,"turns":6},{"damage":0,"enemies":"Spheric Guardian","floor":21,"turns":4},{"damage":47,"enemies":"Slavers","floor":24,"turns":11},{"damage":6,"enemies":"Centurion and Healer","floor":25,"turns":11},{"damage":22,"enemies":"Snake Plant","floor":29,"turns":6},{"damage":7,"enemies":"Snecko","floor":31,"turns":14},{"damage":21,"enemies":"Collector","floor":33,"turns":17},{"damage":7,"enemies":"Orb Walker","floor":35,"turns":3},{"damage":43,"enemies":"3 Darklings","floor":37,"turns":6},{"damage":6,"enemies":"Writhing Mass","floor":38,"turns":12},{"damage":0,"enemies":"Mind Bloom Boss Battle","floor":39,"turns":10},{"damage":3,"enemies":"Nemesis","floor":40,"turns":11},{"damage":0,"enemies":"Spire Growth","floor":44,"turns":7},{"damage":19,"enemies":"Jaw Worm Horde","floor":46,"turns":4},{"damage":16,"enemies":"Time Eater","floor":50,"turns":9},{"damage":54,"enemies":"Awakened One","floor":51,"turns":16},{"damage":34,"enemies":"Shield and Spear","floor":55,"turns":11},{"damage":13,"enemies":"The Heart","floor":56,"turns":11}],"seed_played":"204927237215976573","potions_obtained":[{"floor":4.0,"key":"Energy Potion"},{"floor":5.0,"key":"Fire Potion"},{"floor":10,"key":"SpeedPotion"},{"floor":21,"key":"FocusPotion"},{"floor":24,"key":"GamblersBrew"},{"floor":29,"key":"FearPotion"},{"floor":35,"key":"Fire Potion"},{"floor":37,"key":"PowerPotion"},{"floor":44,"key":"Ancient Potion"}],"is_trial":false,"path_per_floor":["M","?","?","M","M","E","M","R","T","M","?","R","?","M","R","B",null,"M","?","?","M","$","?","E","M","T","?","R","M","R","M","R","B",null,"M","?","M","M","?","E","R","$","T","M","R","M","T","?","R","B","B",null,"R","$","E","B",null],"character_chosen":"DEFECT","items_purchased":["Capacitor","Genetic Algorithm","Coolheaded","Art of War","Bag of Preparation"],"campfire_rested":3,"item_purchase_floors":[22,22,22,42,54],"current_hp_per_floor":[64,43,43,43,43,38,32,32,32,34,29,29,34,33,33,19,65,57,57,45,47,47,64,19,15,15,15,41,21,48,43,43,22,75,80,80,47,51,61,70,70,70,70,80,80,73,73,73,73,67,23,76,93,93,71,68],"gold":43,"neow_bonus":"THREE_ENEMY_KILL","is_prod":false,"is_daily":false,"chose_seed":false,"campfire_upgraded":6,"win_rate":0,"timestamp":1547058502,"path_taken":["M","?","?","?","M","E","M","R","T","M","?","R","?","M","R","BOSS","M","?","?","?","$","?","E","M","T","?","R","M","R","M","R","BOSS","M","?","M","M","?","E","R","$","T","M","R","M","?","?","R","BOSS","BOSS","R","$","E","BOSS"],"build_version":"2019-01-03v4","purchased_purges":2,"victory":true,"max_hp_per_floor":[71,71,71,71,71,71,71,71,71,73,75,75,80,80,80,80,80,82,82,82,84,84,84,86,88,88,88,88,90,90,92,92,92,92,94,89,89,89,89,91,91,91,91,91,91,93,93,93,93,93,93,93,93,93,95,95],"card_choices":[{"not_picked":["Conserve Battery","Gash"],"picked":"Consume","floor":1.0},{"not_picked":["Sweeping Beam","Blizzard"],"picked":"Coolheaded","floor":4.0},{"not_picked":["Rebound","Compile Driver"],"picked":"Cold Snap","floor":5.0},{"not_picked":["Barrage","Consume"],"picked":"Loop","floor":6.0},{"not_picked":["Cold Snap","Stack"],"picked":"Ball Lightning","floor":7.0},{"not_picked":["Loop","FTL","Reprogram"],"picked":"Singing Bowl","floor":10},{"not_picked":["Steam Power","FTL","Double Energy"],"picked":"Singing Bowl","floor":11},{"not_picked":["Rebound","Stack"],"picked":"Hologram","floor":14},{"not_picked":["Machine Learning","Hyperbeam"],"picked":"Fission","floor":16},{"not_picked":["Go for the Eyes","Leap","Fusion+1"],"picked":"Singing Bowl","floor":18},{"not_picked":["Auto Shields","Turbo","Beam Cell+1"],"picked":"Singing Bowl","floor":21},{"not_picked":["Hologram","Rebound","Coolheaded"],"picked":"Singing Bowl","floor":24},{"not_picked":["Blizzard","Reprogram","Cold Snap"],"picked":"Singing Bowl","floor":25},{"not_picked":["Go for the Eyes","Streamline","Aggregate"],"picked":"Singing Bowl","floor":29},{"not_picked":["Thunder Strike","Sweeping Beam","Go for the Eyes"],"picked":"Singing Bowl","floor":31},{"not_picked":["Biased Cognition+1","Rainbow"],"picked":"Seek","floor":33},{"not_picked":["Ball Lightning","Barrage","Stack"],"picked":"Singing Bowl","floor":35},{"not_picked":["Stack","Hello World+1"],"picked":"Capacitor+1","floor":37},{"not_picked":["Sweeping Beam","Rebound"],"picked":"Coolheaded+1","floor":38},{"not_picked":["Scrape","Compile Driver+1"],"picked":"Capacitor+1","floor":39},{"not_picked":["Steam","Barrage","Gash"],"picked":"Singing Bowl","floor":40},{"not_picked":["Turbo","Loop+1"],"picked":"Biased Cognition+1","floor":44},{"not_picked":["White Noise","Go for the Eyes","Compile Driver+1"],"picked":"Singing Bowl","floor":46},{"not_picked":["Stack+1","Steam","Skim"],"picked":"Singing Bowl","floor":55}],"player_experience":4036423,"relics_obtained":[{"floor":6.0,"key":"Calipers"},{"floor":9.0,"key":"Singing Bowl"},{"floor":11,"key":"Odd Mushroom"},{"floor":24,"key":"Frozen Egg 2"},{"floor":26,"key":"Orichalcum"},{"floor":39,"key":"FossilizedHelix"},{"floor":40,"key":"DataDisk"},{"floor":47,"key":"Bronze Scales"},{"floor":55,"key":"Gremlin Horn"}],"event_choices":[{"damage_healed":0.0,"max_hp_gain":0.0,"max_hp_loss":0.0,"gold_gain":0.0,"event_name":"Shining Light","player_choice":"Entered Light","floor":2.0,"gold_loss":0.0,"damage_taken":21.0,"cards_upgraded":["Zap","Defend_B"]},{"damage_healed":0.0,"max_hp_gain":0.0,"max_hp_loss":0.0,"gold_gain":0.0,"event_name":"Accursed Blacksmith","player_choice":"Forge","floor":3.0,"gold_loss":0.0,"damage_taken":0.0,"cards_upgraded":["Consume"]},{"damage_healed":0,"gold_gain":0,"player_choice":"Fought Mushrooms","damage_taken":0,"max_hp_gain":0,"max_hp_loss":0,"event_name":"Mushrooms","floor":11,"gold_loss":0},{"damage_healed":0,"gold_gain":0,"player_choice":"Donut","damage_taken":0,"max_hp_gain":5,"max_hp_loss":0,"event_name":"Big Fish","floor":13,"gold_loss":0},{"cards_removed":["Strike_B"],"damage_healed":0,"gold_gain":0,"player_choice":"Gave Gold","damage_taken":0,"max_hp_gain":0,"max_hp_loss":0,"event_name":"Beggar","floor":19,"gold_loss":75},{"damage_healed":0,"gold_gain":0,"player_choice":"Damaged","damage_taken":12,"max_hp_gain":0,"max_hp_loss":0,"event_name":"Wheel of Change","floor":20,"gold_loss":0},{"damage_healed":17,"gold_gain":0,"player_choice":"Heal","damage_taken":0,"max_hp_gain":0,"max_hp_loss":0,"event_name":"The Library","floor":23,"gold_loss":0},{"damage_healed":0,"gold_gain":0,"player_choice":"Ignored","damage_taken":0,"max_hp_gain":0,"max_hp_loss":0,"event_name":"Cursed Tome","floor":27,"gold_loss":0},{"damage_healed":0,"gold_gain":0,"player_choice":"Max HP","damage_taken":0,"max_hp_gain":0,"max_hp_loss":5,"event_name":"Winding Halls","floor":36,"gold_loss":0},{"damage_healed":0,"gold_gain":0,"player_choice":"Fight","damage_taken":0,"max_hp_gain":0,"max_hp_loss":0,"event_name":"MindBloom","floor":39,"gold_loss":0},{"damage_healed":0,"gold_gain":0,"player_choice":"Ignored","damage_taken":0,"max_hp_gain":0,"max_hp_loss":0,"event_name":"Mysterious Sphere","floor":48,"gold_loss":0}],"is_beta":false,"boss_relics":[{"not_picked":["FrozenCore","Runic Dome"],"picked":"Empty Cage"},{"not_picked":["Sozu","Snecko Eye"],"picked":"Astrolabe"}],"items_purged_floors":[22,42],"is_endless":false,"potions_floor_spawned":[4,5,10,11,21,24,29,35,37,39,44],"ascension_level":20}