{"gold_per_floor":[113,128,128,144,160,160,176,176,223,256,256,256,275,275,275,376,376,394,394,409,429,429,429,3,3,3,22,38,38,57,77,77,175,175,195,212,230,241,267,267,267,267,267,267,267,280,291,79,79,79],"floor_reached":51,"playtime":5593,"items_purged":["Strike_B","Zap"],"score":603,"play_id":"969d18bc-aada-4a9e-b66a-9ea8b4a0d311","local_time":"20190101065304","is_ascension_mode":false,"campfire_choices":[{"data":"Redo","floor":6,"key":"SMITH"},{"data":"Dualcast","floor":8,"key":"SMITH"},{"floor":12,"key":"REST"},{"data":"Defragment","floor":15,"key":"SMITH"},{"data":"Hologram","floor":23,"key":"SMITH"},{"floor":25,"key":"REST"},{"floor":32,"key":"REST"},{"data":"Searing Blow+1","floor":40,"key":"SMITH"},{"data":"Searing Blow+2","floor":41,"key":"SMITH"},{"data":"Searing Blow+3","floor":42,"key":"SMITH"},{"data":"Searing Blow+4","floor":44,"key":"SMITH"},{"floor":49,"key":"REST"}],"neow_cost":"NONE","seed_source_timestamp":323004091300,"circlet_count":0,"master_deck":["Strike_B","Strike_B","Defend_B+1","Defend_B","Defend_B+1","Defend_B","Dualcast+1","Coolheaded","Redo+1","Coolheaded","Gash","Gash","Cold Snap","Defragment+1","Multi-Cast","Hologram+1","Sweeping Beam","Searing Blow+5","Reboot","Doubt","Sweeping Beam","Consume+1","Auto Shields+1","Scrape","Chill"],"relics":["Cracked Core","Happy Flower","Omamori","Mercury Hourglass","Anchor","Busted Crown","HandDrill","Boot","FossilizedHelix","Calling Bell","Juzu Bracelet","Blue Candle","WingedGreaves","Lantern","Bottled Flame"],"potions_floor_usage":[10,13,16,33,33,33,38,38,50],"damage_taken":[{"damage":0,"enemies":"Cultist","floor":1,"turns":3},{"damage":0,"enemies":"2 Louse","floor":2,"turns":3},{"damage":0,"enemies":"Small Slimes","floor":4,"turns":3},{"damage":9,"enemies":"2 Fungi Beasts","floor":5,"turns":4},{"damage":10,"enemies":"Looter","floor":7,"turns":3},{"damage":3,"enemies":"3 Sentries","floor":10,"turns":8},{"damage":1,"enemies":"Exordium Wildlife","floor":13,"turns":3},{"damage":8,"enemies":"The Guardian","floor":16,"turns":10},{"damage":0,"enemies":"3 Byrds","floor":18,"turns":4},{"damage":8,"enemies":"2 Thieves","floor":20,"turns":4},{"damage":9,"enemies":"Cultist and Chosen","floor":21,"turns":6},{"damage":7,"enemies":"Snake Plant","floor":27,"turns":5},{"damage":3,"enemies":"Snecko","floor":28,"turns":7},{"damage":10,"enemies":"Sentry and Sphere","floor":30,"turns":6},{"damage":0,"enemies":"Snake Plant","floor":31,"turns":5},{"damage":14,"enemies":"Champ","floor":33,"turns":11},{"damage":17,"enemies":"3 Darklings","floor":35,"turns":7},{"damage":0,"enemies":"Orb Walker","floor":36,"turns":3},{"damage":11,"enemies":"Sphere and 2 Shapes","floor":37,"turns":4},{"damage":9,"enemies":"3 Darklings","floor":38,"turns":5},{"damage":10,"enemies":"Transient","floor":46,"turns":5},{"damage":9,"enemies":"Maw","floor":47,"turns":9},{"damage":13,"enemies":"Awakened One","floor":50,"turns":24}],"seed_played":"-8066885102108827007","potions_obtained":[{"floor":4,"key":"PowerPotion"},{"floor":7,"key":"LiquidBronze"},{"floor":10,"key":"Swift Potion"},{"floor":20,"key":"PowerPotion"},{"floor":28,"key":"EntropicBrew"},{"floor":31,"key":"Weak Potion"},{"floor":36,"key":"Regen Potion"},{"floor":37,"key":"Regen Potion"},{"floor":46,"key":"Dexterity Potion"}],"is_trial":false,"path_per_floor":["M","M","?","M","M","R","M","R","T","E","?","R","M","?","R","B",null,"M","?","M","M","?","R","$","R","T","M","M","?","M","M","R","B",null,"M","M","M","M","T","R","R","R","T","R","?","M","M","$","R","B",null],"character_chosen":"DEFECT","items_purchased":["HandDrill","Boot","Scrape","Chill"],"campfire_rested":4,"item_purchase_floors":[24,24,48,48],"current_hp_per_floor":[75,75,75,75,66,66,56,56,56,53,38,60,59,41,41,33,75,75,75,67,58,44,44,44,68,68,61,58,58,48,48,72,58,80,63,63,52,70,70,70,70,70,70,70,70,60,51,51,75,62],"gold":79,"neow_bonus":"RANDOM_COMMON_RELIC","is_prod":false,"is_daily":false,"chose_seed":false,"campfire_upgraded":8,"win_rate":0.0,"timestamp":1546321984,"path_taken":["M","?","?","M","M","R","M","R","T","E","?","R","M","?","R","BOSS","M","?","M","M","?","R","?","R","T","M","?","?","M","M","R","BOSS","M","M","M","M","?","R","R","R","T","R","?","M","M","$","R","BOSS"],"build_version":"2018-12-20","purchased_purges":2,"victory":true,"max_hp_per_floor":[75,75,75,75,75,75,75,75,75,75,75,75,75,75,75,75,75,75,75,75,75,80,80,80,80,80,80,80,80,80,80,80,80,80,80,80,80,80,80,80,80,80,80,80,80,80,80,80,80,80],"card_choices":[{"not_picked":["Undo","Steam Power"],"picked":"Coolheaded","floor":1},{"not_picked":["Rebound","Barrage"],"picked":"Redo","floor":2},{"not_picked":["Barrage","Stack"],"picked":"Coolheaded","floor":4},{"not_picked":["Coolheaded","Hello World"],"picked":"Gash","floor":5},{"not_picked":["Compile Driver","Coolheaded"],"picked":"Gash","floor":7},{"not_picked":["Creative AI","Darkness"],"picked":"Cold Snap","floor":10},{"not_picked":["Steam","Sweeping Beam"],"picked":"Defragment","floor":13},{"not_picked":["Buffer","Machine Learning"],"picked":"Multi-Cast","floor":16},{"not_picked":["Beam Cell+1"],"picked":"SKIP","floor":18},{"not_picked":[],"picked":"Hologram","floor":20},{"not_picked":["Beam Cell"],"picked":"SKIP","floor":21},{"not_picked":[],"picked":"Sweeping Beam","floor":27},{"not_picked":["Lockon"],"picked":"SKIP","floor":28},{"not_picked":["FTL"],"picked":"SKIP","floor":30},{"not_picked":["Hologram"],"picked":"SKIP","floor":31},{"not_picked":[],"picked":"Reboot","floor":33},{"not_picked":[],"picked":"Sweeping Beam","floor":35},{"not_picked":["Compile Driver"],"picked":"SKIP","floor":36},{"not_picked":["Loop"],"picked":"SKIP","floor":37},{"not_picked":["Reinforced Body+1"],"picked":"SKIP","floor":38},{"not_picked":[],"picked":"Consume+1","floor":46},{"not_picked":[],"picked":"Auto Shields+1","floor":47}],"player_experience":224858,"relics_obtained":[{"floor":9,"key":"Omamori"},{"floor":10,"key":"Mercury Hourglass"},{"floor":26,"key":"FossilizedHelix"},{"floor":34,"key":"Juzu Bracelet"},{"floor":34,"key":"Blue Candle"},{"floor":34,"key":"WingedGreaves"},{"floor":39,"key":"Lantern"},{"floor":43,"key":"Bottled Flame"}],"event_choices":[{"damage_healed":0,"gold_gain":0,"player_choice":"Ignored","damage_taken":0,"max_hp_gain":0,"max_hp_loss":0,"event_name":"Liars Game","floor":3,"gold_loss":0},{"damage_healed":0,"gold_gain":0,"player_choice":"Entered Light","damage_taken":15,"max_hp_gain":0,"max_hp_loss":0,"event_name":"Shining Light","floor":11,"gold_loss":0,"cards_upgraded":["Defend_B","Defend_B"]},{"damage_healed":0,"gold_gain":0,"player_choice":"Success","damage_taken":18,"relics_obtained":["Anchor"],"max_hp_gain":0,"max_hp_loss":0,"event_name":"Scrap Ooze","floor":14,"gold_loss":0},{"damage_healed":0,"gold_gain":0,"player_choice":"Read","damage_taken":0,"max_hp_gain":0,"max_hp_loss":0,"event_name":"The Library","floor":19,"gold_loss":0,"cards_obtained":["Rebound"]},{"damage_healed":0,"gold_gain":0,"player_choice":"Shed Blood","damage_taken":19,"max_hp_gain":5,"max_hp_loss":0,"event_name":"Forgotten Altar","floor":22,"gold_loss":0},{"cards_removed":["Rebound"],"damage_healed":0,"gold_gain":0,"player_choice":"Took Card","damage_taken":0,"max_hp_gain":0,"max_hp_loss":0,"event_name":"NoteForYourself","floor":29,"gold_loss":0,"cards_obtained":["Searing Blow"]},{"cards_removed":["Strike_B"],"damage_healed":0,"gold_gain":0,"player_choice":"Removed Attack","damage_taken":0,"max_hp_gain":0,"max_hp_loss":0,"event_name":"Falling","floor":45,"gold_loss":0}],"is_beta":false,"boss_relics":[{"not_picked":["Coffee Dripper","White Beast Statue"],"picked":"Busted Crown"},{"not_picked":["Fusion Hammer","Runic Pyramid"],"picked":"Calling Bell"}],"items_purged_floors":[24,48],"is_endless":false,"potions_floor_spawned":[4,7,10,20,28,31,36,37,46],"ascension_level":0}