{"gold_per_floor":[112,127,202,202,214,242,257,257,302,302,337,337,337,357,357,436,436,452,37,50,100,10,10,29,29,29,62,115,130,130,144,144,218,218,232,247,247,261,30,30,40,40,93,93,103,115,145,157,157,157],"floor_reached":50,"playtime":2530,"items_purged":["Strike_R","Strike_R"],"score":979,"play_id":"91ede7b7-ddc0-40d4-b5a7-3ff11627c82c","local_time":"20190313134342","is_ascension_mode":true,"campfire_choices":[{"floor":8,"key":"REST"},{"data":"Shockwave","floor":10,"key":"SMITH"},{"data":"Carnage","floor":13,"key":"SMITH"},{"data":"Whirlwind","floor":15,"key":"SMITH"},{"data":"Seeing Red","floor":23,"key":"SMITH"},{"data":"Exhume","floor":25,"key":"SMITH"},{"data":"Master of Strategy","floor":30,"key":"SMITH"},{"data":"Intimidate","floor":32,"key":"SMITH"},{"data":"Bash","floor":40,"key":"SMITH"},{"data":"Disarm","floor":42,"key":"SMITH"},{"data":"Disarm","floor":44,"key":"SMITH"},{"data":"Second Wind","floor":49,"key":"SMITH"}],"neow_cost":"NONE","seed_source_timestamp":548393605365564,"circlet_count":0,"master_deck":["AscendersBane","Strike_R","Strike_R","Strike_R","Defend_R","Defend_R","Defend_R","Defend_R","Bash+1","Seeing Red+1","Shockwave+1","Disarm+1","Carnage+1","Carnage+1","Iron Wave","Whirlwind+1","Exhume+1","Headbutt","Master of Strategy+1","Disarm+1","Feel No Pain+1","Intimidate+1","Fiend Fire+1","Havoc+1","Seeing Red","Second Wind+1"],"relics":["Burning Blood","The Courier","Bag of Preparation","Vajra","Eternal Feather","Dead Branch","Smiling Mask","Letter Opener","Lantern","Busted Crown","Orichalcum","Anchor","Meat on the Bone"],"potions_floor_usage":[6,6,7,16,16,33,33,47,47,50],"damage_taken":[{"damage":1,"enemies":"Cultist","floor":1,"turns":3},{"damage":5,"enemies":"2 Louse","floor":2,"turns":3},{"damage":6,"enemies":"Jaw Worm","floor":5,"turns":6},{"damage":35,"enemies":"3 Sentries","floor":6,"turns":8},{"damage":25,"enemies":"Gremlin Gang","floor":7,"turns":6},{"damage":16,"enemies":"Lagavulin","floor":11,"turns":5},{"damage":4,"enemies":"Exordium Wildlife","floor":14,"turns":3},{"damage":26,"enemies":"The Guardian","floor":16,"turns":9},{"damage":18,"enemies":"Shell Parasite","floor":18,"turns":4},{"damage":1,"enemies":"3 Byrds","floor":20,"turns":3},{"damage":21,"enemies":"Snake Plant","floor":24,"turns":4},{"damage":19,"enemies":"Slavers","floor":27,"turns":3},{"damage":3,"enemies":"Shelled Parasite and Fungi","floor":29,"turns":1},{"damage":0,"enemies":"Cultist and Chosen","floor":31,"turns":5},{"damage":54,"enemies":"Collector","floor":33,"turns":14},{"damage":0,"enemies":"3 Shapes","floor":35,"turns":7},{"damage":16,"enemies":"3 Darklings","floor":36,"turns":3},{"damage":9,"enemies":"Sphere and 2 Shapes","floor":38,"turns":3},{"damage":8,"enemies":"Jaw Worm Horde","floor":41,"turns":2},{"damage":0,"enemies":"3 Darklings","floor":45,"turns":2},{"damage":0,"enemies":"Maw","floor":46,"turns":6},{"damage":0,"enemies":"Reptomancer","floor":47,"turns":3},{"damage":22,"enemies":"Sphere and 2 Shapes","floor":48,"turns":4},{"damage":75,"enemies":"Time Eater","floor":50,"turns":11}],"seed_played":"-1412821865120959464","potions_obtained":[{"floor":2,"key":"EssenceOfSteel"},{"floor":4,"key":"EntropicBrew"},{"floor":4,"key":"Explosive Potion"},{"floor":6,"key":"FearPotion"},{"floor":11,"key":"SteroidPotion"},{"floor":20,"key":"SmokeBomb"},{"floor":24,"key":"Weak Potion"},{"floor":27,"key":"PowerPotion"},{"floor":36,"key":"SteroidPotion"},{"floor":48,"key":"SkillPotion"}],"is_trial":false,"path_per_floor":["M","M","?","?","M","E","M","R","T","R","E","?","R","M","R","B",null,"M","$","M","?","$","R","M","R","T","E","T","M","R","M","R","B",null,"M","M","?","M","$","R","M","R","T","R","M","M","E","M","R","B"],"character_chosen":"IRONCLAD","items_purchased":["Dead Branch","Master of Strategy","Disarm","Orichalcum","Strength Potion"],"campfire_rested":1,"item_purchase_floors":[19,19,22,39,39],"current_hp_per_floor":[73,74,63,63,63,34,22,44,44,44,34,34,34,36,36,16,60,48,48,53,53,53,65,50,62,62,49,49,52,64,70,75,27,63,69,59,59,56,56,68,66,75,75,75,75,75,75,59,74,0],"gold":157,"neow_bonus":"THREE_CARDS","is_prod":false,"is_daily":false,"chose_seed":false,"campfire_upgraded":11,"win_rate":0,"timestamp":1552452222,"path_taken":["M","M","?","?","?","E","M","R","T","R","E","?","R","M","R","BOSS","M","$","?","?","?","R","?","R","T","E","?","M","R","?","R","BOSS","M","M","?","?","$","R","M","R","T","R","M","M","E","M","R","BOSS"],"build_version":"2019-01-23","purchased_purges":2,"victory":false,"max_hp_per_floor":[75,75,75,75,75,75,75,75,75,75,75,75,75,75,75,75,75,75,75,75,75,75,75,75,75,75,75,75,75,75,75,75,75,75,75,75,75,75,75,75,75,75,75,75,75,75,75,75,75,75],"card_choices":[{"not_picked":["Perfected Strike","Evolve"],"picked":"Seeing Red","floor":0},{"not_picked":["Clothesline","Heavy Blade"],"picked":"Shockwave","floor":1},{"not_picked":["Flex","Second Wind"],"picked":"Disarm","floor":2},{"not_picked":["True Grit","Perfected Strike"],"picked":"Carnage","floor":5},{"not_picked":["Thunderclap","Wild Strike"],"picked":"Carnage","floor":6},{"not_picked":["Juggernaut","Flex","Twin Strike"],"picked":"SKIP","floor":7},{"not_picked":["Twin Strike","Armaments"],"picked":"Iron Wave","floor":11},{"not_picked":["Second Wind","Corruption"],"picked":"Whirlwind","floor":14},{"not_picked":["Offering","Berserk"],"picked":"Exhume","floor":16},{"not_picked":["Flex","Clash"],"picked":"Headbutt","floor":18},{"not_picked":["Burning Pact","Sentinel","Entrench"],"picked":"SKIP","floor":20},{"not_picked":["Disarm","Headbutt","Shockwave"],"picked":"SKIP","floor":24},{"not_picked":["Cleave","Iron Wave","Entrench"],"picked":"SKIP","floor":27},{"not_picked":["Sever Soul","Uppercut"],"picked":"Feel No Pain+1","floor":29},{"not_picked":["Warcry","Reckless Charge"],"picked":"Intimidate","floor":31},{"not_picked":["Double Tap","Immolate"],"picked":"Fiend Fire","floor":33},{"not_picked":["Armaments"],"picked":"SKIP","floor":35},{"not_picked":["Thunderclap"],"picked":"SKIP","floor":36},{"not_picked":["Havoc"],"picked":"SKIP","floor":38},{"not_picked":["Combust"],"picked":"SKIP","floor":41},{"not_picked":[],"picked":"Havoc+1","floor":45},{"not_picked":[],"picked":"Seeing Red","floor":46},{"not_picked":["Headbutt+1"],"picked":"SKIP","floor":47},{"not_picked":[],"picked":"Second Wind","floor":48}],"player_experience":690830,"relics_obtained":[{"floor":6,"key":"The Courier"},{"floor":9,"key":"Bag of Preparation"},{"floor":11,"key":"Vajra"},{"floor":26,"key":"Smiling Mask"},{"floor":27,"key":"Letter Opener"},{"floor":28,"key":"Lantern"},{"floor":43,"key":"Anchor"},{"floor":47,"key":"Meat on the Bone"}],"event_choices":[{"damage_healed":0,"gold_gain":75,"player_choice":"Gather Gold","damage_taken":11,"max_hp_gain":0,"max_hp_loss":0,"event_name":"World of Goop","floor":3,"gold_loss":0},{"damage_healed":0,"gold_gain":0,"player_choice":"Got Potions","damage_taken":0,"max_hp_gain":0,"max_hp_loss":0,"event_name":"Lab","floor":4,"gold_loss":0},{"damage_healed":0,"gold_gain":0,"player_choice":"Upgraded","damage_taken":0,"max_hp_gain":0,"max_hp_loss":0,"event_name":"Upgrade Shrine","floor":12,"gold_loss":0,"cards_upgraded":["Carnage"]},{"damage_healed":0,"gold_gain":50,"player_choice":"Pray","damage_taken":0,"max_hp_gain":0,"max_hp_loss":0,"event_name":"Golden Shrine","floor":21,"gold_loss":0},{"damage_healed":0,"gold_gain":0,"player_choice":"Upgraded","damage_taken":0,"max_hp_gain":0,"max_hp_loss":0,"event_name":"Upgrade Shrine","floor":37,"gold_loss":0,"cards_upgraded":["Fiend Fire"]}],"is_beta":false,"boss_relics":[{"not_picked":["Black Star","Lizard Tail"],"picked":"Eternal Feather"},{"not_picked":["Coffee Dripper","Velvet Choker"],"picked":"Busted Crown"}],"items_purged_floors":[22,39],"is_endless":false,"potions_floor_spawned":[2,6,11,20,24,27,29,36,41,45,46,48],"killed_by":"Time Eater","ascension_level":17}