{"gold_per_floor":[113,24,199,124,124,165,186,186,186,204,224,224,174,208,208,331,631,651,651],"floor_reached":19,"playtime":901,"items_purged":["Doubt"],"score":236,"play_id":"d74dea99-0fd4-40c9-9eb4-422faea2837a","local_time":"20190225230548","is_ascension_mode":true,"campfire_choices":[{"data":"Demon Form","floor":8.0,"key":"SMITH"},{"floor":12.0,"key":"REST"},{"data":"Barricade","floor":15.0,"key":"SMITH"}],"neow_cost":"NONE","seed_source_timestamp":786402099732581,"circlet_count":0,"master_deck":["Strike_R","Strike_R","Strike_R","Strike_R","Defend_R","Defend_R","Defend_R","Defend_R","Bash","Shockwave","Enlightenment","Demon Form+1","Dropkick","Barricade+1","Juggernaut","Parasite","Injury","Decay"],"special_seed":0,"relics":["Burning Blood","Oddly Smooth Stone","Golden Idol","Singing Bowl","Matryoshka","Potion Belt","Calling Bell","Red Skull","Paper Frog","Old Coin"],"potions_floor_usage":[19,19],"damage_taken":[{"damage":5.0,"enemies":"Jaw Worm","floor":1.0,"turns":4.0},{"damage":43.0,"enemies":"Gremlin Nob","floor":6.0,"turns":5.0},{"damage":0.0,"enemies":"Small Slimes","floor":7.0,"turns":2.0},{"damage":6.0,"enemies":"Cultist","floor":10.0,"turns":4.0},{"damage":4.0,"enemies":"Blue Slaver","floor":11.0,"turns":5.0},{"damage":29.0,"enemies":"Lagavulin","floor":14.0,"turns":4.0},{"damage":17.0,"enemies":"The Guardian","floor":16.0,"turns":7.0},{"damage":48.0,"enemies":"Spheric Guardian","floor":18.0,"turns":6.0},{"damage":29,"enemies":"3 Byrds","floor":19,"turns":7}],"seed_played":"-5577964145747092037","potions_obtained":[{"floor":1.0,"key":"Explosive Potion"},{"floor":7.0,"key":"AttackPotion"},{"floor":14.0,"key":"Fire Potion"},{"floor":16.0,"key":"PowerPotion"},{"floor":18.0,"key":"EssenceOfSteel"}],"is_trial":false,"path_per_floor":["M","$","?","$","?","E","M","R","T","M","M","R","?","E","R","B",null,"M","M"],"character_chosen":"IRONCLAD","items_purchased":["Enlightenment"],"campfire_rested":1,"item_purchase_floors":[2],"current_hp_per_floor":[73,73,73,73,53,16,22,22,22,24,28,53,53,30,30,19,68,28,0],"gold":651,"neow_bonus":"RANDOM_COMMON_RELIC","is_prod":false,"is_daily":false,"chose_seed":false,"campfire_upgraded":2,"win_rate":0,"timestamp":1551103548,"path_taken":["M","$","?","$","?","E","M","R","T","?","M","R","?","E","R","BOSS","M","M"],"build_version":"2019-01-23","purchased_purges":1,"victory":false,"max_hp_per_floor":[80,80,80,80,80,80,80,80,80,82,84,84,84,84,84,84,84,86,86],"card_choices":[{"not_picked":["True Grit","Sword Boomerang"],"picked":"Shockwave","floor":1.0},{"not_picked":["Hemokinesis","Warcry"],"picked":"Demon Form","floor":6.0},{"not_picked":["Twin Strike","Wild Strike"],"picked":"Dropkick","floor":7.0},{"not_picked":["Shockwave","Pommel Strike","Havoc"],"picked":"Singing Bowl","floor":10.0},{"not_picked":["Headbutt","Rampage","Shockwave"],"picked":"Singing Bowl","floor":11.0},{"not_picked":["Entrench","Armaments"],"picked":"Barricade","floor":14.0},{"not_picked":["Demon Form","Impervious"],"picked":"Juggernaut","floor":16.0},{"not_picked":["Shrug It Off","True Grit","Sword Boomerang+1"],"picked":"Singing Bowl","floor":18.0}],"player_experience":190038,"relics_obtained":[{"floor":6.0,"key":"Singing Bowl"},{"floor":9.0,"key":"Matryoshka"},{"floor":14.0,"key":"Potion Belt"},{"floor":17.0,"key":"Red Skull"},{"floor":17.0,"key":"Paper Frog"},{"floor":17.0,"key":"Old Coin"}],"event_choices":[{"damage_healed":0.0,"max_hp_gain":0.0,"max_hp_loss":0.0,"gold_gain":175.0,"event_name":"Liars Game","player_choice":"AGREE","floor":3.0,"gold_loss":0.0,"damage_taken":0.0,"cards_obtained":["Doubt"]},{"damage_healed":0.0,"max_hp_gain":0.0,"max_hp_loss":0.0,"gold_gain":0.0,"event_name":"Golden Idol","player_choice":"Take Damage","floor":5.0,"gold_loss":0.0,"damage_taken":20.0,"relics_obtained":["Golden Idol"]},{"cards_removed":["Strike_R"],"damage_healed":0.0,"max_hp_gain":0.0,"max_hp_loss":0.0,"gold_gain":0.0,"event_name":"The Cleric","player_choice":"Card Removal","floor":13.0,"gold_loss":50.0,"damage_taken":0.0}],"is_beta":false,"boss_relics":[{"not_picked":["Pandora\u0027s Box","Eternal Feather"],"picked":"Calling Bell"}],"items_purged_floors":[4],"is_endless":false,"potions_floor_spawned":[1,7,14,16,18],"killed_by":"3 Byrds","ascension_level":7}