{"gold_per_floor":[113,126,145,156,167,194,213,242,242,242,242,276,291,304,304,381,381,393,308,323,323,3,3,3,3,3,3,3,38,54,71,71,71],"floor_reached":33,"playtime":1165,"items_purged":["Strike_R"],"score":578,"play_id":"60a13651-7fea-4537-84f3-b81cebe0d281","local_time":"20190217015808","is_ascension_mode":true,"campfire_choices":[{"floor":10.0,"key":"REST"},{"data":"Inflame","floor":15.0,"key":"SMITH"},{"floor":23,"key":"REST"},{"data":"Dual Wield","floor":25,"key":"SMITH"},{"floor":27,"key":"REST"},{"floor":32,"key":"REST"}],"neow_cost":"PERCENT_DAMAGE","seed_source_timestamp":0,"circlet_count":0,"master_deck":["AscendersBane","Strike_R","Strike_R","Strike_R","Defend_R+1","Defend_R","Defend_R","Defend_R","Bash","Anger","Blood for Blood","Wild Strike","Infernal Blade+1","Dual Wield+1","Disarm","Inflame+1","Disarm","Pummel","Immolate","Havoc+1","Twin Strike+1","Feel No Pain","Warcry","Flash of Steel","Sword Boomerang","Pummel"],"special_seed":0,"relics":["Burning Blood","Bag of Marbles","Potion Belt","Gambling Chip","War Paint","Mark of Pain","Self Forming Clay","Centennial Puzzle","Unceasing Top"],"potions_floor_usage":[20,33,33],"damage_taken":[{"damage":4.0,"enemies":"2 Louse","floor":1.0,"turns":4.0},{"damage":1.0,"enemies":"Cultist","floor":2.0,"turns":3.0},{"damage":7.0,"enemies":"Jaw Worm","floor":3.0,"turns":4.0},{"damage":14.0,"enemies":"Large Slime","floor":4.0,"turns":6.0},{"damage":17.0,"enemies":"3 Louse","floor":5.0,"turns":3.0},{"damage":8.0,"enemies":"Gremlin Nob","floor":6.0,"turns":3.0},{"damage":6.0,"enemies":"Looter","floor":7.0,"turns":2.0},{"damage":20.0,"enemies":"3 Sentries","floor":8.0,"turns":5.0},{"damage":18.0,"enemies":"Lagavulin","floor":12.0,"turns":3.0},{"damage":0.0,"enemies":"Blue Slaver","floor":13.0,"turns":2.0},{"damage":0.0,"enemies":"3 Louse","floor":14.0,"turns":1.0},{"damage":36.0,"enemies":"The Guardian","floor":16.0,"turns":14.0},{"damage":35,"enemies":"Spheric Guardian","floor":18,"turns":5},{"damage":14,"enemies":"Shell Parasite","floor":20,"turns":4},{"damage":16,"enemies":"Book of Stabbing","floor":29,"turns":4},{"damage":28,"enemies":"Shelled Parasite and Fungi","floor":30,"turns":3},{"damage":10,"enemies":"Centurion and Healer","floor":31,"turns":4},{"damage":76,"enemies":"Collector","floor":33,"turns":8}],"seed_played":"4895694635631423697","potions_obtained":[{"floor":4.0,"key":"Weak Potion"},{"floor":5.0,"key":"Poison Potion"},{"floor":6.0,"key":"Swift Potion"},{"floor":7.0,"key":"Strength Potion"},{"floor":16.0,"key":"FearPotion"},{"floor":18,"key":"SteroidPotion"},{"floor":29,"key":"PowerPotion"}],"is_trial":false,"path_per_floor":["M","M","M","M","M","E","M","E","T","R","?","E","M","M","R","B",null,"M","?","M","?","$","R","?","R","T","R","T","E","M","M","R","B"],"character_chosen":"IRONCLAD","items_purchased":["Feel No Pain","Warcry","Flash of Steel"],"campfire_rested":4,"item_purchase_floors":[22,22,22],"current_hp_per_floor":[66,71,70,62,51,49,49,35,35,61,61,49,55,61,61,31,75,46,46,38,12,12,40,40,40,40,68,68,58,36,32,60,0],"gold":71,"neow_bonus":"TWENTY_PERCENT_HP_BONUS","is_prod":false,"is_daily":false,"chose_seed":false,"campfire_upgraded":2,"win_rate":0,"timestamp":1550336288,"path_taken":["M","M","M","M","M","E","M","E","T","R","?","E","?","M","R","BOSS","M","?","M","?","$","R","?","R","T","R","?","E","?","M","R","BOSS"],"build_version":"2019-01-23","purchased_purges":1,"victory":false,"max_hp_per_floor":[89,89,89,89,89,89,89,89,89,89,89,89,89,89,89,89,89,89,89,89,94,94,94,94,94,94,94,94,94,94,94,94,94],"card_choices":[{"not_picked":["Wild Strike","Combust"],"picked":"Anger","floor":1.0},{"not_picked":["Flex","Rupture"],"picked":"Blood for Blood","floor":2.0},{"not_picked":["Havoc","Perfected Strike"],"picked":"Wild Strike","floor":3.0},{"not_picked":["Wild Strike","True Grit"],"picked":"Infernal Blade","floor":4.0},{"not_picked":["Perfected Strike","Burning Pact"],"picked":"Dual Wield","floor":5.0},{"not_picked":["Anger","Wild Strike","Pommel Strike"],"picked":"SKIP","floor":6.0},{"not_picked":["Sword Boomerang","Fire Breathing","Sever Soul"],"picked":"SKIP","floor":7.0},{"not_picked":["Seeing Red","Sword Boomerang"],"picked":"Disarm","floor":8.0},{"not_picked":["Second Wind","Clash"],"picked":"Inflame","floor":12.0},{"not_picked":["Body Slam","Fire Breathing"],"picked":"Disarm","floor":13.0},{"not_picked":["Second Wind","Pommel Strike"],"picked":"Pummel","floor":14.0},{"not_picked":["Exhume","Limit Break"],"picked":"Immolate","floor":16.0},{"not_picked":["Blood for Blood","Cleave"],"picked":"Havoc+1","floor":18},{"not_picked":["Body Slam+1","Dual Wield"],"picked":"Twin Strike+1","floor":20},{"not_picked":["Heavy Blade","Clash"],"picked":"Sword Boomerang","floor":29},{"not_picked":["Body Slam","Wild Strike","Perfected Strike"],"picked":"SKIP","floor":30},{"not_picked":["Thunderclap+1","Twin Strike"],"picked":"Pummel","floor":31}],"player_experience":4311967,"relics_obtained":[{"floor":6.0,"key":"Bag of Marbles"},{"floor":8.0,"key":"Potion Belt"},{"floor":9.0,"key":"Gambling Chip"},{"floor":12.0,"key":"War Paint"},{"floor":26,"key":"Centennial Puzzle"},{"floor":29,"key":"Unceasing Top"}],"event_choices":[{"cards_removed":["Strike_R"],"damage_healed":0.0,"max_hp_gain":0.0,"max_hp_loss":0.0,"gold_gain":0.0,"event_name":"Purifier","player_choice":"Purged","floor":11.0,"gold_loss":0.0,"damage_taken":0.0},{"damage_healed":0,"gold_gain":0,"player_choice":"Obtained Relic","damage_taken":0,"relics_obtained":["Self Forming Clay"],"max_hp_gain":0,"max_hp_loss":0,"event_name":"Addict","floor":19,"gold_loss":85},{"damage_healed":0,"gold_gain":0,"player_choice":"Shed Blood","damage_taken":31,"max_hp_gain":5,"max_hp_loss":0,"event_name":"Forgotten Altar","floor":21,"gold_loss":0},{"damage_healed":0,"gold_gain":0,"player_choice":"Ignored","damage_taken":0,"max_hp_gain":0,"max_hp_loss":0,"event_name":"The Mausoleum","floor":24,"gold_loss":0}],"is_beta":false,"boss_relics":[{"not_picked":["Runic Pyramid","Tiny House"],"picked":"Mark of Pain"}],"items_purged_floors":[22],"is_endless":false,"potions_floor_spawned":[4,5,6,7,16,18,29],"killed_by":"Collector","ascension_level":20}