{"gold_per_floor":[111,111,111,36,36,36,63,11,11,11,40,40,40,54,54,131,131,148,60,76,76,89,89,120,132,144,156,201,213,225,252,264,350,362,391,420,532,39,39,39,66,66,89,89,89,108,68,78,78,78,78],"floor_reached":52,"playtime":1187,"items_purged":["Strike_B","Defend_B"],"score":1900,"play_id":"fefa66e0-c9de-4f8d-8500-760f87215fd1","local_time":"20190318030203","is_ascension_mode":true,"campfire_choices":[{"data":"Dualcast","floor":6.0,"key":"SMITH"},{"data":"Beam Cell","floor":12.0,"key":"SMITH"},{"data":"Zap","floor":15.0,"key":"SMITH"},{"floor":23.0,"key":"REST"},{"floor":27.0,"key":"REST"},{"floor":30.0,"key":"REST"},{"floor":32.0,"key":"REST"},{"floor":40.0,"key":"REST"},{"floor":42.0,"key":"REST"},{"floor":45.0,"key":"REST"},{"floor":49.0,"key":"REST"}],"neow_cost":"NONE","seed_source_timestamp":356107851836200,"circlet_count":0,"master_deck":["AscendersBane","Strike_B+1","Strike_B","Defend_B","Defend_B","Defend_B","Zap+1","Dualcast+1","Gash","Core Surge+1","Gash","Beam Cell+1","Electrodynamics+1","Machine Learning","Recycle","Capacitor+1","Gash","Reinforced Body+1","Steam+1","Conserve Battery+1","BootSequence+1","Injury","Coolheaded+1","Chaos+1"],"special_seed":0,"relics":["Cracked Core","NeowsBlessing","Singing Bowl","Whetstone","Oddly Smooth Stone","Cursed Key","MawBank","Red Mask","Nuclear Battery","Pocketwatch","Toxic Egg 2","Pantograph","DataDisk"],"potions_floor_usage":[50,51],"damage_taken":[{"damage":0.0,"enemies":"2 Louse","floor":1.0,"turns":1.0},{"damage":0.0,"enemies":"3 Sentries","floor":7.0,"turns":1.0},{"damage":0.0,"enemies":"Gremlin Nob","floor":11.0,"turns":1.0},{"damage":0.0,"enemies":"Jaw Worm","floor":14.0,"turns":2.0},{"damage":6.0,"enemies":"Slime Boss","floor":16.0,"turns":6.0},{"damage":0.0,"enemies":"Chosen","floor":18.0,"turns":3.0},{"damage":12.0,"enemies":"3 Byrds","floor":20.0,"turns":2.0},{"damage":37.0,"enemies":"Sentry and Sphere","floor":22.0,"turns":6.0},{"damage":44.0,"enemies":"Slavers","floor":24.0,"turns":3.0},{"damage":30.0,"enemies":"Masked Bandits","floor":28.0,"turns":3.0},{"damage":28.0,"enemies":"3 Cultists","floor":31.0,"turns":4.0},{"damage":10.0,"enemies":"Automaton","floor":33.0,"turns":8.0},{"damage":10.0,"enemies":"Orb Walker","floor":35.0,"turns":3.0},{"damage":11.0,"enemies":"3 Shapes","floor":36.0,"turns":5.0},{"damage":38.0,"enemies":"Mind Bloom Boss Battle","floor":37.0,"turns":9.0},{"damage":42.0,"enemies":"Giant Head","floor":41.0,"turns":8.0},{"damage":19.0,"enemies":"Jaw Worm Horde","floor":46.0,"turns":4.0},{"damage":2.0,"enemies":"Transient","floor":48.0,"turns":6.0},{"damage":60,"enemies":"Donu and Deca","floor":50,"turns":14},{"damage":15,"enemies":"Time Eater","floor":51,"turns":14}],"seed_played":"-7443246810145909402","potions_obtained":[{"floor":16.0,"key":"GamblersBrew"},{"floor":22.0,"key":"Dexterity Potion"},{"floor":24.0,"key":"FocusPotion"},{"floor":36.0,"key":"EntropicBrew"},{"floor":41.0,"key":"FocusPotion"},{"floor":47.0,"key":"FocusPotion"}],"is_trial":false,"path_per_floor":["M","?","T","$","?","R","E","$","T","$","E","R","?","M","R","B",null,"M","$","M","T","M","R","E","?","T","R","?","$","R","M","R","B",null,"M","M","?","$","?","R","E","R","T","?","R","M","?","M","R","B","B",null],"character_chosen":"DEFECT","items_purchased":["Beam Cell","Recycle","Toxic Egg 2","Conserve Battery+1","BootSequence+1"],"campfire_rested":8,"item_purchase_floors":[8,19,38,38,38],"current_hp_per_floor":[64,64,64,64,69,69,69,69,69,69,69,69,69,71,71,65,75,77,77,67,67,30,54,12,29,29,54,24,24,49,21,46,38,74,66,55,19,19,19,46,6,33,33,35,63,44,44,42,70,34,44],"gold":78,"neow_bonus":"THREE_ENEMY_KILL","is_prod":false,"is_daily":false,"chose_seed":false,"campfire_upgraded":3,"win_rate":0,"timestamp":1552845723,"path_taken":["M","?","?","$","?","R","E","?","T","$","E","R","?","M","R","BOSS","M","$","M","?","M","R","E","?","T","R","?","?","R","M","R","BOSS","M","?","?","$","?","R","E","R","T","?","R","M","?","?","R","BOSS","BOSS"],"build_version":"2019-01-23","purchased_purges":2,"victory":true,"max_hp_per_floor":[71,71,71,71,76,76,76,76,76,76,76,76,76,78,78,78,78,80,80,82,82,82,82,84,84,84,84,84,84,84,84,84,86,86,88,88,90,90,90,90,92,92,92,94,94,94,94,94,94,94,94],"card_choices":[{"not_picked":["Leap","Sunder"],"picked":"Gash","floor":1.0},{"not_picked":["Consume","Amplify"],"picked":"Gash","floor":7.0},{"not_picked":["Stack","Go for the Eyes"],"picked":"Electrodynamics","floor":11.0},{"not_picked":["Doom and Gloom","Storm","Tempest"],"picked":"Singing Bowl","floor":14.0},{"not_picked":["Reboot","Echo Form"],"picked":"Machine Learning","floor":16.0},{"not_picked":["Blizzard","Rebound","Redo"],"picked":"Singing Bowl","floor":18.0},{"not_picked":["Reprogram","Double Energy","Streamline"],"picked":"Singing Bowl","floor":20.0},{"not_picked":["Auto Shields","Hologram"],"picked":"Capacitor+1","floor":22.0},{"not_picked":["Compile Driver","Static Discharge","Stack"],"picked":"Singing Bowl","floor":24.0},{"not_picked":["Aggregate","Biased Cognition"],"picked":"Gash","floor":28.0},{"not_picked":["Melter","Defragment+1"],"picked":"Reinforced Body+1","floor":31.0},{"not_picked":["Core Surge","Multi-Cast","Echo Form"],"picked":"Singing Bowl","floor":33.0},{"not_picked":["Blizzard","Steam+1","Barrage"],"picked":"Singing Bowl","floor":35.0},{"not_picked":["Compile Driver","Hologram"],"picked":"Steam+1","floor":36.0},{"not_picked":["Barrage","Ball Lightning+1","White Noise"],"picked":"Singing Bowl","floor":37.0},{"not_picked":["Blizzard","Cold Snap","Leap+1"],"picked":"Singing Bowl","floor":41.0},{"not_picked":["Magnetism","The Bomb+1","Good Instincts+1"],"picked":"Singing Bowl","floor":44.0},{"not_picked":["Leap+1","Ball Lightning+1"],"picked":"Coolheaded+1","floor":46.0},{"not_picked":["Scrape","Rebound"],"picked":"Chaos+1","floor":48.0}],"player_experience":4560318,"relics_obtained":[{"floor":7.0,"key":"Singing Bowl"},{"floor":9.0,"key":"Whetstone"},{"floor":11.0,"key":"Oddly Smooth Stone"},{"floor":24.0,"key":"MawBank"},{"floor":28.0,"key":"Red Mask"},{"floor":37.0,"key":"Pocketwatch"},{"floor":41.0,"key":"Pantograph"},{"floor":43.0,"key":"DataDisk"}],"event_choices":[{"damage_healed":0.0,"max_hp_gain":0.0,"max_hp_loss":0.0,"gold_gain":0.0,"cards_transformed":["Strike_B"],"event_name":"Living Wall","player_choice":"Change","floor":2.0,"gold_loss":0.0,"damage_taken":0.0,"cards_obtained":["Core Surge"]},{"damage_healed":0.0,"max_hp_gain":5.0,"max_hp_loss":0.0,"gold_gain":0.0,"event_name":"Big Fish","player_choice":"Donut","floor":5.0,"gold_loss":0.0,"damage_taken":0.0},{"damage_healed":0.0,"max_hp_gain":0.0,"max_hp_loss":0.0,"gold_gain":0.0,"event_name":"Upgrade Shrine","player_choice":"Upgraded","floor":13.0,"gold_loss":0.0,"damage_taken":0.0,"cards_upgraded":["Electrodynamics"]},{"damage_healed":17.0,"max_hp_gain":0.0,"max_hp_loss":0.0,"gold_gain":0.0,"event_name":"The Library","player_choice":"Heal","floor":25.0,"gold_loss":0.0,"damage_taken":0.0},{"damage_healed":0.0,"max_hp_gain":0.0,"max_hp_loss":0.0,"gold_gain":0.0,"event_name":"Masked Bandits","player_choice":"Fought Bandits","floor":28.0,"gold_loss":0.0,"damage_taken":0.0},{"damage_healed":0.0,"max_hp_gain":0.0,"max_hp_loss":0.0,"gold_gain":0.0,"event_name":"MindBloom","player_choice":"Fight","floor":37.0,"gold_loss":0.0,"damage_taken":0.0},{"damage_healed":0.0,"max_hp_gain":0.0,"max_hp_loss":0.0,"gold_gain":0.0,"event_name":"Mysterious Sphere","player_choice":"Ignored","floor":39.0,"gold_loss":0.0,"damage_taken":0.0},{"damage_healed":0.0,"max_hp_gain":0.0,"max_hp_loss":0.0,"gold_gain":0.0,"event_name":"SensoryStone","player_choice":"Memory 1","floor":44.0,"gold_loss":0.0,"damage_taken":0.0},{"damage_healed":0.0,"max_hp_gain":0.0,"max_hp_loss":0.0,"gold_gain":0.0,"event_name":"The Woman in Blue","player_choice":"Bought 3 Potions","floor":47.0,"gold_loss":0.0,"damage_taken":0.0}],"is_beta":false,"boss_relics":[{"not_picked":["Runic Dome","Calling Bell"],"picked":"Cursed Key"},{"not_picked":["Philosopher\u0027s Stone","Lizard Tail"],"picked":"Nuclear Battery"}],"items_purged_floors":[4,38],"is_endless":false,"potions_floor_spawned":[16,22,24,36,37,41,48],"ascension_level":20}