{"gold_per_floor":[114,114,114,125,125,125,125,125,125,145,145,162,173,189,189,292,292,306,231,250,250,32,64,64,74,121,135,35,66,66,166,166,268,318,335,349,150,161,173,173,201,216,241,253,253,267,300,400,400,400],"floor_reached":51,"playtime":1317,"items_purged":["Cold Snap","Glacier"],"score":864,"play_id":"ae7e9cbe-0c1f-496c-a919-8f8b4519b859","local_time":"20190103023958","daily_mods":["SealedDeck"],"is_ascension_mode":false,"campfire_choices":[{"data":"Defragment","floor":6,"key":"SMITH"},{"data":"Beam Cell","floor":11,"key":"SMITH"},{"data":"Beam Cell","floor":15,"key":"SMITH"},{"data":"Cold Snap","floor":24,"key":"SMITH"},{"data":"Ball Lightning","floor":30,"key":"SMITH"},{"data":"BootSequence","floor":32,"key":"SMITH"},{"data":"Blizzard","floor":40,"key":"SMITH"},{"data":"Gash","floor":49,"key":"SMITH"}],"neow_cost":"","seed_source_timestamp":85410239201578,"circlet_count":0,"master_deck":["Ball Lightning+1","BootSequence+1","Beam Cell+1","Beam Cell+1","Cold Snap+1","Glacier+1","Cold Snap+1","Defragment+1","Redo+1","Reboot+1","Reboot+1","Blizzard+1","Coolheaded+1","Dark Shackles+1","Finesse+1","Gash+1","Darkness+1"],"relics":["Cracked Core","Prayer Wheel","Pear","Matryoshka","Bag of Preparation","Toxic Egg 2","Coffee Dripper","Pen Nib","Blue Candle","Oddly Smooth Stone","Centennial Puzzle","Potion Belt","Tiny House","Membership Card","Cables","Blood Vial","Regal Pillow","Dead Branch"],"potions_floor_usage":[16,16,16,23,42,50],"damage_taken":[{"damage":0,"enemies":"Small Slimes","floor":1,"turns":2},{"damage":0,"enemies":"2 Louse","floor":4,"turns":2},{"damage":0,"enemies":"Jaw Worm","floor":10,"turns":2},{"damage":0,"enemies":"Large Slime","floor":12,"turns":3},{"damage":0,"enemies":"Lots of Slimes","floor":13,"turns":3},{"damage":3,"enemies":"Gremlin Gang","floor":14,"turns":4},{"damage":0,"enemies":"Hexaghost","floor":16,"turns":6},{"damage":0,"enemies":"Shell Parasite","floor":18,"turns":3},{"damage":0,"enemies":"Spheric Guardian","floor":20,"turns":4},{"damage":3,"enemies":"Book of Stabbing","floor":23,"turns":4},{"damage":0,"enemies":"Snecko","floor":25,"turns":4},{"damage":5,"enemies":"Snake Plant","floor":27,"turns":2},{"damage":2,"enemies":"Gremlin Leader","floor":29,"turns":5},{"damage":22,"enemies":"Automaton","floor":33,"turns":9},{"damage":0,"enemies":"3 Darklings","floor":35,"turns":3},{"damage":0,"enemies":"Orb Walker","floor":36,"turns":2},{"damage":0,"enemies":"Spire Growth","floor":38,"turns":2},{"damage":0,"enemies":"Transient","floor":39,"turns":5},{"damage":5,"enemies":"Nemesis","floor":41,"turns":5},{"damage":0,"enemies":"Writhing Mass","floor":42,"turns":3},{"damage":0,"enemies":"Maw","floor":44,"turns":5},{"damage":0,"enemies":"Transient","floor":46,"turns":5},{"damage":0,"enemies":"Giant Head","floor":47,"turns":6},{"damage":0,"enemies":"Mind Bloom Boss Battle","floor":48,"turns":5},{"damage":14,"enemies":"Awakened One","floor":50,"turns":14}],"seed_played":"2279595766528856373","potions_obtained":[{"floor":1,"key":"Energy Potion"},{"floor":4,"key":"LiquidBronze"},{"floor":14,"key":"SteroidPotion"},{"floor":16,"key":"Energy Potion"},{"floor":20,"key":"FearPotion"},{"floor":33,"key":"Dexterity Potion"},{"floor":34,"key":"LiquidBronze"},{"floor":36,"key":"EssenceOfSteel"},{"floor":41,"key":"SmokeBomb"},{"floor":42,"key":"SkillPotion"},{"floor":47,"key":"PowerPotion"}],"is_trial":true,"path_per_floor":["M","?","?","M","?","R","T","T","T","M","R","M","M","M","R","B",null,"M","?","M","?","$","E","R","M","T","M","$","E","R","?","R","B",null,"M","M","$","M","M","R","E","M","T","M","?","M","E","?","R","B",null],"character_chosen":"DEFECT","items_purchased":["Pen Nib","Membership Card"],"campfire_rested":0,"item_purchase_floors":[22,37],"current_hp_per_floor":[75,60,42,42,47,47,57,57,57,57,57,57,57,54,54,54,90,90,90,90,90,90,87,87,87,87,82,82,80,80,80,80,58,95,95,95,95,95,95,95,90,90,90,92,82,84,86,88,88,76],"gold":400,"neow_bonus":"","is_prod":false,"is_daily":false,"chose_seed":false,"campfire_upgraded":8,"win_rate":0,"timestamp":1546450798,"path_taken":["M","?","?","M","?","R","?","?","T","M","R","M","M","M","R","BOSS","M","?","M","?","$","E","R","M","T","M","$","E","R","?","R","BOSS","M","M","$","?","M","R","E","?","T","?","?","M","E","?","R","BOSS"],"build_version":"2018-12-20","purchased_purges":2,"victory":true,"max_hp_per_floor":[75,75,75,75,80,80,90,90,90,90,90,90,90,90,90,90,90,90,90,90,90,90,90,90,90,90,90,90,90,90,90,90,90,95,95,95,95,95,95,95,95,95,95,95,95,95,95,95,95,95],"card_choices":[{"not_picked":["Hello World","Heatsinks"],"picked":"Cold Snap","floor":1},{"not_picked":["Redo","Beam Cell"],"picked":"Defragment","floor":4},{"not_picked":["Compile Driver","Chaos","Genetic Algorithm"],"picked":"SKIP","floor":4},{"not_picked":["Barrage","Compile Driver","Creative AI"],"picked":"SKIP","floor":10},{"not_picked":["Gash","Redo+1","Ball Lightning"],"picked":"SKIP","floor":10},{"not_picked":["Gash","Ball Lightning"],"picked":"Redo+1","floor":10},{"not_picked":["Barrage","Compile Driver","Creative AI"],"picked":"SKIP","floor":10},{"not_picked":["Gash","Compile Driver","Genetic Algorithm+1"],"picked":"SKIP","floor":12},{"not_picked":["Stack+1","Sweeping Beam","Go for the Eyes"],"picked":"SKIP","floor":12},{"not_picked":["Stack+1","Go for the Eyes","Chaos+1"],"picked":"SKIP","floor":13},{"not_picked":["Auto Shields+1","Barrage","FTL"],"picked":"SKIP","floor":13},{"not_picked":["Cold Snap","Steam+1","Thunder Strike"],"picked":"SKIP","floor":14},{"not_picked":["Hello World","Rebound","Hologram+1"],"picked":"SKIP","floor":14},{"not_picked":["Steam+1","Leap+1","FTL"],"picked":"SKIP","floor":18},{"not_picked":["Static Discharge+1","Redo+1","Conserve Battery+1"],"picked":"SKIP","floor":18},{"not_picked":["Auto Shields+1","Stack+1","Rip and Tear"],"picked":"SKIP","floor":20},{"not_picked":["Lockon","Compile Driver","Rebound"],"picked":"SKIP","floor":20},{"not_picked":["Scrape","Compile Driver+1"],"picked":"Reboot+1","floor":23},{"not_picked":["Steam Power+1","Streamline","Compile Driver"],"picked":"SKIP","floor":25},{"not_picked":["Stack+1","Compile Driver","Go for the Eyes"],"picked":"SKIP","floor":25},{"not_picked":["Ball Lightning","Force Field+1","Scrape"],"picked":"SKIP","floor":27},{"not_picked":["Reprogram+1","Streamline+1","Cold Snap"],"picked":"SKIP","floor":27},{"not_picked":["Streamline","Stack+1","Chaos+1"],"picked":"SKIP","floor":29},{"not_picked":["Seek+1","Rainbow+1"],"picked":"Reboot+1","floor":33},{"not_picked":["Turbo+1","Leap+1","Glacier+1"],"picked":"SKIP","floor":35},{"not_picked":["Sweeping Beam","Hologram+1","Rip and Tear+1"],"picked":"SKIP","floor":35},{"not_picked":["Turbo+1","Static Discharge+1","Hologram+1"],"picked":"SKIP","floor":36},{"not_picked":["Conserve Battery+1","Streamline+1","Genetic Algorithm+1"],"picked":"SKIP","floor":36},{"not_picked":["Stack+1","Chaos+1"],"picked":"Blizzard","floor":38},{"not_picked":["Cold Snap","Conserve Battery+1","Turbo+1"],"picked":"SKIP","floor":38},{"not_picked":["Rebound","White Noise+1","Conserve Battery+1"],"picked":"SKIP","floor":39},{"not_picked":["Undo+1","Rip and Tear","Hello World"],"picked":"SKIP","floor":39},{"not_picked":["Turbo+1","FTL+1","Amplify+1"],"picked":"SKIP","floor":41},{"not_picked":["Ball Lightning","Skim+1"],"picked":"Coolheaded+1","floor":42},{"not_picked":["Ball Lightning","Barrage+1","Hologram+1"],"picked":"SKIP","floor":42},{"not_picked":["Sweeping Beam+1","Hologram+1","Auto Shields+1"],"picked":"SKIP","floor":44},{"not_picked":["Creative AI","Reinforced Body+1","Turbo+1"],"picked":"SKIP","floor":44},{"not_picked":["Trip+1","Discovery+1"],"picked":"Dark Shackles+1","floor":45},{"not_picked":["The Bomb+1","Flash of Steel"],"picked":"Finesse+1","floor":45},{"not_picked":["Conserve Battery+1","Go for the Eyes"],"picked":"Gash","floor":46},{"not_picked":["Self Repair+1","Compile Driver+1","Turbo+1"],"picked":"SKIP","floor":46},{"not_picked":["Lockon+1","Sweeping Beam+1","Creative AI"],"picked":"SKIP","floor":47},{"not_picked":["Rebound+1","Hello World+1"],"picked":"Darkness+1","floor":48}],"player_experience":3982363,"relics_obtained":[{"floor":7,"key":"Pear"},{"floor":8,"key":"Matryoshka"},{"floor":9,"key":"Bag of Preparation"},{"floor":9,"key":"Toxic Egg 2"},{"floor":23,"key":"Blue Candle"},{"floor":26,"key":"Oddly Smooth Stone"},{"floor":26,"key":"Centennial Puzzle"},{"floor":29,"key":"Potion Belt"},{"floor":41,"key":"Cables"},{"floor":43,"key":"Blood Vial"},{"floor":47,"key":"Regal Pillow"},{"floor":48,"key":"Dead Branch"}],"event_choices":[{"damage_healed":0,"gold_gain":0,"player_choice":"Entered Light","damage_taken":15,"max_hp_gain":0,"max_hp_loss":0,"event_name":"Shining Light","floor":2,"gold_loss":0,"cards_upgraded":["Glacier","Cold Snap"]},{"damage_healed":0,"gold_gain":0,"player_choice":"Success","damage_taken":18,"relics_obtained":["Prayer Wheel"],"max_hp_gain":0,"max_hp_loss":0,"event_name":"Scrap Ooze","floor":3,"gold_loss":0},{"damage_healed":0,"gold_gain":0,"player_choice":"Donut","damage_taken":0,"max_hp_gain":5,"max_hp_loss":0,"event_name":"Big Fish","floor":5,"gold_loss":0},{"cards_removed":["Glacier"],"damage_healed":0,"gold_gain":0,"player_choice":"Gave Gold","damage_taken":0,"max_hp_gain":0,"max_hp_loss":0,"event_name":"Beggar","floor":19,"gold_loss":75},{"cards_removed":["Glacier"],"damage_healed":0,"gold_gain":0,"player_choice":"Elegance","damage_taken":0,"max_hp_gain":0,"max_hp_loss":0,"event_name":"Back to Basics","floor":21,"gold_loss":0},{"damage_healed":0,"gold_gain":100,"player_choice":"Pray","damage_taken":0,"max_hp_gain":0,"max_hp_loss":0,"event_name":"Golden Shrine","floor":31,"gold_loss":0},{"damage_healed":0,"gold_gain":0,"player_choice":"Memory 3","damage_taken":10,"max_hp_gain":0,"max_hp_loss":0,"event_name":"SensoryStone","floor":45,"gold_loss":0},{"damage_healed":0,"gold_gain":0,"player_choice":"Fight","damage_taken":0,"max_hp_gain":0,"max_hp_loss":0,"event_name":"MindBloom","floor":48,"gold_loss":0}],"is_beta":false,"boss_relics":[{"not_picked":["Runic Pyramid","Black Star"],"picked":"Coffee Dripper"},{"not_picked":["Philosopher\u0027s Stone","Eternal Feather"],"picked":"Tiny House"}],"items_purged_floors":[22,28],"is_endless":false,"potions_floor_spawned":[1,4,14,16,20,33,36,41,42,44,47],"ascension_level":0}