{"gold_per_floor":[114,132,132,149,149,149,174,174,174,174,192,208,208,219,219,291,291,307,307,334,42,42,42,60,71,71,71],"floor_reached":27,"playtime":1200,"items_purged":[],"score":394,"play_id":"8660dfa0-36d1-4949-8df9-21080a3cfa59","local_time":"20190311151026","is_ascension_mode":true,"campfire_choices":[{"data":"Heavy Blade","floor":6.0,"key":"SMITH"},{"data":"Bash","floor":8.0,"key":"SMITH"},{"data":"Double Tap","floor":10.0,"key":"SMITH"},{"floor":13.0,"key":"REST"},{"floor":15.0,"key":"REST"},{"data":"Armaments","floor":23.0,"key":"SMITH"}],"neow_cost":"NONE","seed_source_timestamp":18097777854456,"circlet_count":0,"master_deck":["AscendersBane","Bash+1","Corruption+1","Spot Weakness","Heavy Blade+1","Double Tap+1","Rupture","Impervious","Burning Pact","Bloodletting","Bloodletting","Shrug It Off","Clothesline+1","Shrug It Off","Searing Blow+1","Feel No Pain","Armaments+1","Sentinel","Rage"],"special_seed":0,"relics":["Burning Blood","Potion Belt","Sundial","Self Forming Clay","Pandora\u0027s Box","Whetstone","Bottled Tornado"],"potions_floor_usage":[27],"damage_taken":[{"damage":3.0,"enemies":"Small Slimes","floor":1.0,"turns":4.0},{"damage":2.0,"enemies":"Cultist","floor":2.0,"turns":4.0},{"damage":14.0,"enemies":"Jaw Worm","floor":4.0,"turns":4.0},{"damage":25.0,"enemies":"Lagavulin","floor":7.0,"turns":6.0},{"damage":7.0,"enemies":"Exordium Wildlife","floor":11.0,"turns":3.0},{"damage":23.0,"enemies":"Exordium Thugs","floor":12.0,"turns":4.0},{"damage":7.0,"enemies":"2 Fungi Beasts","floor":14.0,"turns":3.0},{"damage":35.0,"enemies":"Hexaghost","floor":16.0,"turns":7.0},{"damage":25.0,"enemies":"Shell Parasite","floor":18.0,"turns":3.0},{"damage":4.0,"enemies":"3 Byrds","floor":24.0,"turns":3.0},{"damage":33,"enemies":"Cultist and Chosen","floor":25,"turns":9},{"damage":37,"enemies":"Slavers","floor":27,"turns":4}],"seed_played":"5064560159712199861","potions_obtained":[{"floor":1.0,"key":"Swift Potion"},{"floor":4.0,"key":"SneckoOil"},{"floor":7.0,"key":"Energy Potion"}],"is_trial":false,"path_per_floor":["M","M","?","M","?","R","E","R","T","R","M","M","R","M","R","B",null,"M","?","T","$","T","R","M","M","T","E"],"character_chosen":"IRONCLAD","items_purchased":["Rage","LiquidBronze","Strength Potion","BloodPotion"],"campfire_rested":2,"item_purchase_floors":[21,21,21,21],"current_hp_per_floor":[71,75,68,60,60,60,41,41,41,41,40,23,45,44,66,37,66,47,47,47,47,47,47,56,29,29,0],"gold":71,"neow_bonus":"RANDOM_COMMON_RELIC","is_prod":false,"is_daily":false,"chose_seed":false,"campfire_upgraded":4,"win_rate":0,"timestamp":1552284626,"path_taken":["M","M","?","M","?","R","E","R","T","R","?","M","R","M","R","BOSS","M","?","?","$","?","R","M","M","T","E"],"build_version":"2019-01-23","purchased_purges":0,"victory":false,"max_hp_per_floor":[75,75,75,75,75,75,75,75,75,75,75,75,75,75,75,75,75,75,75,75,75,75,75,75,75,75,75],"card_choices":[{"not_picked":["Clash","Cleave"],"picked":"Corruption","floor":1.0},{"not_picked":["Anger","Clothesline"],"picked":"Spot Weakness","floor":2.0},{"not_picked":["Anger","Perfected Strike"],"picked":"Heavy Blade","floor":4.0},{"not_picked":["Hemokinesis","Anger"],"picked":"Double Tap","floor":7.0},{"not_picked":["Sword Boomerang","Seeing Red"],"picked":"Rupture","floor":11.0},{"not_picked":["Anger","Headbutt","Body Slam"],"picked":"SKIP","floor":12.0},{"not_picked":["Headbutt","Sever Soul","Clothesline"],"picked":"SKIP","floor":14.0},{"not_picked":["Brutality","Double Tap"],"picked":"Impervious","floor":16.0},{"not_picked":["Dual Wield","Sword Boomerang+1"],"picked":"Armaments","floor":18.0},{"not_picked":["Clash+1","Dual Wield","Havoc"],"picked":"SKIP","floor":24.0},{"not_picked":["Clothesline","Dual Wield","Cleave"],"picked":"SKIP","floor":25}],"player_experience":285825,"relics_obtained":[{"floor":7.0,"key":"Sundial"},{"floor":9.0,"key":"Self Forming Clay"},{"floor":20.0,"key":"Whetstone"},{"floor":26,"key":"Bottled Tornado"}],"event_choices":[{"cards_removed":["Strike_R"],"damage_healed":0.0,"max_hp_gain":0.0,"max_hp_loss":0.0,"gold_gain":0.0,"event_name":"Golden Wing","player_choice":"Card Removal","floor":3.0,"gold_loss":0.0,"damage_taken":7.0},{"damage_healed":0.0,"max_hp_gain":0.0,"max_hp_loss":0.0,"gold_gain":0.0,"event_name":"Upgrade Shrine","player_choice":"Upgraded","floor":5.0,"gold_loss":0.0,"damage_taken":0.0,"cards_upgraded":["Corruption"]},{"damage_healed":0.0,"max_hp_gain":0.0,"max_hp_loss":0.0,"gold_gain":0.0,"event_name":"The Library","player_choice":"Read","floor":19.0,"gold_loss":0.0,"damage_taken":0.0,"cards_obtained":["Sentinel"]}],"is_beta":false,"boss_relics":[{"not_picked":["Ectoplasm","Runic Pyramid"],"picked":"Pandora\u0027s Box"}],"items_purged_floors":[],"is_endless":false,"potions_floor_spawned":[1,4,7],"killed_by":"Slavers","ascension_level":17}