{"gold_per_floor":[116,116,116,35,35,68,81,110,110,121,121,46,46,46,46,143,143,157,57,69,69,85,116,116,128,175,194,194,227,0,0,0,102,102,115,125,125],"floor_reached":37,"playtime":3542,"items_purged":["Defend_R","Strike_R"],"score":465,"play_id":"4e30d61c-3b52-413a-9b26-84d78b7722ec","local_time":"20181230182255","is_ascension_mode":false,"campfire_choices":[{"data":"Combust","floor":11,"key":"SMITH"},{"data":"Dark Embrace","floor":13,"key":"SMITH"},{"data":"Rupture","floor":15,"key":"SMITH"},{"floor":24,"key":"REST"},{"floor":28,"key":"REST"},{"floor":32,"key":"REST"}],"neow_cost":"NONE","seed_source_timestamp":1566787506400,"circlet_count":0,"master_deck":["Strike_R","Strike_R","Strike_R","Defend_R","Defend_R","Defend_R","Bash","Feel No Pain+1","Heavy Blade","Rupture+1","Dark Embrace+1","Combust+1","Carnage","Pummel","Reaper","Reckless Charge","Rupture","Pummel","Warcry","Warcry","Disarm","Whirlwind+1","Heavy Blade+1","Seeing Red+1","Brutality+1","Impervious","True Grit+1"],"relics":["Black Blood","Mercury Hourglass","Strawberry","Pantograph","Orrery","Ancient Tea Set","Bronze Scales","Frozen Egg 2"],"potions_floor_usage":[8,20,22,23,33,33,33,36,36],"damage_taken":[{"damage":6,"enemies":"Jaw Worm","floor":1,"turns":4},{"damage":35,"enemies":"3 Sentries","floor":6,"turns":11},{"damage":5,"enemies":"Small Slimes","floor":7,"turns":4},{"damage":20,"enemies":"Lagavulin","floor":8,"turns":7},{"damage":0,"enemies":"2 Louse","floor":10,"turns":3},{"damage":5,"enemies":"Slime Boss","floor":16,"turns":8},{"damage":7,"enemies":"3 Byrds","floor":18,"turns":4},{"damage":32,"enemies":"2 Thieves","floor":20,"turns":4},{"damage":21,"enemies":"Snecko","floor":22,"turns":4},{"damage":36,"enemies":"Gremlin Leader","floor":23,"turns":5},{"damage":19,"enemies":"Shelled Parasite and Fungi","floor":25,"turns":6},{"damage":22,"enemies":"Cultist and Chosen","floor":27,"turns":5},{"damage":47,"enemies":"Slavers","floor":29,"turns":4},{"damage":55,"enemies":"Collector","floor":33,"turns":7},{"damage":68,"enemies":"3 Darklings","floor":35,"turns":7},{"damage":43,"enemies":"Orb Walker","floor":36,"turns":6},{"damage":18,"enemies":"Maw","floor":37,"turns":7}],"seed_played":"-1273271977754644135","potions_obtained":[{"floor":6,"key":"Poison Potion"},{"floor":7,"key":"SteroidPotion"},{"floor":16,"key":"Explosive Potion"},{"floor":18,"key":"Swift Potion"},{"floor":23,"key":"FearPotion"},{"floor":25,"key":"Ancient Potion"},{"floor":29,"key":"Dexterity Potion"},{"floor":33,"key":"FearPotion"},{"floor":35,"key":"BloodPotion"}],"is_trial":false,"path_per_floor":["M","?","?","$","?","E","M","E","T","M","R","$","R","?","R","B",null,"M","$","M","$","M","E","R","M","T","M","R","E","?","?","R","B",null,"M","M","M"],"character_chosen":"IRONCLAD","items_purchased":["Rupture"],"campfire_rested":3,"item_purchase_floors":[4],"current_hp_per_floor":[80,80,80,80,80,51,52,45,45,51,51,51,51,51,51,77,87,86,86,60,60,45,30,56,43,43,34,60,31,31,31,57,43,87,40,15,0],"gold":125,"neow_bonus":"THREE_CARDS","is_prod":false,"is_daily":false,"chose_seed":false,"campfire_upgraded":3,"win_rate":0,"timestamp":1546190575,"path_taken":["M","?","?","$","?","E","M","E","T","?","R","$","R","?","R","BOSS","M","?","?","$","M","E","R","?","T","M","R","E","?","?","R","BOSS","M","?","M"],"build_version":"2018-12-20","purchased_purges":2,"victory":false,"max_hp_per_floor":[80,80,80,80,80,80,80,87,87,87,87,87,87,87,87,87,87,87,87,87,87,87,87,87,87,87,87,87,87,87,87,87,87,87,87,87,87],"card_choices":[{"not_picked":["Sentinel","Clothesline"],"picked":"Feel No Pain","floor":0},{"not_picked":["Searing Blow","Perfected Strike"],"picked":"Heavy Blade","floor":1},{"not_picked":["Searing Blow","Cleave"],"picked":"Dark Embrace","floor":6},{"not_picked":["Clothesline","Iron Wave"],"picked":"Combust","floor":7},{"not_picked":["Sentinel","Searing Blow"],"picked":"Carnage","floor":8},{"not_picked":["Rage","Iron Wave","Metallicize"],"picked":"SKIP","floor":10},{"not_picked":["Rage","Iron Wave","Metallicize"],"picked":"SKIP","floor":10},{"not_picked":["Brutality","Immolate"],"picked":"Reaper","floor":16},{"not_picked":["Warcry","Feel No Pain"],"picked":"Reckless Charge","floor":17},{"not_picked":["Feel No Pain","Blood for Blood"],"picked":"Rupture","floor":17},{"not_picked":["Body Slam","Whirlwind"],"picked":"Pummel","floor":17},{"not_picked":["Havoc","Headbutt"],"picked":"Warcry","floor":17},{"not_picked":["Twin Strike","Anger"],"picked":"Warcry","floor":17},{"not_picked":["Power Through+1","Body Slam"],"picked":"Disarm","floor":18},{"not_picked":["Heavy Blade","Twin Strike","Body Slam+1"],"picked":"SKIP","floor":20},{"not_picked":["Blood for Blood+1","Reckless Charge"],"picked":"Whirlwind+1","floor":22},{"not_picked":["Dark Embrace","Entrench","Havoc"],"picked":"SKIP","floor":23},{"not_picked":["Warcry+1","Hemokinesis"],"picked":"Heavy Blade+1","floor":25},{"not_picked":["Body Slam","Evolve"],"picked":"Seeing Red+1","floor":27},{"not_picked":["Anger","Fire Breathing"],"picked":"Brutality","floor":29},{"not_picked":["Barricade+1","Dark Embrace+1"],"picked":"Impervious","floor":33},{"not_picked":["Reckless Charge","Pommel Strike+1"],"picked":"True Grit+1","floor":35},{"not_picked":["Cleave+1","Clash","Wild Strike+1"],"picked":"SKIP","floor":36}],"player_experience":202135,"relics_obtained":[{"floor":6,"key":"Mercury Hourglass"},{"floor":8,"key":"Strawberry"},{"floor":9,"key":"Pantograph"},{"floor":23,"key":"Ancient Tea Set"},{"floor":26,"key":"Bronze Scales"},{"floor":29,"key":"Frozen Egg 2"}],"event_choices":[{"cards_removed":["Strike_R"],"damage_healed":0,"gold_gain":0,"player_choice":"Forget","damage_taken":0,"max_hp_gain":0,"max_hp_loss":0,"event_name":"Living Wall","floor":2,"gold_loss":0},{"damage_healed":0,"gold_gain":0,"player_choice":"Ignored","damage_taken":0,"max_hp_gain":0,"max_hp_loss":0,"event_name":"Golden Idol","floor":3,"gold_loss":0},{"damage_healed":0,"gold_gain":0,"player_choice":"Leave","damage_taken":0,"max_hp_gain":0,"max_hp_loss":0,"event_name":"The Cleric","floor":5,"gold_loss":0},{"damage_healed":0,"gold_gain":0,"player_choice":"1 cards matched","damage_taken":0,"max_hp_gain":0,"max_hp_loss":0,"event_name":"Match and Keep!","floor":14,"gold_loss":0,"cards_obtained":["Pummel"]},{"damage_healed":0,"gold_gain":0,"player_choice":"Paid Fearfully","damage_taken":0,"max_hp_gain":0,"max_hp_loss":0,"event_name":"Masked Bandits","floor":30,"gold_loss":227},{"damage_healed":0,"gold_gain":0,"player_choice":"Upgraded","damage_taken":0,"max_hp_gain":0,"max_hp_loss":0,"event_name":"Upgrade Shrine","floor":31,"gold_loss":0,"cards_upgraded":["Feel No Pain"]}],"is_beta":false,"boss_relics":[{"not_picked":["Ectoplasm","Lizard Tail"],"picked":"Orrery"},{"not_picked":["Fusion Hammer","Runic Pyramid"],"picked":"Black Blood"}],"items_purged_floors":[12,19],"is_endless":false,"potions_floor_spawned":[6,7,16,18,23,25,29,33,35],"killed_by":"Maw","ascension_level":0}