{"gold_per_floor":[109,109,109,127,127,161,161,175,175,218,248,248],"floor_reached":12,"playtime":273,"items_purged":[],"score":194,"play_id":"e15fd3ba-6a98-4f82-91a7-39da86f97e8d","local_time":"20190310155131","is_ascension_mode":true,"campfire_choices":[{"data":"Bash","floor":7,"key":"SMITH"}],"neow_cost":"NONE","seed_source_timestamp":299124810018522,"circlet_count":0,"master_deck":["AscendersBane","Strike_R","Strike_R","Strike_R","Strike_R","Strike_R","Defend_R","Defend_R","Defend_R","Defend_R","Bash+1","Anger","Headbutt","Seeing Red","Shrug It Off"],"relics":["Burning Blood","NeowsBlessing","Golden Idol","StoneCalendar","Bird Faced Urn","Smiling Mask","Tiny Chest"],"potions_floor_usage":[10,12],"damage_taken":[{"damage":0,"enemies":"Jaw Worm","floor":1,"turns":1},{"damage":0,"enemies":"Small Slimes","floor":4,"turns":1},{"damage":0,"enemies":"Lagavulin","floor":6,"turns":1},{"damage":7,"enemies":"2 Louse","floor":8,"turns":2},{"damage":41,"enemies":"Gremlin Nob","floor":10,"turns":5},{"damage":43,"enemies":"Lagavulin Event","floor":12,"turns":5}],"seed_played":"6759387581334891141","potions_obtained":[{"floor":4,"key":"EssenceOfSteel"},{"floor":10,"key":"Swift Potion"}],"is_trial":false,"path_per_floor":["M","?","?","M","?","E","R","M","T","E","T","?"],"character_chosen":"IRONCLAD","items_purchased":[],"campfire_rested":0,"item_purchase_floors":[],"current_hp_per_floor":[74,74,68,68,73,73,73,72,72,37,37,0],"gold":248,"neow_bonus":"THREE_ENEMY_KILL","is_prod":false,"is_daily":false,"chose_seed":false,"campfire_upgraded":1,"win_rate":0,"timestamp":1552200691,"path_taken":["M","?","?","M","?","E","R","?","T","E","?","?"],"build_version":"2019-01-23","purchased_purges":0,"victory":false,"max_hp_per_floor":[75,75,68,68,73,73,73,73,73,73,73,73],"card_choices":[{"not_picked":["Perfected Strike","True Grit"],"picked":"Anger","floor":1},{"not_picked":["Pommel Strike","Thunderclap"],"picked":"Headbutt","floor":4},{"not_picked":["Dropkick","Rampage"],"picked":"Seeing Red","floor":6},{"not_picked":["Heavy Blade","Dropkick","Body Slam"],"picked":"SKIP","floor":8},{"not_picked":["Warcry","Pommel Strike"],"picked":"Shrug It Off","floor":10}],"player_experience":670249,"relics_obtained":[{"floor":6,"key":"StoneCalendar"},{"floor":9,"key":"Bird Faced Urn"},{"floor":10,"key":"Smiling Mask"},{"floor":11,"key":"Tiny Chest"}],"event_choices":[{"damage_healed":0,"gold_gain":0,"player_choice":"Ignored","damage_taken":0,"max_hp_gain":0,"max_hp_loss":0,"event_name":"Liars Game","floor":2,"gold_loss":0},{"damage_healed":0,"gold_gain":0,"player_choice":"Lose Max HP","damage_taken":0,"relics_obtained":["Golden Idol"],"max_hp_gain":0,"max_hp_loss":7,"event_name":"Golden Idol","floor":3,"gold_loss":0},{"damage_healed":0,"gold_gain":0,"player_choice":"Donut","damage_taken":0,"max_hp_gain":5,"max_hp_loss":0,"event_name":"Big Fish","floor":5,"gold_loss":0},{"damage_healed":0,"gold_gain":0,"player_choice":"Searched \u00271\u0027 times","damage_taken":0,"max_hp_gain":0,"max_hp_loss":0,"event_name":"Dead Adventurer","floor":12,"gold_loss":0}],"is_beta":false,"boss_relics":[],"items_purged_floors":[],"is_endless":false,"potions_floor_spawned":[4,10],"killed_by":"Lagavulin Event","ascension_level":15}