{"gold_per_floor":[217,292,312,322,79,105,123,139,139,152,152,211,221,221],"floor_reached":14,"playtime":505,"items_purged":[],"score":179,"play_id":"25e769c4-44db-4219-ad9a-7d8d54d64a38","local_time":"20190316214552","is_ascension_mode":true,"campfire_choices":[{"floor":11.0,"key":"REST"}],"neow_cost":"NONE","seed_source_timestamp":124827140836498,"circlet_count":0,"master_deck":["AscendersBane","Strike_B","Strike_B","Strike_B","Strike_B","Defend_B","Defend_B","Defend_B","Defend_B","Zap","Dualcast","Conserve Battery","Glacier","Leap","Core Surge","Cold Snap","Sweeping Beam","Beam Cell"],"special_seed":0,"relics":["Cracked Core","Oddly Smooth Stone","Pen Nib","Shuriken","Potion Belt"],"potions_floor_usage":[14,14],"damage_taken":[{"damage":2.0,"enemies":"Jaw Worm","floor":1.0,"turns":3.0},{"damage":2.0,"enemies":"2 Louse","floor":3.0,"turns":2.0},{"damage":8.0,"enemies":"Small Slimes","floor":4.0,"turns":3.0},{"damage":20.0,"enemies":"Gremlin Nob","floor":6.0,"turns":4.0},{"damage":0.0,"enemies":"2 Fungi Beasts","floor":7.0,"turns":3.0},{"damage":12.0,"enemies":"Exordium Wildlife","floor":8.0,"turns":4.0},{"damage":3.0,"enemies":"Looter","floor":10.0,"turns":3.0},{"damage":9.0,"enemies":"3 Sentries","floor":12.0,"turns":9.0},{"damage":0.0,"enemies":"2 Fungi Beasts","floor":13.0,"turns":3.0},{"damage":33,"enemies":"Gremlin Gang","floor":14,"turns":3}],"seed_played":"-3236570004069510877","potions_obtained":[{"floor":3.0,"key":"FearPotion"},{"floor":4.0,"key":"SpeedPotion"},{"floor":7.0,"key":"SpeedPotion"},{"floor":12.0,"key":"PowerPotion"}],"is_trial":false,"path_per_floor":["M","?","M","M","$","E","M","M","T","M","R","?","M","M"],"character_chosen":"DEFECT","items_purchased":["Core Surge","Oddly Smooth Stone"],"campfire_rested":1,"item_purchase_floors":[5,5],"current_hp_per_floor":[62,51,49,41,41,21,21,9,9,6,27,18,18,0],"gold":221,"neow_bonus":"HUNDRED_GOLD","is_prod":false,"is_daily":false,"chose_seed":false,"campfire_upgraded":0,"win_rate":0,"timestamp":1552787152,"path_taken":["M","?","M","M","$","E","M","M","T","M","R","?","M","M"],"build_version":"2019-01-23","purchased_purges":0,"victory":false,"max_hp_per_floor":[71,71,71,71,71,71,71,71,71,71,71,71,71,71],"card_choices":[{"not_picked":["Hologram","Go for the Eyes"],"picked":"Conserve Battery","floor":1.0},{"not_picked":["Storm","Cold Snap"],"picked":"Glacier","floor":3.0},{"not_picked":["Barrage","Hologram"],"picked":"Leap","floor":4.0},{"not_picked":["Thunder Strike","Reprogram"],"picked":"Cold Snap","floor":6.0},{"not_picked":["Gash","Compile Driver"],"picked":"Sweeping Beam","floor":7.0},{"not_picked":["Gash","Conserve Battery","Steam"],"picked":"SKIP","floor":8.0},{"not_picked":["Barrage","Turbo","Redo"],"picked":"SKIP","floor":10.0},{"not_picked":["Turbo","Leap"],"picked":"Beam Cell","floor":12.0},{"not_picked":["Redo","Turbo","Hello World"],"picked":"SKIP","floor":13.0}],"player_experience":543376,"relics_obtained":[{"floor":6.0,"key":"Pen Nib"},{"floor":9.0,"key":"Shuriken"},{"floor":12.0,"key":"Potion Belt"}],"event_choices":[{"damage_healed":0.0,"max_hp_gain":0.0,"max_hp_loss":0.0,"gold_gain":75.0,"event_name":"World of Goop","player_choice":"Gather Gold","floor":2.0,"gold_loss":0.0,"damage_taken":11.0},{"damage_healed":0.0,"max_hp_gain":0.0,"max_hp_loss":0.0,"gold_gain":0.0,"event_name":"Dead Adventurer","player_choice":"Searched \u00271\u0027 times","floor":12.0,"gold_loss":0.0,"damage_taken":0.0}],"is_beta":false,"boss_relics":[],"items_purged_floors":[],"is_endless":false,"potions_floor_spawned":[3,4,7,8,12],"killed_by":"Gremlin Gang","ascension_level":18}