{"gold_per_floor":[115,115,115,138,213,237,237,237,237,89,122,143,143,158,158,289,289,305,305,220,220,170,170,190,190,190,208,208,120,120],"floor_reached":30,"playtime":415,"items_purged":["Strike_B","Defend_B","Strike_B"],"score":224,"play_id":"eb03bae2-9ce7-4d20-9a07-90bfaa01764f","local_time":"20190107232256","is_ascension_mode":false,"campfire_choices":[{"data":"Barrage","floor":8,"key":"SMITH"},{"data":"Fusion","floor":13,"key":"SMITH"},{"data":"Coolheaded","floor":15,"key":"SMITH"},{"data":"Dualcast","floor":23,"key":"SMITH"},{"data":"Core Surge","floor":25,"key":"SMITH"}],"neow_cost":"NONE","seed_source_timestamp":508806081305601,"circlet_count":0,"master_deck":["Defend_B","Defend_B","Defend_B","Zap+1","Dualcast+1","Coolheaded+1","Barrage+1","Fusion+1","Core Surge+1","Gash","Skim"],"relics":["Cracked Core","Bloody Idol","Juzu Bracelet","Bird Faced Urn","Gambling Chip","Runic Pyramid","StoneCalendar","Smiling Mask","Question Card"],"potions_floor_usage":[11,12,18,30],"damage_taken":[{"damage":0,"enemies":"Small Slimes","floor":1,"turns":2},{"damage":1,"enemies":"Jaw Worm","floor":6,"turns":3},{"damage":14,"enemies":"Lagavulin","floor":11,"turns":6},{"damage":0,"enemies":"Cultist","floor":12,"turns":2},{"damage":0,"enemies":"Large Slime","floor":14,"turns":4},{"damage":20,"enemies":"The Guardian","floor":16,"turns":15},{"damage":11,"enemies":"2 Thieves","floor":18,"turns":4},{"damage":11,"enemies":"3 Byrds","floor":24,"turns":4},{"damage":19,"enemies":"Shelled Parasite and Fungi","floor":27,"turns":4},{"damage":57,"enemies":"Slavers","floor":30,"turns":3}],"seed_played":"5353718208867518029","potions_obtained":[{"floor":6,"key":"Fire Potion"},{"floor":12,"key":"Fruit Juice"},{"floor":14,"key":"Block Potion"},{"floor":27,"key":"SpeedPotion"}],"is_trial":false,"path_per_floor":["M","?","?","T","?","M","?","R","T","$","E","M","R","M","R","B",null,"M","?","?","T","$","R","M","R","T","M","?","$","E"],"character_chosen":"DEFECT","items_purchased":["Fusion","Skim"],"campfire_rested":0,"item_purchase_floors":[10,29],"current_hp_per_floor":[75,57,57,57,46,45,50,50,50,50,36,41,41,41,41,21,85,74,74,74,74,74,74,68,68,68,54,54,54,0],"gold":120,"neow_bonus":"UPGRADE_CARD","is_prod":false,"is_daily":false,"chose_seed":false,"campfire_upgraded":5,"win_rate":0,"timestamp":1546870976,"path_taken":["M","?","?","?","?","M","?","R","T","$","E","M","R","M","R","BOSS","M","?","?","?","$","R","M","R","T","M","?","$","E"],"build_version":"2019-01-03v4","purchased_purges":3,"victory":false,"max_hp_per_floor":[75,75,75,75,75,75,80,80,80,80,80,85,85,85,85,85,85,85,85,85,85,85,85,85,85,85,85,85,85,85],"card_choices":[{"not_picked":["Beam Cell","Loop"],"picked":"Coolheaded","floor":1},{"not_picked":["Reinforced Body","Sweeping Beam"],"picked":"Barrage","floor":6},{"not_picked":["Beam Cell","Undo","Melter"],"picked":"SKIP","floor":11},{"not_picked":["Beam Cell","Undo","Melter"],"picked":"SKIP","floor":11},{"not_picked":["Fusion","Steam","Self Repair"],"picked":"SKIP","floor":12},{"not_picked":["Scrape","Heatsinks","Reprogram"],"picked":"SKIP","floor":14},{"not_picked":["Multi-Cast","Machine Learning"],"picked":"Core Surge","floor":16},{"not_picked":["Turbo+1","Go for the Eyes","Conserve Battery"],"picked":"SKIP","floor":18},{"not_picked":["Rebound","Stack","Heatsinks"],"picked":"SKIP","floor":24},{"not_picked":["Stack","Turbo+1","Gash","Streamline"],"picked":"SKIP","floor":27},{"not_picked":["Stack","Turbo+1","Streamline"],"picked":"Gash","floor":27}],"player_experience":4004634,"relics_obtained":[{"floor":4,"key":"Juzu Bracelet"},{"floor":9,"key":"Bird Faced Urn"},{"floor":11,"key":"Gambling Chip"},{"floor":21,"key":"Smiling Mask"},{"floor":26,"key":"Question Card"}],"event_choices":[{"damage_healed":0,"gold_gain":0,"player_choice":"Take Damage","damage_taken":18,"relics_obtained":["Golden Idol"],"max_hp_gain":0,"max_hp_loss":0,"event_name":"Golden Idol","floor":2,"gold_loss":0},{"cards_removed":["Strike_B"],"damage_healed":0,"gold_gain":0,"player_choice":"Forget","damage_taken":0,"max_hp_gain":0,"max_hp_loss":0,"event_name":"Living Wall","floor":3,"gold_loss":0},{"damage_healed":0,"gold_gain":75,"player_choice":"Gather Gold","damage_taken":11,"max_hp_gain":0,"max_hp_loss":0,"event_name":"World of Goop","floor":5,"gold_loss":0},{"damage_healed":0,"gold_gain":0,"player_choice":"Donut","damage_taken":0,"max_hp_gain":5,"max_hp_loss":0,"event_name":"Big Fish","floor":7,"gold_loss":0},{"damage_healed":0,"gold_gain":0,"player_choice":"Gave Idol","damage_taken":0,"relics_obtained":["Bloody Idol"],"max_hp_gain":0,"max_hp_loss":0,"event_name":"Forgotten Altar","floor":19,"relics_lost":["Golden Idol"],"gold_loss":0},{"damage_healed":0,"gold_gain":0,"player_choice":"Obtained Relic","damage_taken":0,"relics_obtained":["StoneCalendar"],"max_hp_gain":0,"max_hp_loss":0,"event_name":"Addict","floor":20,"gold_loss":85},{"cards_removed":["Strike_B"],"damage_healed":0,"gold_gain":0,"player_choice":"Offered Basic","damage_taken":0,"max_hp_gain":0,"max_hp_loss":0,"event_name":"Bonfire Elementals","floor":28,"gold_loss":0}],"is_beta":false,"boss_relics":[{"not_picked":["FrozenCore","Orrery"],"picked":"Runic Pyramid"}],"items_purged_floors":[10,22,29],"is_endless":false,"potions_floor_spawned":[6,12,14,27],"killed_by":"Slavers","ascension_level":0}