{"gold_per_floor":[119,131,131,1,20,61,79,79,105,105,105,148,148,182,182,278,278,301,88,106,137,137,137,160,210,278,66,66,66,89,124,124,218,281,294,42,375,14,27,27,46,46,46,46,73,121,133,144,144,144,144,144,144,35,64,64],"floor_reached":57,"playtime":3518,"items_purged":["Strike_B","Darkness","Streamline"],"score":2857,"play_id":"48c033bf-3db3-4733-8819-875ec609cdfd","local_time":"20190213021640","is_ascension_mode":true,"campfire_choices":[{"floor":10.0,"key":"REST"},{"floor":13.0,"key":"REST"},{"data":"Beam Cell","floor":15.0,"key":"SMITH"},{"data":"Fission","floor":23.0,"key":"SMITH"},{"data":"Defragment","floor":28.0,"key":"SMITH"},{"data":"Coolheaded","floor":32.0,"key":"SMITH"},{"data":"Capacitor","floor":40.0,"key":"SMITH"},{"data":"Creative AI","floor":42.0,"key":"SMITH"},{"floor":49.0,"key":"RECALL"},{"data":"Force Field","floor":53.0,"key":"SMITH"}],"neow_cost":"NONE","seed_source_timestamp":1146749195367300,"circlet_count":0,"master_deck":["AscendersBane","Zap+1","Dualcast+1","Gash","Gash","Beam Cell+1","Echo Form","Self Repair","Seek","Sweeping Beam","Reboot+1","Fission+1","Gash","Creative AI+1","Coolheaded+1","Defragment+1","Glacier","White Noise+1","Machine Learning","Gash","Cold Snap","Seek","Coolheaded","Capacitor+1","Force Field+1","Leap+1","Hologram+1","Coolheaded+1","Machine Learning"],"special_seed":0,"relics":["Cracked Core","Pen Nib","Orichalcum","Potion Belt","Lantern","Oddly Smooth Stone","Pandora\u0027s Box","Red Mask","Medical Kit","Shuriken","Tiny House","Happy Flower","War Paint","Turnip","Bottled Tornado","Thread and Needle","Emotion Chip"],"potions_floor_usage":[55,55,55,56],"damage_taken":[{"damage":3.0,"enemies":"2 Louse","floor":1.0,"turns":3.0},{"damage":2.0,"enemies":"Jaw Worm","floor":2.0,"turns":3.0},{"damage":1.0,"enemies":"Cultist","floor":5.0,"turns":3.0},{"damage":31.0,"enemies":"Gremlin Nob","floor":6.0,"turns":4.0},{"damage":0.0,"enemies":"2 Fungi Beasts","floor":7.0,"turns":2.0},{"damage":34.0,"enemies":"Lagavulin","floor":12.0,"turns":7.0},{"damage":2.0,"enemies":"Gremlin Nob","floor":14.0,"turns":3.0},{"damage":12.0,"enemies":"Hexaghost","floor":16.0,"turns":7.0},{"damage":15.0,"enemies":"Shell Parasite","floor":18.0,"turns":2.0},{"damage":6.0,"enemies":"2 Thieves","floor":20.0,"turns":4.0},{"damage":10.0,"enemies":"Masked Bandits","floor":21.0,"turns":3.0},{"damage":1.0,"enemies":"Sentry and Sphere","floor":24.0,"turns":8.0},{"damage":5.0,"enemies":"Snecko","floor":30.0,"turns":6.0},{"damage":0.0,"enemies":"Gremlin Leader","floor":31.0,"turns":4.0},{"damage":0.0,"enemies":"Champ","floor":33.0,"turns":6.0},{"damage":0.0,"enemies":"3 Shapes","floor":35.0,"turns":8.0},{"damage":2.0,"enemies":"Orb Walker","floor":39.0,"turns":4.0},{"damage":0.0,"enemies":"Writhing Mass","floor":41.0,"turns":7.0},{"damage":0.0,"enemies":"Reptomancer","floor":45.0,"turns":5.0},{"damage":6.0,"enemies":"2 Orb Walkers","floor":46.0,"turns":5.0},{"damage":5.0,"enemies":"Transient","floor":47.0,"turns":6.0},{"damage":6.0,"enemies":"4 Shapes","floor":48.0,"turns":6.0},{"damage":27.0,"enemies":"Donu and Deca","floor":50.0,"turns":9.0},{"damage":40.0,"enemies":"Awakened One","floor":51.0,"turns":11.0},{"damage":7,"enemies":"Shield and Spear","floor":55,"turns":8},{"damage":77,"enemies":"The Heart","floor":56,"turns":10}],"seed_played":"274040763095880454","potions_obtained":[{"floor":11.0,"key":"Strength Potion"},{"floor":11.0,"key":"LiquidBronze"},{"floor":12.0,"key":"Block Potion"},{"floor":14.0,"key":"GamblersBrew"},{"floor":18.0,"key":"EntropicBrew"},{"floor":24.0,"key":"FearPotion"},{"floor":30.0,"key":"Swift Potion"},{"floor":34.0,"key":"Block Potion"},{"floor":35.0,"key":"Ancient Potion"},{"floor":39.0,"key":"Swift Potion"},{"floor":47.0,"key":"SkillPotion"},{"floor":55,"key":"SkillPotion"}],"is_trial":false,"path_per_floor":["M","M","?","$","M","E","M","?","T","R","?","E","R","E","R","B",null,"M","$","M","?","?","R","M","?","T","$","R","?","M","E","R","B",null,"M","$","?","$","M","R","M","R","T","$","E","?","M","M","R","B","B",null,"R","$","E","B",null],"character_chosen":"DEFECT","items_purchased":["Gash","Defragment","Glacier","Medical Kit","Happy Flower","Capacitor","Force Field","War Paint","SpeedPotion","PowerPotion"],"campfire_rested":2,"item_purchase_floors":[4,19,19,27,36,36,38,38,54,54],"current_hp_per_floor":[61,59,59,59,58,27,27,27,27,46,46,12,31,29,29,24,54,39,39,40,30,30,30,43,43,43,43,43,43,38,38,38,52,66,69,69,69,69,67,67,69,69,69,69,69,69,69,69,69,56,23,58,58,58,51,10],"gold":64,"neow_bonus":"UPGRADE_CARD","is_prod":false,"is_daily":false,"chose_seed":false,"campfire_upgraded":7,"win_rate":0,"timestamp":1549991800,"path_taken":["M","M","?","?","M","E","?","?","T","R","?","E","R","E","R","BOSS","M","?","M","?","?","R","M","?","T","$","R","?","M","E","R","BOSS","M","$","?","$","M","R","M","R","T","$","E","?","M","M","R","BOSS","BOSS","R","$","E","BOSS"],"build_version":"2019-01-23","purchased_purges":3,"victory":true,"max_hp_per_floor":[71,71,64,64,64,64,64,64,64,64,64,64,64,64,64,64,64,64,64,64,64,64,64,64,64,64,64,64,64,64,64,64,64,69,69,69,69,69,69,69,69,69,69,69,69,69,69,69,69,69,69,69,69,69,69,69],"card_choices":[{"not_picked":["Sweeping Beam","Leap"],"picked":"Streamline","floor":1.0},{"not_picked":["Turbo","Sweeping Beam"],"picked":"Gash","floor":2.0},{"not_picked":["Turbo","Heatsinks"],"picked":"Beam Cell","floor":5.0},{"not_picked":["Stack","Tempest","Sweeping Beam"],"picked":"SKIP","floor":6.0},{"not_picked":["Barrage","Turbo"],"picked":"Sweeping Beam","floor":7.0},{"not_picked":["Scrape","Compile Driver"],"picked":"Echo Form","floor":12.0},{"not_picked":["Stack","White Noise"],"picked":"Self Repair","floor":14.0},{"not_picked":["Buffer","Multi-Cast"],"picked":"Seek","floor":16.0},{"not_picked":["Stack+1","Hologram"],"picked":"Coolheaded","floor":18.0},{"not_picked":["Stack","Rip and Tear+1","Barrage"],"picked":"SKIP","floor":20.0},{"not_picked":["Rebound","Aggregate"],"picked":"White Noise","floor":24.0},{"not_picked":["Fusion","Blizzard+1"],"picked":"Cold Snap","floor":30.0},{"not_picked":["Recycle","Consume","Meteor Strike"],"picked":"SKIP","floor":31.0},{"not_picked":["Amplify","Core Surge"],"picked":"Seek","floor":33.0},{"not_picked":["Beam Cell","Rebound"],"picked":"Coolheaded","floor":34.0},{"not_picked":["Rebound","Undo","Reprogram"],"picked":"SKIP","floor":35.0},{"not_picked":["Machine Learning","Gash+1"],"picked":"Leap+1","floor":39.0},{"not_picked":["Conserve Battery","Blizzard","Tempest"],"picked":"SKIP","floor":41.0},{"not_picked":["Steam","Ball Lightning+1"],"picked":"Hologram+1","floor":45.0},{"not_picked":["Gash","Hologram"],"picked":"Coolheaded+1","floor":46.0},{"not_picked":["Thunder Strike","Turbo","Streamline"],"picked":"SKIP","floor":47.0},{"not_picked":["Hello World","Darkness","Hologram"],"picked":"SKIP","floor":48.0},{"not_picked":["Melter","Reprogram"],"picked":"Machine Learning","floor":55}],"player_experience":4278242,"relics_obtained":[{"floor":6.0,"key":"Pen Nib"},{"floor":9.0,"key":"Potion Belt"},{"floor":12.0,"key":"Lantern"},{"floor":14.0,"key":"Oddly Smooth Stone"},{"floor":21.0,"key":"Red Mask"},{"floor":31.0,"key":"Shuriken"},{"floor":43.0,"key":"Turnip"},{"floor":45.0,"key":"Bottled Tornado"},{"floor":46.0,"key":"Thread and Needle"},{"floor":55,"key":"Emotion Chip"}],"event_choices":[{"damage_healed":0.0,"max_hp_gain":0.0,"max_hp_loss":7.0,"gold_gain":0.0,"event_name":"Golden Idol","player_choice":"Lose Max HP","floor":3.0,"gold_loss":0.0,"damage_taken":0.0,"relics_obtained":["Golden Idol"]},{"damage_healed":0.0,"max_hp_gain":0.0,"max_hp_loss":0.0,"gold_gain":0.0,"event_name":"Dead Adventurer","player_choice":"Searched \u00271\u0027 times","floor":8.0,"gold_loss":0.0,"damage_taken":0.0,"relics_obtained":["Orichalcum"]},{"damage_healed":0.0,"max_hp_gain":0.0,"max_hp_loss":0.0,"gold_gain":0.0,"event_name":"Lab","player_choice":"Got Potions","floor":11.0,"gold_loss":0.0,"damage_taken":0.0},{"damage_healed":0.0,"max_hp_gain":0.0,"max_hp_loss":0.0,"gold_gain":0.0,"event_name":"Masked Bandits","player_choice":"Fought Bandits","floor":21.0,"gold_loss":0.0,"damage_taken":0.0},{"damage_healed":0.0,"max_hp_gain":0.0,"max_hp_loss":0.0,"gold_gain":0.0,"event_name":"The Mausoleum","player_choice":"Ignored","floor":22.0,"gold_loss":0.0,"damage_taken":0.0},{"damage_healed":0.0,"max_hp_gain":0.0,"max_hp_loss":0.0,"gold_gain":50.0,"event_name":"Nest","player_choice":"Stole From Cult","floor":25.0,"gold_loss":0.0,"damage_taken":0.0},{"damage_healed":0.0,"max_hp_gain":0.0,"max_hp_loss":0.0,"gold_gain":0.0,"cards_transformed":["Steam","Sweeping Beam"],"event_name":"Drug Dealer","player_choice":"Became Test Subject","floor":29.0,"gold_loss":0.0,"damage_taken":0.0,"cards_obtained":["Machine Learning","Gash"]},{"damage_healed":0.0,"max_hp_gain":0.0,"max_hp_loss":0.0,"gold_gain":333.0,"event_name":"The Moai Head","player_choice":"Gave Idol","floor":37.0,"relics_lost":["Golden Idol"],"gold_loss":0.0,"damage_taken":0.0},{"damage_healed":0.0,"max_hp_gain":0.0,"max_hp_loss":0.0,"gold_gain":0.0,"event_name":"Mysterious Sphere","player_choice":"Fight","floor":46.0,"gold_loss":0.0,"damage_taken":0.0}],"is_beta":false,"boss_relics":[{"not_picked":["Coffee Dripper","Ectoplasm"],"picked":"Pandora\u0027s Box"},{"not_picked":["Velvet Choker","Sozu"],"picked":"Tiny House"}],"items_purged_floors":[4,19,38],"is_endless":false,"potions_floor_spawned":[12,14,18,24,30,35,39,47,55],"ascension_level":20}