{"gold_per_floor":[116,131,143,154,154,154,183,197,197,197,197,197,208,220,220,295,295,308,322,212,51,66,66,78,78,103,103,303,303,313,161,161,161],"floor_reached":33,"playtime":750,"items_purged":["Strike_G","Strike_G"],"score":498,"play_id":"4f7fa662-b1e1-4777-bcf8-f26a1bb725a8","local_time":"20190304232905","is_ascension_mode":true,"campfire_choices":[{"data":"Cloak And Dagger","floor":6,"key":"SMITH"},{"data":"Well Laid Plans","floor":10,"key":"SMITH"},{"data":"Dagger Spray","floor":12,"key":"SMITH"},{"data":"Caltrops","floor":15,"key":"SMITH"},{"data":"Adrenaline","floor":23,"key":"SMITH"},{"data":"Night Terror","floor":25,"key":"SMITH"},{"data":"Bouncing Flask","floor":27,"key":"SMITH"},{"data":"Deflect","floor":29,"key":"SMITH"},{"data":"Acrobatics","floor":32,"key":"SMITH"}],"neow_cost":"NONE","seed_source_timestamp":1588273550353800,"circlet_count":0,"master_deck":["AscendersBane","Defend_G","Defend_G","Defend_G","Defend_G+1","Defend_G","Strike_G","Strike_G","Survivor","Neutralize+1","Slice","Cloak And Dagger+1","Dagger Spray+1","Backstab","Well Laid Plans+1","Poisoned Stab","Night Terror+1","Caltrops+1","Adrenaline+1","Deadly Poison","Bouncing Flask+1","Choke+1","Deflect+1","Acrobatics+1"],"relics":["Ring of the Snake","Bronze Scales","Turnip","Coffee Dripper","Dream Catcher"],"potions_floor_usage":[7,16,22,30,33,33],"damage_taken":[{"damage":0,"enemies":"Cultist","floor":1,"turns":4},{"damage":5,"enemies":"Jaw Worm","floor":2,"turns":7},{"damage":0,"enemies":"2 Louse","floor":3,"turns":3},{"damage":0,"enemies":"Lots of Slimes","floor":4,"turns":2},{"damage":10,"enemies":"3 Sentries","floor":7,"turns":7},{"damage":0,"enemies":"2 Fungi Beasts","floor":8,"turns":3},{"damage":0,"enemies":"Large Slime","floor":13,"turns":4},{"damage":0,"enemies":"Lots of Slimes","floor":14,"turns":1},{"damage":11,"enemies":"Hexaghost","floor":16,"turns":8},{"damage":7,"enemies":"Chosen","floor":18,"turns":5},{"damage":20,"enemies":"2 Thieves","floor":19,"turns":3},{"damage":15,"enemies":"Cultist and Chosen","floor":22,"turns":7},{"damage":5,"enemies":"Centurion and Healer","floor":24,"turns":6},{"damage":15,"enemies":"Shelled Parasite and Fungi","floor":30,"turns":2},{"damage":25,"enemies":"Collector","floor":33,"turns":2}],"seed_played":"6046548750531166386","potions_obtained":[{"floor":3,"key":"SteroidPotion"},{"floor":4,"key":"PowerPotion"},{"floor":7,"key":"GamblersBrew"},{"floor":13,"key":"Strength Potion"},{"floor":22,"key":"FearPotion"},{"floor":30,"key":"AttackPotion"}],"is_trial":false,"path_per_floor":["M","M","M","M","?","R","E","M","T","R","T","R","M","M","R","B",null,"M","M","?","$","M","R","M","R","T","R","?","R","M","$","R","B"],"character_chosen":"THE_SILENT","items_purchased":["Regen Potion","Acrobatics"],"campfire_rested":0,"item_purchase_floors":[21,31],"current_hp_per_floor":[59,54,54,54,59,59,49,49,49,49,49,49,49,49,49,38,63,56,36,36,36,36,36,31,31,31,31,31,31,16,16,16,0],"gold":161,"neow_bonus":"UPGRADE_CARD","is_prod":false,"is_daily":false,"chose_seed":false,"campfire_upgraded":9,"win_rate":0,"timestamp":1551709745,"path_taken":["M","M","M","?","?","R","E","M","T","R","?","R","M","M","R","BOSS","M","?","?","$","?","R","M","R","T","R","?","R","M","$","R","BOSS"],"build_version":"2019-01-23","purchased_purges":2,"victory":false,"max_hp_per_floor":[66,66,66,66,71,71,71,71,71,71,71,71,71,71,71,71,71,71,71,71,71,71,71,71,71,71,71,71,71,71,71,71,71],"card_choices":[{"not_picked":["Acrobatics","Blade Dance"],"picked":"Slice","floor":1},{"not_picked":["Blade Dance","Flying Knee"],"picked":"Cloak And Dagger","floor":2},{"not_picked":["Slice","Poisoned Stab"],"picked":"Dagger Spray","floor":3},{"not_picked":["Distraction","Masterful Stab"],"picked":"Backstab","floor":4},{"not_picked":["Catalyst","Blade Dance"],"picked":"Well Laid Plans","floor":7},{"not_picked":["PiercingWail","Quick Slash"],"picked":"Poisoned Stab","floor":8},{"not_picked":["All Out Attack","Blade Dance"],"picked":"Night Terror","floor":13},{"not_picked":["Dagger Throw","Catalyst"],"picked":"Caltrops","floor":14},{"not_picked":["Malaise","Bullet Time"],"picked":"Adrenaline","floor":16},{"not_picked":["Quick Slash","Sucker Punch"],"picked":"Deadly Poison","floor":18},{"not_picked":["Dagger Spray","Deadly Poison"],"picked":"Bouncing Flask","floor":19},{"not_picked":["Poisoned Stab","Leg Sweep"],"picked":"Choke+1","floor":22},{"not_picked":["Heel Hook","Bane"],"picked":"Deflect","floor":24},{"not_picked":["Sucker Punch","Slice","Poisoned Stab"],"picked":"SKIP","floor":30}],"player_experience":4461733,"relics_obtained":[{"floor":7,"key":"Bronze Scales"},{"floor":11,"key":"Turnip"},{"floor":26,"key":"Dream Catcher"}],"event_choices":[{"damage_healed":0,"gold_gain":0,"player_choice":"Donut","damage_taken":0,"max_hp_gain":5,"max_hp_loss":0,"event_name":"Big Fish","floor":5,"gold_loss":0},{"cards_removed":["Strike_G"],"damage_healed":0,"gold_gain":0,"player_choice":"Upgrade and Remove","damage_taken":0,"max_hp_gain":0,"max_hp_loss":0,"event_name":"Designer","floor":20,"gold_loss":110,"cards_upgraded":["Defend_G"]},{"damage_healed":0,"gold_gain":200,"player_choice":"Gold","damage_taken":0,"max_hp_gain":0,"max_hp_loss":0,"event_name":"Wheel of Change","floor":28,"gold_loss":0}],"is_beta":false,"boss_relics":[{"not_picked":["Calling Bell","Orrery"],"picked":"Coffee Dripper"}],"items_purged_floors":[21,31],"is_endless":false,"potions_floor_spawned":[3,4,7,13,14,22,30],"killed_by":"Collector","ascension_level":20}