{"gold_per_floor":[116,116,116,116,135,171,171,194,194,51,2,38,72,96,96,226,226,239,255,255,275,175,175,218,218,218,231,564,564,598,616,616,721,721,741,241,261,0,16,16],"floor_reached":40,"playtime":5542,"items_purged":["Pain","Injury","Strike_B"],"score":454,"play_id":"d0b01149-9250-409d-917f-14c3d92e8bab","local_time":"20190210203210","is_ascension_mode":false,"campfire_choices":[{"floor":7.0,"key":"REST"},{"data":"Chill","floor":15.0,"key":"SMITH"},{"data":"Machine Learning","floor":23.0,"key":"SMITH"},{"data":"Go for the Eyes","floor":25.0,"key":"SMITH"},{"floor":32,"key":"REST"}],"neow_cost":"NONE","seed_source_timestamp":0,"circlet_count":0,"master_deck":["Strike_B","Strike_B","Strike_B+1","Defend_B","Defend_B","Defend_B","Defend_B","Zap","Dualcast","Conserve Battery+1","Coolheaded","Ball Lightning","Cold Snap","Chill+1","Redo","Go for the Eyes+1","Reprogram","Melter","Machine Learning+1","Conserve Battery+1","Glacier+1","Electrodynamics","Loop","White Noise+1"],"special_seed":0,"relics":["Cracked Core","Bloody Idol","WarpedTongs","Letter Opener","Mummified Hand","Odd Mushroom","Centennial Puzzle","Black Star","Meat on the Bone","Ornamental Fan","Darkstone Periapt","Omamori","Old Coin","Lantern","Happy Flower","Velvet Choker","WingedGreaves","Red Mask"],"potions_floor_usage":[],"damage_taken":[{"damage":3.0,"enemies":"Jaw Worm","floor":1.0,"turns":4.0},{"damage":0.0,"enemies":"2 Louse","floor":5.0,"turns":2.0},{"damage":17.0,"enemies":"3 Sentries","floor":6.0,"turns":10.0},{"damage":3.0,"enemies":"Small Slimes","floor":8.0,"turns":2.0},{"damage":5.0,"enemies":"The Mushroom Lair","floor":12.0,"turns":4.0},{"damage":6.0,"enemies":"Gremlin Nob","floor":13.0,"turns":3.0},{"damage":0.0,"enemies":"Red Slaver","floor":14.0,"turns":4.0},{"damage":15.0,"enemies":"The Guardian","floor":16.0,"turns":10.0},{"damage":3.0,"enemies":"Chosen","floor":18.0,"turns":5.0},{"damage":0.0,"enemies":"Spheric Guardian","floor":19.0,"turns":3.0},{"damage":6.0,"enemies":"Snake Plant","floor":21.0,"turns":5.0},{"damage":15.0,"enemies":"Book of Stabbing","floor":24.0,"turns":6.0},{"damage":4,"enemies":"Cultist and Chosen","floor":27,"turns":6},{"damage":16,"enemies":"Slavers","floor":28,"turns":6},{"damage":25,"enemies":"Gremlin Leader","floor":30,"turns":10},{"damage":0,"enemies":"Sentry and Sphere","floor":31,"turns":3},{"damage":55,"enemies":"Collector","floor":33,"turns":17},{"damage":11,"enemies":"3 Darklings","floor":35,"turns":3},{"damage":8,"enemies":"Orb Walker","floor":37,"turns":3},{"damage":17,"enemies":"Spire Growth","floor":39,"turns":6},{"damage":103,"enemies":"Giant Head","floor":40,"turns":13}],"seed_played":"-4607352309637271157","potions_obtained":[{"floor":5.0,"key":"FairyPotion"},{"floor":12.0,"key":"SpeedPotion"},{"floor":18.0,"key":"FairyPotion"},{"floor":19.0,"key":"Strength Potion"},{"floor":31,"key":"Explosive Potion"},{"floor":33,"key":"Block Potion"}],"is_trial":false,"path_per_floor":["M","?","?","?","M","E","R","M","T","$","$","?","E","M","R","B",null,"M","M","?","M","$","R","E","R","T","M","E","?","E","M","R","B",null,"M","$","M","?","M","E"],"character_chosen":"DEFECT","items_purchased":["Chill","Redo","Loop","WingedGreaves"],"campfire_rested":2,"item_purchase_floors":[10,11,36,36],"current_hp_per_floor":[79,63,63,63,63,46,70,67,67,67,67,62,56,56,56,41,82,79,79,79,73,73,73,58,58,58,54,50,50,42,47,71,33,82,76,76,73,73,61,0],"gold":16,"neow_bonus":"TEN_PERCENT_HP_BONUS","is_prod":false,"is_daily":false,"chose_seed":false,"campfire_upgraded":3,"win_rate":0.0,"timestamp":1549798330,"path_taken":["M","?","?","?","?","E","R","M","T","?","$","?","E","M","R","BOSS","M","M","?","M","?","R","E","R","T","M","E","?","E","M","R","BOSS","M","$","M","?","M","E"],"build_version":"2019-01-23","purchased_purges":3,"victory":false,"max_hp_per_floor":[82,82,82,82,82,82,82,82,82,82,82,82,82,82,82,82,82,82,82,82,82,82,82,82,82,82,82,82,82,82,82,82,82,82,82,82,82,82,82,82],"card_choices":[{"not_picked":["Ball Lightning","Barrage"],"picked":"Conserve Battery","floor":1.0},{"not_picked":["Skim","Steam"],"picked":"Coolheaded","floor":5.0},{"not_picked":["Thunder Strike","Steam"],"picked":"Ball Lightning","floor":6.0},{"not_picked":["Compile Driver","Steam"],"picked":"Cold Snap","floor":8.0},{"not_picked":["Redo","Ball Lightning"],"picked":"Go for the Eyes","floor":12.0},{"not_picked":["Heatsinks","Steam"],"picked":"Reprogram","floor":13.0},{"not_picked":["Blizzard","Hologram"],"picked":"Melter","floor":14.0},{"not_picked":["Creative AI","All For One"],"picked":"Machine Learning","floor":16.0},{"not_picked":["Chill+1","Coolheaded","Sweeping Beam+1"],"picked":"SKIP","floor":18.0},{"not_picked":["Compile Driver+1","Fission","Cold Snap"],"picked":"SKIP","floor":19.0},{"not_picked":["Streamline+1","Stack"],"picked":"Conserve Battery+1","floor":21.0},{"not_picked":["Cold Snap+1","Redo","Hologram"],"picked":"SKIP","floor":24.0},{"not_picked":["Aggregate","Ball Lightning","Doom and Gloom"],"picked":"SKIP","floor":27},{"not_picked":["Barrage","Steam"],"picked":"Glacier+1","floor":28},{"not_picked":["Chaos","Consume","Conserve Battery"],"picked":"SKIP","floor":30},{"not_picked":["Aggregate","Ball Lightning","Melter"],"picked":"SKIP","floor":31},{"not_picked":["Biased Cognition","Amplify"],"picked":"Electrodynamics","floor":33},{"not_picked":["Go for the Eyes+1","Storm+1","Cold Snap"],"picked":"SKIP","floor":35},{"not_picked":["Go for the Eyes","Melter+1"],"picked":"White Noise+1","floor":37},{"not_picked":["Coolheaded+1","Cold Snap","Conserve Battery"],"picked":"SKIP","floor":39}],"player_experience":14730,"relics_obtained":[{"floor":6.0,"key":"Letter Opener"},{"floor":9.0,"key":"Mummified Hand"},{"floor":12.0,"key":"Odd Mushroom"},{"floor":13.0,"key":"Centennial Puzzle"},{"floor":24.0,"key":"Meat on the Bone"},{"floor":24.0,"key":"Ornamental Fan"},{"floor":26.0,"key":"Darkstone Periapt"},{"floor":28,"key":"Omamori"},{"floor":28,"key":"Old Coin"},{"floor":30,"key":"Lantern"},{"floor":30,"key":"Happy Flower"}],"event_choices":[{"damage_healed":0.0,"max_hp_gain":0.0,"max_hp_loss":0.0,"gold_gain":0.0,"event_name":"Shining Light","player_choice":"Entered Light","floor":2.0,"gold_loss":0.0,"damage_taken":16.0,"cards_upgraded":["Conserve Battery","Strike_B"]},{"damage_healed":0.0,"max_hp_gain":0.0,"max_hp_loss":0.0,"gold_gain":0.0,"event_name":"Golden Idol","player_choice":"Take Wound","floor":3.0,"gold_loss":0.0,"damage_taken":0.0,"relics_obtained":["Golden Idol"],"cards_obtained":["Injury"]},{"damage_healed":0.0,"max_hp_gain":0.0,"max_hp_loss":0.0,"gold_gain":0.0,"event_name":"Accursed Blacksmith","player_choice":"Rummage","floor":4.0,"gold_loss":0.0,"damage_taken":0.0,"relics_obtained":["WarpedTongs"],"cards_obtained":["Pain"]},{"damage_healed":0.0,"max_hp_gain":0.0,"max_hp_loss":0.0,"gold_gain":0.0,"event_name":"Mushrooms","player_choice":"Fought Mushrooms","floor":12.0,"gold_loss":0.0,"damage_taken":0.0},{"damage_healed":0.0,"max_hp_gain":0.0,"max_hp_loss":0.0,"gold_gain":0.0,"event_name":"NoteForYourself","player_choice":"Ignored","floor":20.0,"gold_loss":0.0,"damage_taken":0.0},{"damage_healed":0,"gold_gain":0,"player_choice":"Gave Idol","damage_taken":0,"relics_obtained":["Bloody Idol"],"max_hp_gain":0,"max_hp_loss":0,"event_name":"Forgotten Altar","floor":29,"relics_lost":["Golden Idol"],"gold_loss":0},{"damage_healed":0,"gold_gain":0,"player_choice":"Paid","damage_taken":0,"relics_obtained":["Red Mask"],"max_hp_gain":0,"max_hp_loss":0,"event_name":"Tomb of Lord Red Mask","floor":38,"gold_loss":261}],"is_beta":false,"boss_relics":[{"not_picked":["Lizard Tail","Eternal Feather"],"picked":"Black Star"},{"not_picked":["Nuclear Battery","Runic Pyramid"],"picked":"Velvet Choker"}],"items_purged_floors":[10,22,36],"is_endless":false,"potions_floor_spawned":[5,12,18,19,31,33,35],"killed_by":"Giant Head","ascension_level":0}