{"gold_per_floor":[119,129,129,79,91,91,124,124,124,151,167,167],"floor_reached":12,"playtime":626,"items_purged":[],"score":101,"play_id":"f0d5efd4-d66a-4321-be06-54e5de7d20fd","local_time":"20190127232251","is_ascension_mode":true,"campfire_choices":[{"data":"Zap","floor":6.0,"key":"SMITH"},{"data":"Echo Form","floor":8.0,"key":"SMITH"}],"neow_cost":"NONE","seed_source_timestamp":0,"circlet_count":0,"master_deck":["Strike_B","Strike_B","Strike_B","Defend_B","Defend_B","Defend_B","Zap+1","Dualcast","Ball Lightning","Turbo","Conserve Battery","Echo Form+1","Tempest","Doom and Gloom"],"special_seed":0,"relics":["Cracked Core","Cables","The Courier","Symbiotic Virus"],"potions_floor_usage":[],"damage_taken":[{"damage":0.0,"enemies":"Small Slimes","floor":1.0,"turns":2.0},{"damage":1.0,"enemies":"2 Louse","floor":2.0,"turns":2.0},{"damage":2.0,"enemies":"Jaw Worm","floor":5.0,"turns":2.0},{"damage":20.0,"enemies":"3 Sentries","floor":7.0,"turns":7.0},{"damage":35.0,"enemies":"Lagavulin","floor":10.0,"turns":6.0},{"damage":1.0,"enemies":"Blue Slaver","floor":11.0,"turns":2.0},{"damage":23,"enemies":"3 Sentries","floor":12,"turns":3}],"seed_played":"3808601670327126266","potions_obtained":[{"floor":2.0,"key":"Swift Potion"},{"floor":11.0,"key":"FearPotion"}],"is_trial":false,"path_per_floor":["M","M","?","?","M","R","E","R","T","E","M","E"],"character_chosen":"DEFECT","items_purchased":[],"campfire_rested":0,"item_purchase_floors":[],"current_hp_per_floor":[75,74,74,74,72,72,52,52,52,17,16,0],"gold":167,"neow_bonus":"REMOVE_CARD","is_prod":false,"is_daily":false,"chose_seed":false,"campfire_upgraded":2,"win_rate":0,"timestamp":1548627771,"path_taken":["M","M","?","?","M","R","E","R","T","E","M","E"],"build_version":"2019-01-23","purchased_purges":0,"victory":false,"max_hp_per_floor":[75,75,75,75,75,75,75,75,75,75,75,75],"card_choices":[{"not_picked":["Rebound","Gash"],"picked":"Ball Lightning","floor":1.0},{"not_picked":["Beam Cell","Auto Shields"],"picked":"Turbo","floor":2.0},{"not_picked":["Beam Cell","Barrage"],"picked":"Conserve Battery","floor":5.0},{"not_picked":["Conserve Battery","Glacier"],"picked":"Echo Form","floor":7.0},{"not_picked":["Go for the Eyes","Compile Driver"],"picked":"Tempest","floor":10.0},{"not_picked":["Capacitor","Beam Cell"],"picked":"Doom and Gloom","floor":11.0}],"player_experience":312067,"relics_obtained":[{"floor":7.0,"key":"Cables"},{"floor":9.0,"key":"The Courier"},{"floor":10.0,"key":"Symbiotic Virus"}],"event_choices":[{"damage_healed":0.0,"max_hp_gain":0.0,"max_hp_loss":0.0,"gold_gain":0.0,"event_name":"Shining Light","player_choice":"Ignored","floor":3.0,"gold_loss":0.0,"damage_taken":0.0},{"cards_removed":["Strike_B"],"damage_healed":0.0,"max_hp_gain":0.0,"max_hp_loss":0.0,"gold_gain":0.0,"event_name":"The Cleric","player_choice":"Card Removal","floor":4.0,"gold_loss":50.0,"damage_taken":0.0}],"is_beta":false,"boss_relics":[],"items_purged_floors":[],"is_endless":false,"potions_floor_spawned":[2,11],"killed_by":"3 Sentries","ascension_level":3}