{"gold_per_floor":[113,113,18,29,47,74,74,91,114,145,145,158,170,201,201,275,275,287,307,19,49,49,49,63,63,63,80,100,14,31,48,48,48],"floor_reached":33,"playtime":1129,"items_purged":[],"score":542,"play_id":"3dcab4a7-a650-4750-bd14-d14f2af13b49","local_time":"20190308012647","is_ascension_mode":true,"campfire_choices":[{"floor":7.0,"key":"REST"},{"floor":11.0,"key":"REST"},{"data":"Doom and Gloom","floor":15.0,"key":"SMITH"},{"floor":23.0,"key":"REST"},{"data":"Defragment","floor":25.0,"key":"SMITH"},{"floor":32,"key":"REST"}],"neow_cost":"NONE","seed_source_timestamp":27561364951400,"circlet_count":0,"master_deck":["AscendersBane","Strike_B+1","Strike_B+1","Strike_B+1","Defend_B+1","Defend_B+1","Defend_B+1","Defend_B+1","Zap","Dualcast","Melter+1","Streamline+1","Self Repair","Hologram","Doom and Gloom+1","Darkness","Amplify","Conserve Battery","Steam","Streamline+1","Turbo","Aggregate","Biased Cognition","Defragment+1","Capacitor","Reinforced Body","Ball Lightning+1","Loop","Redo","Cold Snap","Stack","Chill","Coolheaded"],"special_seed":0,"relics":["Cracked Core","Bag of Marbles","Vajra","PreservedInsect","Bottled Flame","Busted Crown","Omamori","Red Mask","Whetstone"],"potions_floor_usage":[31],"damage_taken":[{"damage":9.0,"enemies":"Small Slimes","floor":1.0,"turns":3.0},{"damage":1.0,"enemies":"Cultist","floor":4.0,"turns":3.0},{"damage":0.0,"enemies":"2 Louse","floor":5.0,"turns":2.0},{"damage":37.0,"enemies":"3 Sentries","floor":6.0,"turns":8.0},{"damage":20.0,"enemies":"Large Slime","floor":8.0,"turns":5.0},{"damage":18.0,"enemies":"Lagavulin","floor":10.0,"turns":6.0},{"damage":16.0,"enemies":"Exordium Wildlife","floor":12.0,"turns":5.0},{"damage":0.0,"enemies":"Looter","floor":13.0,"turns":2.0},{"damage":4.0,"enemies":"Gremlin Nob","floor":14.0,"turns":3.0},{"damage":44.0,"enemies":"Slime Boss","floor":16.0,"turns":8.0},{"damage":19.0,"enemies":"3 Byrds","floor":18.0,"turns":4.0},{"damage":0.0,"enemies":"Chosen","floor":19.0,"turns":3.0},{"damage":59.0,"enemies":"Masked Bandits","floor":21.0,"turns":4.0},{"damage":6.0,"enemies":"Centurion and Healer","floor":24.0,"turns":8.0},{"damage":28,"enemies":"Snake Plant","floor":27,"turns":3},{"damage":14,"enemies":"3 Cultists","floor":28,"turns":4},{"damage":10,"enemies":"Centurion and Healer","floor":30,"turns":7},{"damage":8,"enemies":"Shelled Parasite and Fungi","floor":31,"turns":7},{"damage":28,"enemies":"Collector","floor":33,"turns":6}],"seed_played":"6810058717640138885","potions_obtained":[{"floor":5.0,"key":"GamblersBrew"},{"floor":6.0,"key":"Fruit Juice"},{"floor":8.0,"key":"Dexterity Potion"},{"floor":10.0,"key":"PowerPotion"},{"floor":14.0,"key":"FocusPotion"},{"floor":18.0,"key":"FairyPotion"},{"floor":24.0,"key":"FocusPotion"},{"floor":27,"key":"Ancient Potion"}],"is_trial":false,"path_per_floor":["M","?","$","M","M","E","R","M","T","E","R","M","M","E","R","B",null,"M","M","$","?","?","R","M","R","T","M","M","$","M","M","R","B"],"character_chosen":"DEFECT","items_purchased":["Self Repair","Hologram","Capacitor","Omamori","Reinforced Body","Cold Snap","Stack"],"campfire_rested":4,"item_purchase_floors":[3,3,20,20,20,29,29],"current_hp_per_floor":[55,55,55,54,54,29,51,38,38,34,56,47,47,50,50,6,59,47,61,61,16,16,38,39,39,39,11,12,12,9,1,23,0],"gold":48,"neow_bonus":"TRANSFORM_CARD","is_prod":false,"is_daily":false,"chose_seed":false,"campfire_upgraded":2,"win_rate":0,"timestamp":1551976007,"path_taken":["M","?","?","M","M","E","R","M","T","E","R","M","M","E","R","BOSS","M","M","$","?","?","R","?","R","T","M","M","$","M","M","R","BOSS"],"build_version":"2019-01-23","purchased_purges":0,"victory":false,"max_hp_per_floor":[71,71,71,71,71,76,76,76,76,76,76,76,76,76,76,76,76,76,76,76,76,76,76,76,76,76,76,76,76,76,76,76,76],"card_choices":[{"not_picked":["Conserve Battery","Hologram"],"picked":"Streamline","floor":1.0},{"not_picked":["White Noise","Sweeping Beam"],"picked":"Doom and Gloom","floor":4.0},{"not_picked":["Steam Power","Aggregate"],"picked":"Darkness","floor":5.0},{"not_picked":["Steam","Double Energy"],"picked":"Amplify","floor":6.0},{"not_picked":["Auto Shields","Cold Snap"],"picked":"Conserve Battery","floor":8.0},{"not_picked":["Turbo","Aggregate"],"picked":"Steam","floor":10.0},{"not_picked":["Turbo","Leap"],"picked":"Streamline","floor":12.0},{"not_picked":["Lockon","Redo"],"picked":"Turbo","floor":13.0},{"not_picked":["Tempest","Storm"],"picked":"Aggregate","floor":14.0},{"not_picked":["Seek","Core Surge"],"picked":"Biased Cognition","floor":16.0},{"not_picked":["Barrage"],"picked":"SKIP","floor":18.0},{"not_picked":[],"picked":"Defragment","floor":19.0},{"not_picked":[],"picked":"Ball Lightning+1","floor":24.0},{"not_picked":[],"picked":"Loop","floor":27},{"not_picked":["Redo"],"picked":"SKIP","floor":28},{"not_picked":[],"picked":"Redo","floor":28},{"not_picked":[],"picked":"Chill","floor":30},{"not_picked":[],"picked":"Coolheaded","floor":31}],"player_experience":4488570,"relics_obtained":[{"floor":6.0,"key":"Bag of Marbles"},{"floor":9.0,"key":"Vajra"},{"floor":10.0,"key":"PreservedInsect"},{"floor":14.0,"key":"Bottled Flame"},{"floor":21.0,"key":"Red Mask"},{"floor":26.0,"key":"Whetstone"}],"event_choices":[{"damage_healed":0.0,"max_hp_gain":0.0,"max_hp_loss":0.0,"gold_gain":0.0,"event_name":"Accursed Blacksmith","player_choice":"Forge","floor":2.0,"gold_loss":0.0,"damage_taken":0.0,"cards_upgraded":["Melter"]},{"damage_healed":0.0,"max_hp_gain":0.0,"max_hp_loss":0.0,"gold_gain":0.0,"event_name":"Masked Bandits","player_choice":"Fought Bandits","floor":21.0,"gold_loss":0.0,"damage_taken":0.0},{"damage_healed":0.0,"max_hp_gain":0.0,"max_hp_loss":0.0,"gold_gain":0.0,"event_name":"Back to Basics","player_choice":"Simplicity","floor":22.0,"gold_loss":0.0,"damage_taken":0.0,"cards_upgraded":["Strike_B","Strike_B","Strike_B","Defend_B","Defend_B","Defend_B","Defend_B"]}],"is_beta":false,"boss_relics":[{"not_picked":["Coffee Dripper","Runic Pyramid"],"picked":"Busted Crown"}],"items_purged_floors":[],"is_endless":false,"potions_floor_spawned":[5,6,8,10,14,18,24,27],"killed_by":"Collector","ascension_level":20}