{"gold_per_floor":[13,28,43,43,57,57,87,87,87,87,7,7,62,72,72,147,147,165,179,179],"floor_reached":20,"playtime":684,"items_purged":["Strike_R"],"score":331,"play_id":"56f38b2d-596f-4616-9c8f-63985fd30ebf","local_time":"20190317205501","is_ascension_mode":true,"campfire_choices":[{"data":"Immolate","floor":6.0,"key":"SMITH"},{"data":"Entrench","floor":8.0,"key":"SMITH"},{"data":"Heavy Blade","floor":12.0,"key":"SMITH"},{"floor":15.0,"key":"REST"}],"neow_cost":"NO_GOLD","seed_source_timestamp":255464180752699,"circlet_count":0,"master_deck":["AscendersBane","Strike_R","Strike_R","Strike_R","Defend_R","Defend_R","Defend_R","Defend_R","Bash","Immolate+1","Ghostly Armor","Spot Weakness","Evolve","Shrug It Off","Entrench+1","Heavy Blade+1","Inflame","Demon Form","Headbutt"],"special_seed":0,"relics":["Burning Blood","Dodecahedron","The Courier","Singing Bowl","Shuriken","Sozu"],"potions_floor_usage":[],"damage_taken":[{"damage":1.0,"enemies":"Cultist","floor":1.0,"turns":4.0},{"damage":2.0,"enemies":"2 Louse","floor":2.0,"turns":3.0},{"damage":8.0,"enemies":"Small Slimes","floor":3.0,"turns":3.0},{"damage":10.0,"enemies":"3 Louse","floor":5.0,"turns":4.0},{"damage":19.0,"enemies":"3 Sentries","floor":7.0,"turns":5.0},{"damage":57.0,"enemies":"Lagavulin Event","floor":13.0,"turns":7.0},{"damage":4.0,"enemies":"Large Slime","floor":14.0,"turns":5.0},{"damage":38.0,"enemies":"Slime Boss","floor":16.0,"turns":7.0},{"damage":45.0,"enemies":"Shell Parasite","floor":18.0,"turns":5.0},{"damage":20.0,"enemies":"Spheric Guardian","floor":19.0,"turns":7.0},{"damage":16,"enemies":"Snake Plant","floor":20,"turns":1}],"seed_played":"2347289741802463642","potions_obtained":[{"floor":1.0,"key":"BloodPotion"},{"floor":5.0,"key":"LiquidBronze"},{"floor":14.0,"key":"Energy Potion"}],"is_trial":false,"path_per_floor":["M","M","M","T","M","R","E","R","T","?","$","R","?","M","R","B",null,"M","M","M"],"character_chosen":"IRONCLAD","items_purchased":["Heavy Blade"],"campfire_rested":1,"item_purchase_floors":[11],"current_hp_per_floor":[73,75,73,73,69,69,56,56,56,56,56,56,12,16,39,7,60,23,9,0],"gold":179,"neow_bonus":"THREE_RARE_CARDS","is_prod":false,"is_daily":false,"chose_seed":false,"campfire_upgraded":3,"win_rate":0,"timestamp":1552823701,"path_taken":["M","M","M","?","M","R","E","R","T","?","$","R","?","M","R","BOSS","M","M","M"],"build_version":"2019-01-23","purchased_purges":1,"victory":false,"max_hp_per_floor":[75,75,75,75,75,75,75,75,75,75,75,75,75,77,77,77,77,79,79,79],"card_choices":[{"not_picked":["Berserk","Barricade"],"picked":"Immolate","floor":0.0},{"not_picked":["Havoc","Twin Strike"],"picked":"Ghostly Armor","floor":1.0},{"not_picked":["Rupture","Entrench"],"picked":"Spot Weakness","floor":2.0},{"not_picked":["Metallicize","Sword Boomerang"],"picked":"Evolve","floor":3.0},{"not_picked":["Sword Boomerang","Havoc"],"picked":"Shrug It Off","floor":5.0},{"not_picked":["Havoc","Twin Strike"],"picked":"Entrench","floor":7.0},{"not_picked":["Searing Blow","Dual Wield"],"picked":"Inflame","floor":13.0},{"not_picked":["Iron Wave","Hemokinesis","Metallicize"],"picked":"Singing Bowl","floor":14.0},{"not_picked":["Fiend Fire","Impervious"],"picked":"Demon Form","floor":16.0},{"not_picked":["Havoc","Evolve","Spot Weakness"],"picked":"Singing Bowl","floor":18.0},{"not_picked":["Dropkick","Burning Pact+1"],"picked":"Headbutt","floor":19.0}],"player_experience":346528,"relics_obtained":[{"floor":4.0,"key":"Dodecahedron"},{"floor":7.0,"key":"The Courier"},{"floor":9.0,"key":"Singing Bowl"},{"floor":13.0,"key":"Shuriken"}],"event_choices":[{"cards_removed":["Strike_R"],"damage_healed":0.0,"max_hp_gain":0.0,"max_hp_loss":0.0,"gold_gain":0.0,"event_name":"Living Wall","player_choice":"Forget","floor":10.0,"gold_loss":0.0,"damage_taken":0.0},{"damage_healed":0.0,"max_hp_gain":0.0,"max_hp_loss":0.0,"gold_gain":0.0,"event_name":"Dead Adventurer","player_choice":"Searched \u00271\u0027 times","floor":13.0,"gold_loss":0.0,"damage_taken":0.0}],"is_beta":false,"boss_relics":[{"not_picked":["Calling Bell","Lizard Tail"],"picked":"Sozu"}],"items_purged_floors":[11],"is_endless":false,"potions_floor_spawned":[1,5,14,19],"killed_by":"Snake Plant","ascension_level":18}