{"gold_per_floor":[118,118,143,218,218,42,42,86,163,163,198,198,222,235,235,235],"floor_reached":16,"playtime":1091,"items_purged":[],"score":111,"play_id":"49c1c0d3-40e4-41f2-a9eb-1ff205a60f71","local_time":"20190215203213","is_ascension_mode":true,"campfire_choices":[{"data":"Armaments","floor":7,"key":"SMITH"},{"floor":12,"key":"REST"},{"data":"Second Wind","floor":15,"key":"SMITH"}],"neow_cost":"NONE","seed_source_timestamp":81357024085122,"circlet_count":0,"master_deck":["Strike_R","Strike_R","Strike_R","Defend_R","Defend_R","Defend_R","Defend_R","Bash","Rupture","Armaments+1","Second Wind+1"],"relics":["Burning Blood","Golden Idol","Blood Vial","Unceasing Top","Tiny Chest","Champion Belt","Potion Belt"],"potions_floor_usage":[11,14],"damage_taken":[{"damage":5,"enemies":"Jaw Worm","floor":1,"turns":4},{"damage":0,"enemies":"Small Slimes","floor":3,"turns":5},{"damage":39,"enemies":"Lagavulin","floor":8,"turns":7},{"damage":24,"enemies":"Gremlin Nob","floor":11,"turns":5},{"damage":4,"enemies":"2 Louse","floor":14,"turns":2},{"damage":42,"enemies":"Hexaghost","floor":16,"turns":12}],"seed_played":"867008436555410785","potions_obtained":[{"floor":3,"key":"Fire Potion"},{"floor":8,"key":"BloodPotion"}],"is_trial":false,"path_per_floor":["M","?","M","?","?","$","R","E","T","T","E","R","T","M","R","B"],"character_chosen":"IRONCLAD","items_purchased":["Armaments","Blood Vial"],"campfire_rested":1,"item_purchase_floors":[6,6],"current_hp_per_floor":[80,60,66,55,48,48,48,17,17,17,9,33,33,37,37,0],"gold":235,"neow_bonus":"REMOVE_CARD","is_prod":false,"is_daily":false,"chose_seed":false,"campfire_upgraded":2,"win_rate":0,"timestamp":1550230333,"path_taken":["M","?","M","?","?","$","R","E","T","?","E","R","?","?","R","BOSS"],"build_version":"2019-01-23","purchased_purges":0,"victory":false,"max_hp_per_floor":[80,80,80,80,80,80,80,80,80,80,80,80,80,80,80,80],"card_choices":[{"not_picked":["Clash","Burning Pact","Intimidate"],"picked":"SKIP","floor":1},{"not_picked":["Twin Strike","Searing Blow"],"picked":"Rupture","floor":3},{"not_picked":["Sentinel","Disarm","Rupture"],"picked":"SKIP","floor":8},{"not_picked":["Sword Boomerang","Perfected Strike","Cleave"],"picked":"SKIP","floor":11},{"not_picked":["Berserk","Corruption"],"picked":"Second Wind","floor":14}],"player_experience":97346,"relics_obtained":[{"floor":8,"key":"Unceasing Top"},{"floor":9,"key":"Tiny Chest"},{"floor":10,"key":"Champion Belt"},{"floor":13,"key":"Potion Belt"}],"event_choices":[{"damage_healed":0,"gold_gain":0,"player_choice":"Take Damage","damage_taken":20,"relics_obtained":["Golden Idol"],"max_hp_gain":0,"max_hp_loss":0,"event_name":"Golden Idol","floor":2,"gold_loss":0},{"damage_healed":0,"gold_gain":75,"player_choice":"Gather Gold","damage_taken":11,"max_hp_gain":0,"max_hp_loss":0,"event_name":"World of Goop","floor":4,"gold_loss":0},{"cards_removed":["Strike_R"],"damage_healed":0,"gold_gain":0,"player_choice":"Card Removal","damage_taken":7,"max_hp_gain":0,"max_hp_loss":0,"event_name":"Golden Wing","floor":5,"gold_loss":0}],"is_beta":false,"boss_relics":[],"items_purged_floors":[],"is_endless":false,"potions_floor_spawned":[3,8],"killed_by":"Hexaghost","ascension_level":1}