{"gold_per_floor":[112,112,112,287,11,46,119,144,171,184,203,203,234,251,251,352,352,364,464,478,488,499,499,303,303,350,48,48,62,12,32,32,132,132,149,159,48,61,61,61,61,89,161,180,191,203,0,20,20,20],"floor_reached":51,"playtime":2716,"items_purged":["Doubt","Strike_R","Strike_R","Strike_R","Strike_R+1"],"score":989,"play_id":"1ef28f15-2ca3-42e5-85f6-37949e980491","local_time":"20190217224220","is_ascension_mode":true,"campfire_choices":[{"data":"Body Slam","floor":12.0,"key":"SMITH"},{"data":"Juggernaut","floor":15.0,"key":"SMITH"},{"data":"Entrench","floor":23.0,"key":"SMITH"},{"data":"Power Through","floor":25.0,"key":"SMITH"},{"data":"Bash","floor":28.0,"key":"SMITH"},{"data":"Evolve","floor":32.0,"key":"SMITH"},{"data":"Defend_R","floor":40.0,"key":"SMITH"},{"data":"Defend_R","floor":49,"key":"SMITH"}],"neow_cost":"NONE","seed_source_timestamp":91928180515571,"circlet_count":0,"master_deck":["Defend_R+1","Defend_R+1","Defend_R","Defend_R","Bash+1","Power Through+1","Evolve+1","Entrench+1","Body Slam+1","Juggernaut+1","Impervious+1","Armaments+1","Barricade+1","Second Wind+1","Metallicize+1","Parasite"],"special_seed":0,"relics":["Burning Blood","NeowsBlessing","Smiling Mask","Happy Flower","Bag of Preparation","Toxic Egg 2","Dream Catcher","Oddly Smooth Stone","Thread and Needle","Sozu","Bronze Scales","Regal Pillow","Frozen Egg 2","Runic Cube","Gambling Chip","Whetstone","Question Card","Anchor"],"potions_floor_usage":[],"damage_taken":[{"damage":0.0,"enemies":"Small Slimes","floor":1.0,"turns":1.0},{"damage":0.0,"enemies":"Gremlin Nob","floor":6.0,"turns":1.0},{"damage":0.0,"enemies":"Lagavulin","floor":8.0,"turns":1.0},{"damage":0.0,"enemies":"2 Louse","floor":10.0,"turns":4.0},{"damage":0.0,"enemies":"Jaw Worm","floor":11.0,"turns":3.0},{"damage":20.0,"enemies":"Gremlin Nob","floor":13.0,"turns":4.0},{"damage":0.0,"enemies":"Looter","floor":14.0,"turns":2.0},{"damage":28.0,"enemies":"The Guardian","floor":16.0,"turns":8.0},{"damage":6.0,"enemies":"Chosen","floor":18.0,"turns":4.0},{"damage":0.0,"enemies":"3 Byrds","floor":20.0,"turns":5.0},{"damage":12.0,"enemies":"3 Cultists","floor":21.0,"turns":5.0},{"damage":22.0,"enemies":"Centurion and Healer","floor":22.0,"turns":9.0},{"damage":0.0,"enemies":"Shelled Parasite and Fungi","floor":29.0,"turns":4.0},{"damage":0.0,"enemies":"3 Cultists","floor":31.0,"turns":4.0},{"damage":7.0,"enemies":"Collector","floor":33.0,"turns":9.0},{"damage":0.0,"enemies":"Orb Walker","floor":35.0,"turns":3.0},{"damage":3.0,"enemies":"3 Darklings","floor":36.0,"turns":5.0},{"damage":0.0,"enemies":"Writhing Mass","floor":38.0,"turns":4.0},{"damage":0.0,"enemies":"Nemesis","floor":42.0,"turns":7.0},{"damage":0.0,"enemies":"Spire Growth","floor":44.0,"turns":4.0},{"damage":0.0,"enemies":"3 Darklings","floor":45.0,"turns":5.0},{"damage":0.0,"enemies":"Maw","floor":46.0,"turns":5.0},{"damage":1,"enemies":"Writhing Mass","floor":48,"turns":4},{"damage":0,"enemies":"Awakened One","floor":50,"turns":8}],"seed_played":"6694669390326749047","potions_obtained":[{"floor":1.0,"key":"Strength Potion"},{"floor":10.0,"key":"GamblersBrew"},{"floor":11.0,"key":"Dexterity Potion"},{"floor":13.0,"key":"GamblersBrew"},{"floor":16.0,"key":"PowerPotion"}],"is_trial":false,"path_per_floor":["M","?","?","?","$","E","T","E","T","M","M","R","E","M","R","B",null,"M","?","M","M","M","R","$","R","T","$","R","M","$","M","R","B",null,"M","M","$","M","?","R","?","E","T","M","M","M","$","M","R","B",null],"character_chosen":"IRONCLAD","items_purchased":["Happy Flower","Evolve","Bronze Scales","Frozen Egg 2","Second Wind+1","Metallicize+1","Anchor"],"campfire_rested":0,"item_purchase_floors":[5,5,24,27,37,37,47],"current_hp_per_floor":[80,73,55,55,55,61,61,67,67,73,79,79,65,71,71,49,80,80,80,80,74,58,58,58,58,58,58,58,64,64,70,70,69,80,80,80,80,80,80,80,80,80,80,80,80,80,80,80,80,80],"gold":20,"neow_bonus":"THREE_ENEMY_KILL","is_prod":false,"is_daily":false,"chose_seed":false,"campfire_upgraded":8,"win_rate":0,"timestamp":1550410940,"path_taken":["M","?","?","?","$","E","?","E","T","?","M","R","E","M","R","BOSS","M","?","?","M","?","R","$","R","T","$","R","M","$","M","R","BOSS","M","M","$","M","?","R","?","E","T","M","M","M","$","M","R","BOSS"],"build_version":"2019-01-23","purchased_purges":5,"victory":true,"max_hp_per_floor":[80,80,80,80,80,80,80,80,80,80,80,80,80,80,80,80,80,80,80,80,80,80,80,80,80,80,80,80,80,80,80,80,80,80,80,80,80,80,80,80,80,80,80,80,80,80,80,80,80,80],"card_choices":[{"not_picked":["Warcry","Shrug It Off"],"picked":"Power Through","floor":1.0},{"not_picked":["Clothesline","Anger"],"picked":"Entrench","floor":6.0},{"not_picked":["Armaments+1","Reckless Charge"],"picked":"Body Slam","floor":8.0},{"not_picked":["Dual Wield+1","Headbutt","Twin Strike"],"picked":"SKIP","floor":10.0},{"not_picked":["Headbutt","Clothesline","Twin Strike"],"picked":"SKIP","floor":11.0},{"not_picked":["Headbutt","Clothesline","Twin Strike"],"picked":"SKIP","floor":11.0},{"not_picked":["Headbutt","Sword Boomerang","Burning Pact+1"],"picked":"SKIP","floor":13.0},{"not_picked":["Clash","Burning Pact+1"],"picked":"Juggernaut","floor":14.0},{"not_picked":["Fiend Fire","Berserk"],"picked":"Impervious+1","floor":16.0},{"not_picked":["Anger+1","Warcry+1"],"picked":"Bloodletting+1","floor":18.0},{"not_picked":["Clothesline+1","True Grit+1"],"picked":"Armaments+1","floor":20.0},{"not_picked":["True Grit+1","Searing Blow","Havoc+1"],"picked":"SKIP","floor":21.0},{"not_picked":["Twin Strike","Searing Blow+1","Bloodletting+1"],"picked":"SKIP","floor":22.0},{"not_picked":["Warcry+1","Uppercut","Anger"],"picked":"SKIP","floor":29.0},{"not_picked":["Twin Strike","Havoc+1","Headbutt"],"picked":"SKIP","floor":31.0},{"not_picked":["Fiend Fire","Bludgeon"],"picked":"Barricade+1","floor":33.0},{"not_picked":["Armaments+1","Heavy Blade","Corruption+1"],"picked":"SKIP","floor":35.0},{"not_picked":["Twin Strike+1","Heavy Blade+1","Cleave+1"],"picked":"SKIP","floor":36.0},{"not_picked":["Infernal Blade+1","Uppercut","Warcry+1"],"picked":"SKIP","floor":38.0},{"not_picked":["Evolve+1","Carnage+1","Cleave"],"picked":"SKIP","floor":42.0},{"not_picked":["Second Wind+1","Uppercut","Searing Blow","Shrug It Off+1"],"picked":"SKIP","floor":44.0},{"not_picked":["Second Wind+1","Uppercut","Searing Blow","Shrug It Off+1"],"picked":"SKIP","floor":44.0},{"not_picked":["Wild Strike+1","Anger","Intimidate+1","Flex+1"],"picked":"SKIP","floor":45.0},{"not_picked":["Inflame+1","Havoc+1","Clothesline+1","Evolve+1"],"picked":"SKIP","floor":46.0},{"not_picked":["Burning Pact+1","Exhume+1","Twin Strike","Sword Boomerang"],"picked":"SKIP","floor":48}],"player_experience":118788,"relics_obtained":[{"floor":6.0,"key":"Bag of Preparation"},{"floor":7.0,"key":"Toxic Egg 2"},{"floor":8.0,"key":"Dream Catcher"},{"floor":9.0,"key":"Oddly Smooth Stone"},{"floor":13.0,"key":"Thread and Needle"},{"floor":26.0,"key":"Regal Pillow"},{"floor":41.0,"key":"Gambling Chip"},{"floor":42.0,"key":"Whetstone"},{"floor":43.0,"key":"Question Card"}],"event_choices":[{"cards_removed":["Strike_R"],"damage_healed":0.0,"max_hp_gain":0.0,"max_hp_loss":0.0,"gold_gain":0.0,"event_name":"Golden Wing","player_choice":"Card Removal","floor":2.0,"gold_loss":0.0,"damage_taken":7.0},{"damage_healed":0.0,"max_hp_gain":0.0,"max_hp_loss":0.0,"gold_gain":0.0,"event_name":"Scrap Ooze","player_choice":"Success","floor":3.0,"gold_loss":0.0,"damage_taken":18.0,"relics_obtained":["Smiling Mask"]},{"damage_healed":0.0,"max_hp_gain":0.0,"max_hp_loss":0.0,"gold_gain":175.0,"event_name":"Liars Game","player_choice":"AGREE","floor":4.0,"gold_loss":0.0,"damage_taken":0.0,"cards_obtained":["Doubt"]},{"damage_healed":0.0,"max_hp_gain":0.0,"max_hp_loss":0.0,"gold_gain":100.0,"event_name":"Golden Shrine","player_choice":"Pray","floor":19.0,"gold_loss":0.0,"damage_taken":0.0},{"cards_removed":["Bloodletting"],"damage_healed":0.0,"max_hp_gain":0.0,"max_hp_loss":0.0,"gold_gain":0.0,"event_name":"Falling","player_choice":"Removed Skill","floor":39.0,"gold_loss":0.0,"damage_taken":0.0},{"damage_healed":0.0,"max_hp_gain":0.0,"max_hp_loss":0.0,"gold_gain":0.0,"event_name":"Wheel of Change","player_choice":"Relic","floor":41.0,"gold_loss":0.0,"damage_taken":0.0}],"is_beta":false,"boss_relics":[{"not_picked":["Fusion Hammer","Runic Dome"],"picked":"Sozu"},{"not_picked":["Coffee Dripper","Tiny House"],"picked":"Runic Cube"}],"items_purged_floors":[5,24,27,30,47],"is_endless":false,"potions_floor_spawned":[1,10,11,13,16,21,29,33,35,38,44,48],"ascension_level":1}