{"gold_per_floor":[219,235,310,324,65,65,65,99,99,99,138,65,88,113,113,242,242,279,316,328,340],"floor_reached":21,"playtime":1276,"items_purged":["Strike_R"],"score":384,"play_id":"5839b57a-1148-41f8-9c16-3e44b2e6245e","local_time":"20190305122029","is_ascension_mode":true,"campfire_choices":[{"data":"Barricade","floor":6.0,"key":"SMITH"},{"floor":10.0,"key":"REST"},{"floor":15.0,"key":"REST"}],"neow_cost":"NONE","seed_source_timestamp":7608844469725,"circlet_count":0,"master_deck":["AscendersBane","Strike_R+1","Strike_R+1","Strike_R+1","Strike_R+1","Defend_R+1","Defend_R+1","Defend_R+1","Defend_R+1","Bash","Entrench","Wild Strike","Barricade+1","Sever Soul","Injury","Ghostly Armor","Offering","Second Wind","Feel No Pain+1","Juggernaut+1","Decay","Writhe","Shame","Sentinel"],"special_seed":0,"relics":["Burning Blood","Golden Idol","Vajra","Frozen Egg 2","Art of War","Calling Bell","MawBank","Meat on the Bone","Nunchaku"],"potions_floor_usage":[],"damage_taken":[{"damage":0.0,"enemies":"Small Slimes","floor":1.0,"turns":3.0},{"damage":14.0,"enemies":"Jaw Worm","floor":2.0,"turns":3.0},{"damage":6.0,"enemies":"Cultist","floor":4.0,"turns":3.0},{"damage":40.0,"enemies":"Lagavulin","floor":8.0,"turns":5.0},{"damage":40.0,"enemies":"3 Sentries","floor":11.0,"turns":10.0},{"damage":14.0,"enemies":"Large Slime","floor":13.0,"turns":9.0},{"damage":13.0,"enemies":"Lots of Slimes","floor":14.0,"turns":3.0},{"damage":34.0,"enemies":"The Guardian","floor":16.0,"turns":18.0},{"damage":8.0,"enemies":"Chosen","floor":18.0,"turns":6.0},{"damage":52.0,"enemies":"Shell Parasite","floor":19.0,"turns":8.0},{"damage":29,"enemies":"Snake Plant","floor":21,"turns":3}],"seed_played":"-5095991664707398208","potions_obtained":[{"floor":4.0,"key":"Poison Potion"},{"floor":11.0,"key":"Regen Potion"},{"floor":13.0,"key":"AttackPotion"},{"floor":14.0,"key":"Strength Potion"},{"floor":18.0,"key":"Weak Potion"}],"is_trial":false,"path_per_floor":["M","M","?","M","$","R","?","E","T","R","E","$","M","M","R","B",null,"M","M","?","M"],"character_chosen":"IRONCLAD","items_purchased":["Barricade","Sever Soul","Second Wind"],"campfire_rested":2,"item_purchase_floors":[5,5,12],"current_hp_per_floor":[78,70,59,59,59,59,59,25,25,49,15,15,22,15,39,11,63,61,27,27,0],"gold":340,"neow_bonus":"HUNDRED_GOLD","is_prod":false,"is_daily":false,"chose_seed":false,"campfire_upgraded":1,"win_rate":0,"timestamp":1551756029,"path_taken":["M","M","?","M","$","R","?","E","T","R","E","$","M","?","R","BOSS","M","M","?","M"],"build_version":"2019-01-23","purchased_purges":1,"victory":false,"max_hp_per_floor":[80,80,80,80,80,80,80,80,80,80,80,80,80,80,80,80,80,80,80,80,80],"card_choices":[{"not_picked":["Sword Boomerang","Perfected Strike"],"picked":"Entrench","floor":1.0},{"not_picked":["Dropkick","Pommel Strike"],"picked":"Wild Strike","floor":2.0},{"not_picked":["Combust","Iron Wave","Uppercut"],"picked":"SKIP","floor":4.0},{"not_picked":["Sword Boomerang","Warcry"],"picked":"Ghostly Armor","floor":8.0},{"not_picked":["Armaments","Wild Strike"],"picked":"Offering","floor":11.0},{"not_picked":["Fire Breathing+1","Infernal Blade","Twin Strike"],"picked":"SKIP","floor":13.0},{"not_picked":["Clash","Shrug It Off"],"picked":"Feel No Pain+1","floor":14.0},{"not_picked":["Barricade+1","Double Tap"],"picked":"Juggernaut+1","floor":16.0},{"not_picked":["Perfected Strike+1","Heavy Blade","Armaments"],"picked":"SKIP","floor":18.0},{"not_picked":["Pommel Strike","Bludgeon"],"picked":"Sentinel","floor":19.0}],"player_experience":229794,"relics_obtained":[{"floor":8.0,"key":"Vajra"},{"floor":9.0,"key":"Frozen Egg 2"},{"floor":11.0,"key":"Art of War"},{"floor":17.0,"key":"MawBank"},{"floor":17.0,"key":"Meat on the Bone"},{"floor":17.0,"key":"Nunchaku"}],"event_choices":[{"damage_healed":0.0,"max_hp_gain":0.0,"max_hp_loss":0.0,"gold_gain":75.0,"event_name":"World of Goop","player_choice":"Gather Gold","floor":3.0,"gold_loss":0.0,"damage_taken":11.0},{"damage_healed":0.0,"max_hp_gain":0.0,"max_hp_loss":0.0,"gold_gain":0.0,"event_name":"Golden Idol","player_choice":"Take Wound","floor":7.0,"gold_loss":0.0,"damage_taken":0.0,"relics_obtained":["Golden Idol"],"cards_obtained":["Injury"]},{"damage_healed":0.0,"max_hp_gain":0.0,"max_hp_loss":0.0,"gold_gain":0.0,"event_name":"Back to Basics","player_choice":"Simplicity","floor":20.0,"gold_loss":0.0,"damage_taken":0.0,"cards_upgraded":["Strike_R","Strike_R","Strike_R","Strike_R","Defend_R","Defend_R","Defend_R","Defend_R"]}],"is_beta":false,"boss_relics":[{"not_picked":["Runic Cube","Lizard Tail"],"picked":"Calling Bell"}],"items_purged_floors":[5],"is_endless":false,"potions_floor_spawned":[4,11,13,14,18],"killed_by":"Snake Plant","ascension_level":10}