{"gold_per_floor":[116,41,61,61,76,76,76,76,100,112,112,130,146,177,177,177],"floor_reached":16,"playtime":434,"items_purged":["Decay"],"score":204,"play_id":"758ff99b-265a-44d7-b1b2-efea7350da5a","local_time":"20190319011711","is_ascension_mode":true,"campfire_choices":[{"data":"Whirlwind","floor":6.0,"key":"SMITH"},{"floor":11.0,"key":"REST"},{"floor":15,"key":"DIG"}],"neow_cost":"CURSE","seed_source_timestamp":1024056141928820,"circlet_count":0,"master_deck":["AscendersBane","Strike_R","Strike_R","Strike_R","Strike_R","Defend_R+1","Defend_R+1","Defend_R","Defend_R","Bash","Reaper","Pommel Strike","Whirlwind+1","Metallicize","Double Tap"],"special_seed":0,"relics":["Burning Blood","Bag of Preparation","Blood Vial","Shovel","Frozen Egg 2"],"potions_floor_usage":[14,16],"damage_taken":[{"damage":21.0,"enemies":"Jaw Worm","floor":1.0,"turns":4.0},{"damage":8.0,"enemies":"Small Slimes","floor":3.0,"turns":4.0},{"damage":7.0,"enemies":"Cultist","floor":5.0,"turns":4.0},{"damage":6.0,"enemies":"2 Fungi Beasts","floor":10.0,"turns":2.0},{"damage":10.0,"enemies":"Exordium Thugs","floor":12.0,"turns":4.0},{"damage":0,"enemies":"Red Slaver","floor":13,"turns":4},{"damage":32,"enemies":"Gremlin Nob","floor":14,"turns":4},{"damage":48,"enemies":"Slime Boss","floor":16,"turns":8}],"seed_played":"-3981673642724750609","potions_obtained":[{"floor":3.0,"key":"AttackPotion"},{"floor":10.0,"key":"Strength Potion"},{"floor":12.0,"key":"LiquidBronze"}],"is_trial":false,"path_per_floor":["M","$","M","?","M","R","?","?","T","M","R","M","M","E","R","B"],"character_chosen":"IRONCLAD","items_purchased":[],"campfire_rested":1,"item_purchase_floors":[],"current_hp_per_floor":[53,53,53,42,45,45,22,22,22,30,52,58,66,42,42,0],"gold":177,"neow_bonus":"THREE_RARE_CARDS","is_prod":false,"is_daily":false,"chose_seed":false,"campfire_upgraded":1,"win_rate":0,"timestamp":1552925831,"path_taken":["M","$","M","?","M","R","?","?","T","?","R","M","M","E","R","BOSS"],"build_version":"2019-01-23","purchased_purges":1,"victory":false,"max_hp_per_floor":[75,75,75,75,75,75,75,75,75,75,75,75,75,75,75,75],"card_choices":[{"not_picked":["Limit Break","Double Tap"],"picked":"Reaper","floor":0.0},{"not_picked":["Dropkick","Dual Wield"],"picked":"Pommel Strike","floor":1.0},{"not_picked":["Thunderclap","Headbutt"],"picked":"Whirlwind","floor":3.0},{"not_picked":["Twin Strike","Combust","Sword Boomerang"],"picked":"SKIP","floor":5.0},{"not_picked":["Wild Strike","Headbutt","Sentinel"],"picked":"SKIP","floor":10.0},{"not_picked":["Cleave","Body Slam","Thunderclap"],"picked":"SKIP","floor":12.0},{"not_picked":["Twin Strike","Sever Soul"],"picked":"Metallicize","floor":13},{"not_picked":["Blood for Blood","Pommel Strike"],"picked":"Double Tap","floor":14}],"player_experience":748593,"relics_obtained":[{"floor":9.0,"key":"Blood Vial"},{"floor":14,"key":"Shovel"},{"floor":15,"key":"Frozen Egg 2"}],"event_choices":[{"damage_healed":0.0,"max_hp_gain":0.0,"max_hp_loss":0.0,"gold_gain":0.0,"event_name":"Scrap Ooze","player_choice":"Success","floor":4.0,"gold_loss":0.0,"damage_taken":11.0,"relics_obtained":["Bag of Preparation"]},{"damage_healed":0.0,"max_hp_gain":0.0,"max_hp_loss":0.0,"gold_gain":0.0,"event_name":"Shining Light","player_choice":"Entered Light","floor":7.0,"gold_loss":0.0,"damage_taken":23.0,"cards_upgraded":["Defend_R","Defend_R"]},{"cards_removed":["Strike_R"],"damage_healed":0.0,"max_hp_gain":0.0,"max_hp_loss":0.0,"gold_gain":0.0,"event_name":"Bonfire Elementals","player_choice":"Offered Basic","floor":8.0,"gold_loss":0.0,"damage_taken":0.0}],"is_beta":false,"boss_relics":[],"items_purged_floors":[2],"is_endless":false,"potions_floor_spawned":[3,10,12],"killed_by":"Slime Boss","ascension_level":20}