{"gold_per_floor":[114,124,136,156,172,104,121,106,159,170,58,58],"floor_reached":12,"playtime":1581,"items_purged":["Strike_G"],"score":76,"play_id":"ba861431-0f17-433f-92eb-4145d9e9a641","local_time":"20190303075521","is_ascension_mode":false,"campfire_choices":[],"neow_cost":"NONE","seed_source_timestamp":46377454814983,"circlet_count":0,"master_deck":["Defend_G","Defend_G","Defend_G","Defend_G","Defend_G","Strike_G","Strike_G","Strike_G","Strike_G","Survivor","Neutralize","Blur","Prepared","Deflect","Deadly Poison","Bullet Time","Noxious Fumes","Backflip","Crippling Poison","Choke","Escape Plan"],"relics":["Ring of the Snake","Blood Vial"],"potions_floor_usage":[4,7,10,12,12],"damage_taken":[{"damage":0,"enemies":"Cultist","floor":1,"turns":5},{"damage":16,"enemies":"Jaw Worm","floor":2,"turns":8},{"damage":0,"enemies":"2 Louse","floor":3,"turns":4},{"damage":40,"enemies":"Exordium Thugs","floor":4,"turns":13},{"damage":12,"enemies":"Lots of Slimes","floor":5,"turns":8},{"damage":0,"enemies":"3 Louse","floor":7,"turns":2},{"damage":8,"enemies":"Exordium Thugs","floor":8,"turns":4},{"damage":0,"enemies":"Blue Slaver","floor":10,"turns":5},{"damage":5,"enemies":"Large Slime","floor":12,"turns":6}],"seed_played":"-3880483231280824045","potions_obtained":[{"floor":1,"key":"EssenceOfSteel"},{"floor":5,"key":"Explosive Potion"},{"floor":7,"key":"Ancient Potion"},{"floor":8,"key":"Explosive Potion"},{"floor":10,"key":"Block Potion"}],"is_trial":false,"path_per_floor":["M","M","M","M","M","$","M","M","T","M","$","M"],"character_chosen":"THE_SILENT","items_purchased":["Noxious Fumes","Escape Plan"],"campfire_rested":0,"item_purchase_floors":[6,11],"current_hp_per_floor":[77,61,61,21,9,9,9,1,1,3,3,0],"gold":58,"neow_bonus":"TEN_PERCENT_HP_BONUS","is_prod":false,"is_daily":false,"chose_seed":false,"campfire_upgraded":0,"win_rate":1,"timestamp":1551567321,"path_taken":["M","M","M","M","M","$","?","M","T","M","$","M"],"build_version":"2019-01-23","purchased_purges":1,"victory":false,"max_hp_per_floor":[77,77,77,77,77,77,77,77,77,77,77,77],"card_choices":[{"not_picked":["Choke","Sucker Punch"],"picked":"Blur","floor":1},{"not_picked":["PiercingWail","Backflip"],"picked":"Prepared","floor":2},{"not_picked":["Dodge and Roll","Backstab"],"picked":"Deflect","floor":3},{"not_picked":["Choke","Poisoned Stab"],"picked":"Deadly Poison","floor":4},{"not_picked":["Underhanded Strike","Riddle With Holes"],"picked":"Bullet Time","floor":5},{"not_picked":["Eviscerate","Slice"],"picked":"Backflip","floor":7},{"not_picked":["Endless Agony","Backflip"],"picked":"Crippling Poison","floor":8},{"not_picked":["Terror","Dagger Throw"],"picked":"Choke","floor":10}],"player_experience":10127,"relics_obtained":[{"floor":9,"key":"Blood Vial"}],"event_choices":[],"is_beta":false,"boss_relics":[],"items_purged_floors":[11],"is_endless":false,"potions_floor_spawned":[1,5,7,8,10],"killed_by":"Large Slime","ascension_level":0}