{"gold_per_floor":[119,44,44,44,62,62,82,82,133,33,108,124,148,148,148,279,279,292,311,332,332,347,347,370,391,391,416,135,160,195,220,220,220],"floor_reached":33,"playtime":1654,"items_purged":["Strike_R","Regret","Strike_R"],"score":298,"play_id":"f7b0808f-58d9-482b-85cc-0cce2724ecb0","local_time":"20190218231301","is_ascension_mode":true,"campfire_choices":[{"data":"Bash","floor":6,"key":"SMITH"},{"data":"Body Slam","floor":8,"key":"SMITH"},{"data":"Battle Trance","floor":15,"key":"SMITH"},{"data":"Juggernaut","floor":23,"key":"SMITH"},{"floor":32,"key":"REST"}],"neow_cost":"NONE","seed_source_timestamp":181358125171268,"circlet_count":0,"master_deck":["Strike_R","Strike_R","Defend_R","Defend_R","Defend_R","Defend_R","Bash+1","Battle Trance+1","Body Slam+1","Disarm","Juggernaut+1","Spot Weakness","Metallicize","Thunderclap+1","Whirlwind+1","Spot Weakness+1"],"relics":["Burning Blood","Lantern","Golden Idol","Darkstone Periapt","Potion Belt","Bronze Scales","Mark of Pain","Ancient Tea Set","Molten Egg 2","PreservedInsect","Frozen Egg 2"],"potions_floor_usage":[19,20,27,30,30,31,33],"damage_taken":[{"damage":5,"enemies":"2 Louse","floor":1,"turns":3},{"damage":17,"enemies":"Jaw Worm","floor":5,"turns":6},{"damage":3,"enemies":"Cultist","floor":7,"turns":3},{"damage":2,"enemies":"3 Louse","floor":12,"turns":4},{"damage":30,"enemies":"Hexaghost","floor":16,"turns":12},{"damage":19,"enemies":"Shell Parasite","floor":18,"turns":5},{"damage":22,"enemies":"Spheric Guardian","floor":19,"turns":4},{"damage":17,"enemies":"Centurion and Healer","floor":20,"turns":7},{"damage":15,"enemies":"Cultist and Chosen","floor":22,"turns":5},{"damage":19,"enemies":"Snake Plant","floor":25,"turns":4},{"damage":13,"enemies":"Snecko","floor":27,"turns":4},{"damage":28,"enemies":"Centurion and Healer","floor":29,"turns":5},{"damage":2,"enemies":"Gremlin Leader","floor":30,"turns":3},{"damage":6,"enemies":"Chosen and Byrds","floor":31,"turns":4},{"damage":52,"enemies":"Automaton","floor":33,"turns":6}],"seed_played":"-5380855135154561087","potions_obtained":[{"floor":5,"key":"SkillPotion"},{"floor":7,"key":"AttackPotion"},{"floor":12,"key":"Swift Potion"},{"floor":16,"key":"BloodPotion"},{"floor":18,"key":"Regen Potion"},{"floor":20,"key":"SkillPotion"},{"floor":25,"key":"SpeedPotion"}],"is_trial":false,"path_per_floor":["M","$","?","?","M","R","M","R","T","$","?","M","T","?","R","B",null,"M","M","M","?","M","R","T","M","T","M","$","M","E","M","R","B"],"character_chosen":"IRONCLAD","items_purchased":["PreservedInsect"],"campfire_rested":1,"item_purchase_floors":[28],"current_hp_per_floor":[80,80,60,66,55,55,58,58,58,58,47,51,51,51,51,27,86,73,65,68,68,59,59,59,46,46,39,39,17,21,21,46,0],"gold":220,"neow_bonus":"RANDOM_COMMON_RELIC","is_prod":false,"is_daily":false,"chose_seed":false,"campfire_upgraded":4,"win_rate":0,"timestamp":1550499181,"path_taken":["M","$","?","?","M","R","M","R","T","$","?","?","?","?","R","BOSS","M","?","M","?","M","R","?","?","T","M","$","M","E","M","R","BOSS"],"build_version":"2019-01-23","purchased_purges":3,"victory":false,"max_hp_per_floor":[80,80,80,86,86,86,86,86,86,86,86,86,86,86,86,86,86,86,86,86,86,86,86,86,86,86,86,86,86,86,86,86,86],"card_choices":[{"not_picked":["Twin Strike","Clothesline"],"picked":"Battle Trance","floor":1},{"not_picked":["Uppercut","Wild Strike","Dropkick"],"picked":"SKIP","floor":5},{"not_picked":["Bloodletting","Seeing Red"],"picked":"Body Slam","floor":7},{"not_picked":["Warcry","Clash","Dual Wield"],"picked":"SKIP","floor":12},{"not_picked":["Immolate","Offering"],"picked":"Juggernaut","floor":16},{"not_picked":["Fire Breathing","Perfected Strike+1"],"picked":"Spot Weakness","floor":18},{"not_picked":["Clash","Havoc+1"],"picked":"Metallicize","floor":19},{"not_picked":["Flex+1","Thunderclap","Headbutt"],"picked":"SKIP","floor":20},{"not_picked":["Warcry","Pommel Strike"],"picked":"Thunderclap+1","floor":22},{"not_picked":["Rupture","Heavy Blade+1","Cleave"],"picked":"SKIP","floor":25},{"not_picked":["Rampage+1","Juggernaut","Searing Blow+1"],"picked":"SKIP","floor":27},{"not_picked":["Rampage+1","Juggernaut","Searing Blow+1"],"picked":"SKIP","floor":27},{"not_picked":["Flex+1","Headbutt+1"],"picked":"Whirlwind+1","floor":29},{"not_picked":["Exhume","Thunderclap+1"],"picked":"Spot Weakness+1","floor":30},{"not_picked":["Flex","Wild Strike+1","Spot Weakness+1"],"picked":"SKIP","floor":31}],"player_experience":135715,"relics_obtained":[{"floor":9,"key":"Potion Belt"},{"floor":13,"key":"Bronze Scales"},{"floor":24,"key":"Ancient Tea Set"},{"floor":26,"key":"Molten Egg 2"},{"floor":30,"key":"Frozen Egg 2"}],"event_choices":[{"damage_healed":0,"gold_gain":0,"player_choice":"Take Damage","damage_taken":20,"relics_obtained":["Golden Idol"],"max_hp_gain":0,"max_hp_loss":0,"event_name":"Golden Idol","floor":3,"gold_loss":0},{"damage_healed":0,"gold_gain":0,"player_choice":"Box","damage_taken":0,"relics_obtained":["Darkstone Periapt"],"max_hp_gain":0,"max_hp_loss":0,"event_name":"Big Fish","floor":4,"gold_loss":0,"cards_obtained":["Regret"]},{"damage_healed":0,"gold_gain":75,"player_choice":"Gather Gold","damage_taken":11,"max_hp_gain":0,"max_hp_loss":0,"event_name":"World of Goop","floor":11,"gold_loss":0},{"damage_healed":0,"gold_gain":0,"cards_transformed":["Strike_R"],"player_choice":"Transformed","damage_taken":0,"max_hp_gain":0,"max_hp_loss":0,"event_name":"Transmorgrifier","floor":14,"gold_loss":0,"cards_obtained":["Disarm"]},{"damage_healed":0,"gold_gain":0,"player_choice":"Ignored","damage_taken":0,"max_hp_gain":0,"max_hp_loss":0,"event_name":"Ghosts","floor":21,"gold_loss":0}],"is_beta":false,"boss_relics":[{"not_picked":["Coffee Dripper","Eternal Feather"],"picked":"Mark of Pain"}],"items_purged_floors":[2,10,28],"is_endless":false,"potions_floor_spawned":[5,7,12,16,18,20,25],"killed_by":"Automaton","ascension_level":3}