{"gold_per_floor":[12,12,12,12,28,28,40,50,76,104,123,123,153,167,167,271,271,284,383,383,113,125,125,137,62,89,89,109,123,123,223,223,323,323,334,353,47,57,71,71],"floor_reached":40,"playtime":4724,"items_purged":["All For One","Hyperbeam"],"score":589,"play_id":"5f0fcbea-bf8a-4b0c-a826-0a2a6c2e7864","local_time":"20190119152801","is_ascension_mode":true,"campfire_choices":[{"data":"Glacier","floor":6.0,"key":"SMITH"},{"data":"Defragment","floor":12.0,"key":"SMITH"},{"floor":15.0,"key":"REST"},{"floor":23.0,"key":"REST"},{"floor":30.0,"key":"REST"},{"floor":32.0,"key":"REST"}],"neow_cost":"NO_GOLD","seed_source_timestamp":69740805152825,"circlet_count":0,"master_deck":["AscendersBane","Zap","Dualcast","Glacier+1","Blizzard","Defragment+1","Sunder","Darkness","Machine Learning","Consume","Skim","Loop","Static Discharge","Leap","Chill","Auto Shields","Chill","Chill","Conserve Battery","Buffer","Coolheaded"],"special_seed":0,"relics":["Cracked Core","PreservedInsect","Odd Mushroom","Tiny Chest","Pandora\u0027s Box","Bronze Scales","Blood Vial","Busted Crown","Orichalcum"],"potions_floor_usage":[39],"damage_taken":[{"damage":0.0,"enemies":"Jaw Worm","floor":1.0,"turns":3.0},{"damage":1.0,"enemies":"2 Louse","floor":5.0,"turns":2.0},{"damage":2.0,"enemies":"Small Slimes","floor":7.0,"turns":3.0},{"damage":1.0,"enemies":"2 Fungi Beasts","floor":8.0,"turns":3.0},{"damage":32.0,"enemies":"The Mushroom Lair","floor":10.0,"turns":4.0},{"damage":0.0,"enemies":"Exordium Wildlife","floor":11.0,"turns":3.0},{"damage":5.0,"enemies":"Large Slime","floor":14.0,"turns":6.0},{"damage":30.0,"enemies":"The Guardian","floor":16.0,"turns":12.0},{"damage":14.0,"enemies":"Spheric Guardian","floor":18.0,"turns":7.0},{"damage":40.0,"enemies":"Colosseum Slavers","floor":20.0,"turns":4.0},{"damage":9.0,"enemies":"3 Byrds","floor":22.0,"turns":2.0},{"damage":6.0,"enemies":"Snake Plant","floor":24.0,"turns":5.0},{"damage":22.0,"enemies":"Snecko","floor":28.0,"turns":5.0},{"damage":18.0,"enemies":"Centurion and Healer","floor":29.0,"turns":7.0},{"damage":63.0,"enemies":"Champ","floor":33.0,"turns":20.0},{"damage":3.0,"enemies":"3 Darklings","floor":35.0,"turns":5.0},{"damage":14.0,"enemies":"Orb Walker","floor":36.0,"turns":4.0},{"damage":10.0,"enemies":"4 Shapes","floor":38.0,"turns":9.0},{"damage":33,"enemies":"Transient","floor":39,"turns":5},{"damage":27,"enemies":"Reptomancer","floor":40,"turns":2}],"seed_played":"5373001537360407030","potions_obtained":[{"floor":5.0,"key":"Swift Potion"},{"floor":8.0,"key":"Strength Potion"},{"floor":10.0,"key":"SpeedPotion"},{"floor":18.0,"key":"Dexterity Potion"},{"floor":29.0,"key":"Weak Potion"},{"floor":36.0,"key":"Ancient Potion"}],"is_trial":false,"path_per_floor":["M","?","?","$","M","R","M","M","T","?","M","R","?","M","R","B",null,"M","?","?","$","M","R","M","?","T","?","M","M","R","?","R","B",null,"M","M","$","M","M","E"],"character_chosen":"DEFECT","items_purchased":["Chill","Bronze Scales","Coolheaded","Orichalcum"],"campfire_rested":4,"item_purchase_floors":[21,21,37,37],"current_hp_per_floor":[82,82,82,82,81,81,79,78,78,46,46,46,34,29,55,25,73,59,59,19,19,10,36,30,30,30,59,39,23,49,49,75,14,70,69,57,57,49,18,0],"gold":71,"neow_bonus":"TWENTY_PERCENT_HP_BONUS","is_prod":false,"is_daily":false,"chose_seed":false,"campfire_upgraded":2,"win_rate":0,"timestamp":1547929681,"path_taken":["M","?","?","?","M","R","M","M","T","?","M","R","?","M","R","BOSS","M","?","?","?","?","R","M","?","T","?","M","M","R","?","R","BOSS","M","M","$","?","M","E"],"build_version":"2019-01-17v2","purchased_purges":2,"victory":false,"max_hp_per_floor":[89,89,89,89,89,89,89,89,89,89,89,89,89,89,89,89,89,89,89,89,89,89,89,89,89,89,89,89,89,89,89,89,89,89,89,89,89,89,89,89],"card_choices":[{"not_picked":["Ball Lightning","Consume"],"picked":"Glacier","floor":1.0},{"not_picked":["Turbo","Conserve Battery"],"picked":"Blizzard","floor":5.0},{"not_picked":["Force Field","Turbo","Barrage"],"picked":"SKIP","floor":7.0},{"not_picked":["Steam","Aggregate"],"picked":"Defragment","floor":8.0},{"not_picked":["Heatsinks","Reprogram"],"picked":"Sunder","floor":10.0},{"not_picked":["Steam Power","Turbo","Steam"],"picked":"SKIP","floor":11.0},{"not_picked":["Hologram","Compile Driver"],"picked":"Darkness","floor":14.0},{"not_picked":["Meteor Strike","Thunder Strike"],"picked":"Machine Learning","floor":16.0},{"not_picked":["Fusion","Genetic Algorithm"],"picked":"Leap","floor":18.0},{"not_picked":["Barrage","Compile Driver"],"picked":"Auto Shields","floor":22.0},{"not_picked":["Stack","Gash+1"],"picked":"Chill","floor":24.0},{"not_picked":["Turbo","Barrage"],"picked":"Chill","floor":28.0},{"not_picked":["Ball Lightning","Sweeping Beam"],"picked":"Conserve Battery","floor":29.0},{"not_picked":["Machine Learning","Seek"],"picked":"Buffer","floor":33.0},{"not_picked":["Ball Lightning"],"picked":"SKIP","floor":35.0},{"not_picked":["Lockon"],"picked":"SKIP","floor":36.0},{"not_picked":["Undo+1"],"picked":"SKIP","floor":38.0},{"not_picked":["Consume+1"],"picked":"SKIP","floor":39}],"player_experience":431074,"relics_obtained":[{"floor":9.0,"key":"PreservedInsect"},{"floor":10.0,"key":"Odd Mushroom"},{"floor":26.0,"key":"Blood Vial"}],"event_choices":[{"cards_removed":["Defend_B"],"damage_healed":0.0,"max_hp_gain":0.0,"max_hp_loss":0.0,"gold_gain":0.0,"event_name":"Living Wall","player_choice":"Forget","floor":2.0,"gold_loss":0.0,"damage_taken":0.0},{"damage_healed":0.0,"max_hp_gain":0.0,"max_hp_loss":0.0,"gold_gain":0.0,"event_name":"Liars Game","player_choice":"Ignored","floor":3.0,"gold_loss":0.0,"damage_taken":0.0},{"damage_healed":0.0,"max_hp_gain":0.0,"max_hp_loss":0.0,"gold_gain":0.0,"event_name":"Mushrooms","player_choice":"Fought Mushrooms","floor":10.0,"gold_loss":0.0,"damage_taken":0.0},{"damage_healed":0.0,"max_hp_gain":0.0,"max_hp_loss":0.0,"gold_gain":0.0,"event_name":"Scrap Ooze","player_choice":"Success","floor":13.0,"gold_loss":0.0,"damage_taken":12.0,"relics_obtained":["Tiny Chest"]},{"damage_healed":0.0,"max_hp_gain":0.0,"max_hp_loss":0.0,"gold_gain":99.0,"event_name":"Nest","player_choice":"Stole From Cult","floor":19.0,"gold_loss":0.0,"damage_taken":0.0},{"damage_healed":0.0,"max_hp_gain":0.0,"max_hp_loss":0.0,"gold_gain":0.0,"event_name":"Colosseum","player_choice":"Fight","floor":20.0,"gold_loss":0.0,"damage_taken":0.0},{"damage_healed":0.0,"max_hp_gain":0.0,"max_hp_loss":0.0,"gold_gain":0.0,"event_name":"Colosseum","player_choice":"Fled From Nobs","floor":20.0,"gold_loss":0.0,"damage_taken":0.0},{"cards_removed":["Meteor Strike"],"damage_healed":0.0,"max_hp_gain":0.0,"max_hp_loss":0.0,"gold_gain":0.0,"event_name":"Beggar","player_choice":"Gave Gold","floor":25.0,"gold_loss":75.0,"damage_taken":0.0},{"damage_healed":29.0,"max_hp_gain":0.0,"max_hp_loss":0.0,"gold_gain":0.0,"event_name":"The Library","player_choice":"Heal","floor":27.0,"gold_loss":0.0,"damage_taken":0.0},{"damage_healed":0.0,"max_hp_gain":0.0,"max_hp_loss":0.0,"gold_gain":100.0,"event_name":"Golden Shrine","player_choice":"Pray","floor":31.0,"gold_loss":0.0,"damage_taken":0.0}],"is_beta":false,"boss_relics":[{"not_picked":["Ectoplasm","Empty Cage"],"picked":"Pandora\u0027s Box"},{"not_picked":["White Beast Statue","Eternal Feather"],"picked":"Busted Crown"}],"items_purged_floors":[21,37],"is_endless":false,"potions_floor_spawned":[5,8,10,11,14,18,22,29,36],"killed_by":"Reptomancer","ascension_level":11}