{"gold_per_floor":[110,128,146,160,160,191,191,207,230,262,24,38,38,56,56,131,131,148,148,198,98,144,144,144],"floor_reached":24,"playtime":955,"items_purged":["Strike_B","Strike_B"],"score":412,"play_id":"7dda3f30-fe1b-4307-9682-e879efd278b6","local_time":"20190209011738","is_ascension_mode":true,"campfire_choices":[{"data":"Zap","floor":7,"key":"SMITH"},{"data":"Darkness","floor":13,"key":"SMITH"},{"data":"Darkness","floor":15,"key":"SMITH"},{"data":"Dualcast","floor":23,"key":"SMITH"}],"neow_cost":"NONE","seed_source_timestamp":800319628247500,"circlet_count":0,"master_deck":["AscendersBane","Strike_B+1","Defend_B","Defend_B","Defend_B","Defend_B+1","Zap+1","Dualcast+1","Auto Shields+1","Capacitor+1","Glacier","Cold Snap+1","Electrodynamics","Darkness+1","Darkness+1","Compile Driver","Rebound","Echo Form","Hologram"],"relics":["Cracked Core","Lantern","War Paint","Whetstone","Happy Flower","Philosopher\u0027s Stone","Pen Nib"],"potions_floor_usage":[3,6,14,18,24,24,24,24],"damage_taken":[{"damage":1,"enemies":"Cultist","floor":1,"turns":3},{"damage":5,"enemies":"Small Slimes","floor":2,"turns":5},{"damage":8,"enemies":"Jaw Worm","floor":3,"turns":6},{"damage":4,"enemies":"Red Slaver","floor":4,"turns":6},{"damage":1,"enemies":"Lagavulin","floor":6,"turns":10},{"damage":0,"enemies":"2 Fungi Beasts","floor":8,"turns":2},{"damage":12,"enemies":"3 Sentries","floor":10,"turns":4},{"damage":5,"enemies":"Exordium Thugs","floor":12,"turns":5},{"damage":0,"enemies":"Gremlin Gang","floor":14,"turns":4},{"damage":21,"enemies":"Hexaghost","floor":16,"turns":6},{"damage":16,"enemies":"3 Byrds","floor":18,"turns":3},{"damage":44,"enemies":"Slavers","floor":24,"turns":5}],"seed_played":"-6938291546415566804","potions_obtained":[{"floor":1,"key":"Regen Potion"},{"floor":4,"key":"Dexterity Potion"},{"floor":8,"key":"Fire Potion"},{"floor":12,"key":"SkillPotion"},{"floor":14,"key":"LiquidBronze"},{"floor":16,"key":"PowerPotion"},{"floor":18,"key":"EntropicBrew"}],"is_trial":false,"path_per_floor":["M","M","M","M","?","E","R","M","T","E","$","M","R","M","R","B",null,"M","$","?","$","T","R","E"],"character_chosen":"DEFECT","items_purchased":["Happy Flower"],"campfire_rested":0,"item_purchase_floors":[11],"current_hp_per_floor":[63,58,64,60,60,59,59,59,59,47,47,42,42,42,42,21,59,43,43,43,43,43,43,0],"gold":144,"neow_bonus":"REMOVE_CARD","is_prod":false,"is_daily":false,"chose_seed":false,"campfire_upgraded":4,"win_rate":0,"timestamp":1549642658,"path_taken":["M","M","M","M","?","E","R","M","T","E","$","M","R","?","R","BOSS","M","?","?","$","?","R","E"],"build_version":"2019-01-23","purchased_purges":2,"victory":false,"max_hp_per_floor":[71,71,71,71,71,71,71,71,71,71,71,71,71,71,71,71,71,71,71,71,71,71,71,71],"card_choices":[{"not_picked":["Heatsinks","Beam Cell"],"picked":"Auto Shields","floor":1},{"not_picked":["Loop","Stack"],"picked":"Capacitor","floor":2},{"not_picked":["Heatsinks","Force Field"],"picked":"Glacier","floor":3},{"not_picked":["Storm","Redo"],"picked":"Cold Snap","floor":4},{"not_picked":["Lockon","Self Repair"],"picked":"Electrodynamics","floor":6},{"not_picked":["Turbo","Hologram"],"picked":"Darkness","floor":8},{"not_picked":["Go for the Eyes","Aggregate"],"picked":"Darkness","floor":10},{"not_picked":["Reinforced Body","Gash"],"picked":"Compile Driver","floor":12},{"not_picked":["Rebound","Sweeping Beam","Storm"],"picked":"SKIP","floor":14},{"not_picked":["Sweeping Beam","Storm"],"picked":"Rebound","floor":14},{"not_picked":["Amplify","Rainbow"],"picked":"Echo Form","floor":16},{"not_picked":["Conserve Battery","Sweeping Beam"],"picked":"Hologram","floor":18}],"player_experience":4230649,"relics_obtained":[{"floor":6,"key":"Lantern"},{"floor":9,"key":"War Paint"},{"floor":10,"key":"Whetstone"},{"floor":22,"key":"Pen Nib"}],"event_choices":[{"damage_healed":0,"gold_gain":0,"player_choice":"Upgraded","damage_taken":0,"max_hp_gain":0,"max_hp_loss":0,"event_name":"Upgrade Shrine","floor":5,"gold_loss":0,"cards_upgraded":["Capacitor"]},{"damage_healed":0,"gold_gain":50,"player_choice":"Stole From Cult","damage_taken":0,"max_hp_gain":0,"max_hp_loss":0,"event_name":"Nest","floor":20,"gold_loss":0}],"is_beta":false,"boss_relics":[{"not_picked":["Fusion Hammer","FrozenCore"],"picked":"Philosopher\u0027s Stone"}],"items_purged_floors":[11,21],"is_endless":false,"potions_floor_spawned":[1,4,8,12,14,16,18],"killed_by":"Slavers","ascension_level":20}