{"gold_per_floor":[117,117,117,131,131,131,56,74,122,140,154,182,195,41,41,41],"floor_reached":16,"playtime":360,"items_purged":["Strike_G"],"score":204,"play_id":"e9e19d7d-ab16-4aa2-a629-787b851102af","local_time":"20190221010521","is_ascension_mode":true,"campfire_choices":[{"data":"Neutralize","floor":6.0,"key":"SMITH"},{"data":"Caltrops","floor":15,"key":"SMITH"}],"neow_cost":"NONE","seed_source_timestamp":557622066767400,"circlet_count":0,"master_deck":["AscendersBane","Defend_G","Defend_G","Defend_G","Defend_G","Strike_G","Strike_G","Strike_G","Survivor","Neutralize+1","Backflip","Infinite Blades","Escape Plan","Grand Finale","Caltrops+1"],"special_seed":0,"relics":["Runic Dome","Mummified Hand","Ancient Tea Set","Shuriken"],"potions_floor_usage":[12,12],"damage_taken":[{"damage":2.0,"enemies":"Small Slimes","floor":1.0,"turns":5.0},{"damage":4.0,"enemies":"Jaw Worm","floor":4.0,"turns":6.0},{"damage":4.0,"enemies":"Cultist","floor":8.0,"turns":4.0},{"damage":4,"enemies":"2 Fungi Beasts","floor":10,"turns":4},{"damage":3,"enemies":"Exordium Wildlife","floor":11,"turns":5},{"damage":23,"enemies":"Gremlin Nob","floor":12,"turns":5},{"damage":0,"enemies":"Large Slime","floor":13,"turns":5},{"damage":14,"enemies":"Hexaghost","floor":16,"turns":9}],"seed_played":"959036680928650662","potions_obtained":[{"floor":4.0,"key":"GhostInAJar"},{"floor":8,"key":"Fire Potion"}],"is_trial":false,"path_per_floor":["M","?","T","M","?","R","?","M","T","M","M","E","M","$","R","B"],"character_chosen":"THE_SILENT","items_purchased":["Caltrops"],"campfire_rested":0,"item_purchase_floors":[14],"current_hp_per_floor":[57,57,57,53,46,46,46,42,42,38,35,12,12,12,12,0],"gold":41,"neow_bonus":"BOSS_RELIC","is_prod":false,"is_daily":false,"chose_seed":false,"campfire_upgraded":2,"win_rate":0,"timestamp":1550678721,"path_taken":["M","?","?","M","?","R","?","M","T","M","?","E","M","?","R","BOSS"],"build_version":"2019-01-23","purchased_purges":1,"victory":false,"max_hp_per_floor":[66,66,66,66,66,66,66,66,66,66,66,66,66,66,66,66],"card_choices":[{"not_picked":["Underhanded Strike","Blade Dance"],"picked":"Backflip","floor":1.0},{"not_picked":["Bane","Dagger Throw","Cloak And Dagger"],"picked":"SKIP","floor":4.0},{"not_picked":["Deflect","Backstab"],"picked":"Infinite Blades","floor":8},{"not_picked":["Distraction","Underhanded Strike"],"picked":"Escape Plan","floor":10},{"not_picked":["PiercingWail","Dagger Throw"],"picked":"Grand Finale","floor":11},{"not_picked":["Deadly Poison","All Out Attack","Envenom"],"picked":"SKIP","floor":12},{"not_picked":["Blade Dance","Deadly Poison","PiercingWail"],"picked":"SKIP","floor":13}],"player_experience":4362375,"relics_obtained":[{"floor":3.0,"key":"Mummified Hand"},{"floor":9,"key":"Ancient Tea Set"},{"floor":12,"key":"Shuriken"}],"event_choices":[{"damage_healed":0.0,"max_hp_gain":0.0,"max_hp_loss":0.0,"gold_gain":0.0,"event_name":"Liars Game","player_choice":"Ignored","floor":2.0,"gold_loss":0.0,"damage_taken":0.0},{"cards_removed":["Strike_G"],"damage_healed":0.0,"max_hp_gain":0.0,"max_hp_loss":0.0,"gold_gain":0.0,"event_name":"Golden Wing","player_choice":"Card Removal","floor":5.0,"gold_loss":0.0,"damage_taken":7.0},{"cards_removed":["Defend_G"],"damage_healed":0.0,"max_hp_gain":0.0,"max_hp_loss":0.0,"gold_gain":0.0,"event_name":"The Cleric","player_choice":"Card Removal","floor":7.0,"gold_loss":75.0,"damage_taken":0.0}],"is_beta":false,"boss_relics":[],"items_purged_floors":[14],"is_endless":false,"potions_floor_spawned":[4,8,10],"killed_by":"Hexaghost","ascension_level":20}