{"gold_per_floor":[113,113,188,188,211,246,246,289,316,316,339,7,22,38,38,162,162,176,276,291,307,348,348],"floor_reached":23,"playtime":1740,"items_purged":[],"score":271,"play_id":"4100acda-7b64-454f-b2be-293f484dc98a","local_time":"20190219220412","is_ascension_mode":true,"campfire_choices":[{"data":"Armaments","floor":7,"key":"SMITH"},{"data":"Shrug It Off","floor":10,"key":"SMITH"},{"data":"Entrench","floor":15,"key":"SMITH"}],"neow_cost":"NONE","seed_source_timestamp":263543893667239,"circlet_count":0,"master_deck":["Strike_R","Strike_R+1","Strike_R","Strike_R","Strike_R","Defend_R","Defend_R","Defend_R+1","Defend_R","Bash","Armaments+1","Power Through","Shrug It Off+1","Entrench+1","Metallicize","Warcry","Barricade","Impervious"],"relics":["Burning Blood","NeowsBlessing","Golden Idol","Happy Flower","Ginger","PreservedInsect","Mummified Hand","Black Star","Red Mask"],"potions_floor_usage":[8,16,18,22,23],"damage_taken":[{"damage":0,"enemies":"Jaw Worm","floor":1,"turns":1},{"damage":0,"enemies":"2 Louse","floor":5,"turns":2},{"damage":0,"enemies":"Lagavulin","floor":6,"turns":1},{"damage":14,"enemies":"3 Sentries","floor":8,"turns":10},{"damage":1,"enemies":"Cultist","floor":11,"turns":3},{"damage":0,"enemies":"Blue Slaver","floor":13,"turns":4},{"damage":0,"enemies":"2 Fungi Beasts","floor":14,"turns":5},{"damage":24,"enemies":"Slime Boss","floor":16,"turns":16},{"damage":0,"enemies":"Spheric Guardian","floor":18,"turns":22},{"damage":2,"enemies":"Chosen","floor":20,"turns":11},{"damage":9,"enemies":"Snake Plant","floor":21,"turns":8},{"damage":67,"enemies":"Masked Bandits","floor":22,"turns":11},{"damage":18,"enemies":"Slavers","floor":23,"turns":1}],"seed_played":"-955053990933604988","potions_obtained":[{"floor":6,"key":"Explosive Potion"},{"floor":8,"key":"Ancient Potion"},{"floor":14,"key":"Explosive Potion"},{"floor":18,"key":"Ancient Potion"},{"floor":21,"key":"Explosive Potion"}],"is_trial":false,"path_per_floor":["M","?","?","?","M","E","R","E","T","R","M","$","M","M","R","B",null,"M","?","M","M","?","E"],"character_chosen":"IRONCLAD","items_purchased":["Mummified Hand","Metallicize","Energy Potion"],"campfire_rested":0,"item_purchase_floors":[12,12,12],"current_hp_per_floor":[80,64,53,33,39,45,45,37,37,37,42,42,48,54,54,36,80,80,80,80,77,16,0],"gold":348,"neow_bonus":"THREE_ENEMY_KILL","is_prod":false,"is_daily":false,"chose_seed":false,"campfire_upgraded":3,"win_rate":0,"timestamp":1550581452,"path_taken":["M","?","?","?","M","E","R","E","T","R","M","$","M","M","R","BOSS","M","?","M","?","?","E"],"build_version":"2019-01-23","purchased_purges":0,"victory":false,"max_hp_per_floor":[80,80,80,80,80,80,80,80,80,80,80,80,80,80,80,80,80,80,80,80,80,80,80],"card_choices":[{"not_picked":["Metallicize","Shockwave"],"picked":"Armaments","floor":1},{"not_picked":["Pommel Strike","Burning Pact"],"picked":"Power Through","floor":5},{"not_picked":["Cleave","Reaper"],"picked":"Shrug It Off","floor":6},{"not_picked":["Combust","Armaments","Sentinel"],"picked":"SKIP","floor":8},{"not_picked":["Clash","Pommel Strike"],"picked":"Entrench","floor":11},{"not_picked":["Entrench","Dropkick","Headbutt"],"picked":"SKIP","floor":13},{"not_picked":["Sword Boomerang","Headbutt"],"picked":"Warcry","floor":14},{"not_picked":["Dark Embrace","Offering"],"picked":"Barricade","floor":16},{"not_picked":["Flex","Iron Wave+1","Rage"],"picked":"SKIP","floor":18},{"not_picked":["Wild Strike","Uppercut","Havoc+1"],"picked":"SKIP","floor":20},{"not_picked":["Twin Strike","Iron Wave"],"picked":"Impervious","floor":21}],"player_experience":142851,"relics_obtained":[{"floor":6,"key":"Happy Flower"},{"floor":8,"key":"Ginger"},{"floor":9,"key":"PreservedInsect"},{"floor":22,"key":"Red Mask"}],"event_choices":[{"damage_healed":0,"gold_gain":0,"player_choice":"Entered Light","damage_taken":16,"max_hp_gain":0,"max_hp_loss":0,"event_name":"Shining Light","floor":2,"gold_loss":0,"cards_upgraded":["Strike_R","Defend_R"]},{"damage_healed":0,"gold_gain":75,"player_choice":"Gather Gold","damage_taken":11,"max_hp_gain":0,"max_hp_loss":0,"event_name":"World of Goop","floor":3,"gold_loss":0},{"damage_healed":0,"gold_gain":0,"player_choice":"Take Damage","damage_taken":20,"relics_obtained":["Golden Idol"],"max_hp_gain":0,"max_hp_loss":0,"event_name":"Golden Idol","floor":4,"gold_loss":0},{"damage_healed":0,"gold_gain":100,"player_choice":"Pray","damage_taken":0,"max_hp_gain":0,"max_hp_loss":0,"event_name":"Golden Shrine","floor":19,"gold_loss":0},{"damage_healed":0,"gold_gain":0,"player_choice":"Fought Bandits","damage_taken":0,"max_hp_gain":0,"max_hp_loss":0,"event_name":"Masked Bandits","floor":22,"gold_loss":0}],"is_beta":false,"boss_relics":[{"not_picked":["Runic Dome","Fusion Hammer"],"picked":"Black Star"}],"items_purged_floors":[],"is_endless":false,"potions_floor_spawned":[6,8,14,18,21],"killed_by":"Slavers","ascension_level":4}