{"gold_per_floor":[114,129,79,79,179,179,190,190,216,235,41,55,69,69],"floor_reached":14,"playtime":528,"items_purged":["Strike_R"],"score":90,"play_id":"7607fc67-b397-4e33-a1d7-22d30aecaa92","local_time":"20190218135442","is_ascension_mode":true,"campfire_choices":[{"data":"Entrench","floor":6.0,"key":"SMITH"},{"data":"Bash","floor":8.0,"key":"SMITH"}],"neow_cost":"NONE","seed_source_timestamp":0,"circlet_count":0,"master_deck":["Strike_R","Strike_R","Strike_R","Strike_R","Defend_R","Defend_R","Defend_R","Defend_R","Bash+1","Entrench+1","Regret","Power Through","Feel No Pain","Juggernaut"],"special_seed":0,"relics":["Burning Blood","Smiling Mask","WingedGreaves","Bag of Marbles","MealTicket"],"potions_floor_usage":[14],"damage_taken":[{"damage":8.0,"enemies":"2 Louse","floor":1.0,"turns":3.0},{"damage":15.0,"enemies":"Cultist","floor":2.0,"turns":5.0},{"damage":9.0,"enemies":"Small Slimes","floor":7.0,"turns":5.0},{"damage":4.0,"enemies":"3 Louse","floor":10.0,"turns":4.0},{"damage":13,"enemies":"Blue Slaver","floor":12,"turns":4},{"damage":3,"enemies":"2 Fungi Beasts","floor":13,"turns":5},{"damage":68,"enemies":"Lagavulin","floor":14,"turns":9}],"seed_played":"9146722358059782197","potions_obtained":[{"floor":1.0,"key":"Ancient Potion"},{"floor":7.0,"key":"AttackPotion"},{"floor":10.0,"key":"Explosive Potion"}],"is_trial":false,"path_per_floor":["M","M","$","?","?","R","M","R","T","M","$","M","M","E"],"character_chosen":"IRONCLAD","items_purchased":["MealTicket"],"campfire_rested":0,"item_purchase_floors":[11],"current_hp_per_floor":[78,69,69,69,69,69,66,66,66,68,68,61,64,0],"gold":69,"neow_bonus":"RANDOM_COMMON_RELIC","is_prod":false,"is_daily":false,"chose_seed":false,"campfire_upgraded":2,"win_rate":0,"timestamp":1550465682,"path_taken":["M","M","$","?","?","R","?","R","T","M","$","M","?","E"],"build_version":"2019-01-23","purchased_purges":1,"victory":false,"max_hp_per_floor":[80,80,80,80,80,80,80,80,80,80,80,80,80,80],"card_choices":[{"not_picked":["Shockwave","Combust"],"picked":"Entrench","floor":1.0},{"not_picked":["Flex","Sever Soul","Cleave"],"picked":"SKIP","floor":2.0},{"not_picked":["Rage","Whirlwind"],"picked":"Power Through","floor":7.0},{"not_picked":["Twin Strike","Perfected Strike","Dropkick"],"picked":"SKIP","floor":10.0},{"not_picked":["Twin Strike","Clash"],"picked":"Feel No Pain","floor":12},{"not_picked":["Heavy Blade","Cleave"],"picked":"Juggernaut","floor":13}],"player_experience":129865,"relics_obtained":[{"floor":9.0,"key":"Bag of Marbles"}],"event_choices":[{"damage_healed":0.0,"max_hp_gain":0.0,"max_hp_loss":0.0,"gold_gain":0.0,"event_name":"Big Fish","player_choice":"Box","floor":4.0,"gold_loss":0.0,"damage_taken":0.0,"relics_obtained":["WingedGreaves"],"cards_obtained":["Regret"]},{"damage_healed":0.0,"max_hp_gain":0.0,"max_hp_loss":0.0,"gold_gain":100.0,"event_name":"Golden Shrine","player_choice":"Pray","floor":5.0,"gold_loss":0.0,"damage_taken":0.0}],"is_beta":false,"boss_relics":[],"items_purged_floors":[3],"is_endless":false,"potions_floor_spawned":[1,7,10],"killed_by":"Lagavulin","ascension_level":2}