{"gold_per_floor":[111,111,1,11,26,26,54,54,78,3,0,17,27,55,55,55],"floor_reached":16,"playtime":646,"items_purged":[],"score":220,"play_id":"0dea7bfc-86f8-4ec2-9a06-f29103fdc05f","local_time":"20190314095334","is_ascension_mode":true,"campfire_choices":[{"data":"Shockwave","floor":6,"key":"SMITH"},{"floor":8,"key":"REST"},{"data":"Clothesline","floor":15,"key":"SMITH"}],"neow_cost":"NONE","seed_source_timestamp":622835041871842,"circlet_count":0,"master_deck":["AscendersBane","Strike_R","Strike_R","Strike_R+1","Strike_R","Defend_R","Defend_R","Defend_R","Defend_R","Bash+1","Twin Strike+1","Shrug It Off","Clothesline+1","Shockwave+1","Battle Trance","Seeing Red"],"special_seed":0,"relics":["Burning Blood","Lantern","Whetstone","Question Card"],"potions_floor_usage":[16,16],"damage_taken":[{"damage":11.0,"enemies":"Jaw Worm","floor":1.0,"turns":5.0},{"damage":6,"enemies":"2 Louse","floor":4,"turns":3},{"damage":8,"enemies":"Small Slimes","floor":5,"turns":4},{"damage":40,"enemies":"Gremlin Nob","floor":7,"turns":5},{"damage":4,"enemies":"3 Louse","floor":12,"turns":3},{"damage":1,"enemies":"Exordium Wildlife","floor":13,"turns":6},{"damage":33,"enemies":"3 Sentries","floor":14,"turns":9},{"damage":53,"enemies":"Hexaghost","floor":16,"turns":10}],"seed_played":"302285509512304001","potions_obtained":[{"floor":5,"key":"Dexterity Potion"},{"floor":12,"key":"Regen Potion"},{"floor":14,"key":"FearPotion"}],"is_trial":false,"path_per_floor":["M","?","$","M","M","R","E","R","T","?","?","M","M","E","R","B"],"character_chosen":"IRONCLAD","items_purchased":["Shrug It Off","Clothesline"],"campfire_rested":1,"item_purchase_floors":[3,3],"current_hp_per_floor":[70,70,70,70,68,68,34,58,58,58,58,60,65,38,38,0],"gold":55,"neow_bonus":"TEN_PERCENT_HP_BONUS","is_prod":false,"is_daily":false,"chose_seed":false,"campfire_upgraded":2,"win_rate":0,"timestamp":1552524814,"path_taken":["M","?","$","M","M","R","E","R","T","?","?","M","M","E","R","BOSS"],"build_version":"2019-01-23","purchased_purges":0,"victory":false,"max_hp_per_floor":[82,82,82,82,82,82,82,82,82,82,82,82,82,82,82,82],"card_choices":[{"not_picked":["Havoc","Burning Pact"],"picked":"Twin Strike","floor":1.0},{"not_picked":["Blood for Blood","Hemokinesis"],"picked":"Shockwave","floor":4},{"not_picked":["Cleave","Bloodletting","Havoc"],"picked":"SKIP","floor":5},{"not_picked":["Entrench","Rupture"],"picked":"Battle Trance","floor":7},{"not_picked":["Clothesline","Twin Strike","Fire Breathing"],"picked":"SKIP","floor":12},{"not_picked":["Ghostly Armor","Thunderclap","Limit Break"],"picked":"SKIP","floor":13},{"not_picked":["Entrench","Twin Strike"],"picked":"Seeing Red","floor":14}],"player_experience":702354,"relics_obtained":[{"floor":7,"key":"Lantern"},{"floor":9,"key":"Whetstone"},{"floor":14,"key":"Question Card"}],"event_choices":[{"damage_healed":0.0,"max_hp_gain":0.0,"max_hp_loss":0.0,"gold_gain":0.0,"event_name":"Living Wall","player_choice":"Grow","floor":2.0,"gold_loss":0.0,"damage_taken":0.0,"cards_upgraded":["Bash"]},{"cards_removed":["Strike_R"],"damage_healed":0,"gold_gain":0,"player_choice":"Card Removal","damage_taken":0,"max_hp_gain":0,"max_hp_loss":0,"event_name":"The Cleric","floor":10,"gold_loss":75},{"damage_healed":0,"gold_gain":0,"player_choice":"Left Gold","damage_taken":0,"max_hp_gain":0,"max_hp_loss":0,"event_name":"World of Goop","floor":11,"gold_loss":3}],"is_beta":false,"boss_relics":[],"items_purged_floors":[],"is_endless":false,"potions_floor_spawned":[5,12,14],"killed_by":"Hexaghost","ascension_level":20}