{"gold_per_floor":[111,125,50,63,63,97,97,108,163,163,133,152,168,193,193,193],"floor_reached":16,"playtime":836,"items_purged":["Strike_R"],"score":118,"play_id":"699de7d8-560b-4b88-89ef-92b1b00d7da8","local_time":"20190216214851","is_ascension_mode":true,"campfire_choices":[{"floor":7,"key":"REST"},{"floor":10,"key":"REST"},{"floor":15,"key":"REST"}],"neow_cost":"PERCENT_DAMAGE","seed_source_timestamp":4323942456341,"circlet_count":0,"master_deck":["Strike_R","Strike_R","Strike_R","Strike_R","Defend_R","Defend_R","Defend_R","Defend_R","Bash","Second Wind","Bloodletting","Double Tap","Shockwave","Dual Wield"],"relics":["Burning Blood","StoneCalendar","Kunai","Bronze Scales","Pen Nib"],"potions_floor_usage":[13,16],"damage_taken":[{"damage":6,"enemies":"Jaw Worm","floor":1,"turns":5},{"damage":0,"enemies":"Cultist","floor":2,"turns":3},{"damage":7,"enemies":"2 Louse","floor":4,"turns":3},{"damage":55,"enemies":"Gremlin Nob","floor":6,"turns":5},{"damage":16,"enemies":"Blue Slaver","floor":8,"turns":5},{"damage":12,"enemies":"2 Fungi Beasts","floor":12,"turns":4},{"damage":7,"enemies":"Exordium Thugs","floor":13,"turns":4},{"damage":29,"enemies":"3 Sentries","floor":14,"turns":7},{"damage":45,"enemies":"Hexaghost","floor":16,"turns":9}],"seed_played":"6310900798452025623","potions_obtained":[{"floor":6,"key":"LiquidBronze"},{"floor":12,"key":"Fire Potion"},{"floor":14,"key":"PowerPotion"}],"is_trial":false,"path_per_floor":["M","M","$","M","$","E","R","M","T","R","?","M","M","E","R","B"],"character_chosen":"IRONCLAD","items_purchased":[],"campfire_rested":3,"item_purchase_floors":[],"current_hp_per_floor":[56,62,62,61,61,12,36,26,26,50,50,44,43,20,44,0],"gold":193,"neow_bonus":"ONE_RARE_RELIC","is_prod":false,"is_daily":false,"chose_seed":false,"campfire_upgraded":0,"win_rate":0,"timestamp":1550321331,"path_taken":["M","M","$","M","$","E","R","M","T","R","?","?","M","E","R","BOSS"],"build_version":"2019-01-23","purchased_purges":1,"victory":false,"max_hp_per_floor":[80,80,80,80,80,80,80,80,80,80,80,80,80,80,80,80],"card_choices":[{"not_picked":["Anger","Searing Blow"],"picked":"Second Wind","floor":1},{"not_picked":["Clothesline","Flex","Searing Blow"],"picked":"SKIP","floor":2},{"not_picked":["Shrug It Off","Warcry"],"picked":"Bloodletting","floor":4},{"not_picked":["Havoc","Disarm"],"picked":"Double Tap","floor":6},{"not_picked":["Sword Boomerang","Havoc"],"picked":"Shockwave","floor":8},{"not_picked":["Pummel","Wild Strike","Anger"],"picked":"SKIP","floor":12},{"not_picked":["Twin Strike","Sword Boomerang","Clothesline"],"picked":"SKIP","floor":13},{"not_picked":["Anger","Second Wind"],"picked":"Dual Wield","floor":14}],"player_experience":109415,"relics_obtained":[{"floor":6,"key":"Kunai"},{"floor":9,"key":"Bronze Scales"},{"floor":14,"key":"Pen Nib"}],"event_choices":[{"damage_healed":0,"gold_gain":0,"player_choice":"Bought 2 Potions","damage_taken":0,"max_hp_gain":0,"max_hp_loss":0,"event_name":"The Woman in Blue","floor":11,"gold_loss":0}],"is_beta":false,"boss_relics":[],"items_purged_floors":[3],"is_endless":false,"potions_floor_spawned":[6,12,14],"killed_by":"Hexaghost","ascension_level":1}