{"gold_per_floor":[111,111,61,72,49,82,94,94,94,94,107,107,130,53,53,184,184,198,90,115,115,40,40,74,74,74,74,95,111,111,36,36,162,162,187,205,205,205,105,171,210,210,260,276,276,609,609,626,626,626],"floor_reached":51,"playtime":3629,"items_purged":["Strike_R","Clash+1"],"score":848,"play_id":"70c9c024-4ea6-42ea-a8d1-99cfb358a1d7","local_time":"20190219134059","is_ascension_mode":true,"campfire_choices":[{"data":"Armaments","floor":12.0,"key":"SMITH"},{"data":"Second Wind","floor":15.0,"key":"SMITH"},{"data":"Flame Barrier","floor":23.0,"key":"SMITH"},{"data":"Spot Weakness","floor":25.0,"key":"SMITH"},{"data":"Seeing Red","floor":30.0,"key":"SMITH"},{"data":"Bash","floor":32.0,"key":"SMITH"},{"floor":42.0,"key":"REST"},{"floor":45.0,"key":"REST"},{"data":"Barricade","floor":47.0,"key":"SMITH"},{"floor":49.0,"key":"REST"}],"neow_cost":"NONE","seed_source_timestamp":9432395562591,"circlet_count":0,"master_deck":["Defend_R","Defend_R","Defend_R","Bash+1","Armaments+1","Battle Trance","Twin Strike","Spot Weakness+1","Flame Barrier+1","Second Wind+1","Immolate+1","Evolve","Heavy Blade+1","Power Through+1","Seeing Red+1","Demon Form","Reckless Charge+1","Purity","Wild Strike+1","Barricade+1","Warcry+1","Body Slam+1","Sever Soul+1","Second Wind+1"],"special_seed":0,"relics":["Burning Blood","NeowsBlessing","Singing Bowl","Molten Egg 2","Sundial","Sozu","Dream Catcher","Ornamental Fan","Philosopher\u0027s Stone","Calipers","Orichalcum","Art of War"],"potions_floor_usage":[],"damage_taken":[{"damage":0.0,"enemies":"Cultist","floor":1.0,"turns":1.0},{"damage":0.0,"enemies":"2 Louse","floor":4.0,"turns":1.0},{"damage":0.0,"enemies":"Gremlin Nob","floor":6.0,"turns":1.0},{"damage":9.0,"enemies":"Jaw Worm","floor":7.0,"turns":4.0},{"damage":10.0,"enemies":"2 Fungi Beasts","floor":11.0,"turns":5.0},{"damage":12.0,"enemies":"Large Slime","floor":13.0,"turns":8.0},{"damage":26.0,"enemies":"The Guardian","floor":16.0,"turns":11.0},{"damage":0.0,"enemies":"Chosen","floor":18.0,"turns":4.0},{"damage":19.0,"enemies":"2 Thieves","floor":20.0,"turns":3.0},{"damage":0.0,"enemies":"Gremlin Leader","floor":24.0,"turns":4.0},{"damage":31.0,"enemies":"Snecko","floor":28.0,"turns":4.0},{"damage":3.0,"enemies":"Snake Plant","floor":29.0,"turns":4.0},{"damage":35.0,"enemies":"Collector","floor":33.0,"turns":10.0},{"damage":5.0,"enemies":"Orb Walker","floor":35.0,"turns":4.0},{"damage":7.0,"enemies":"3 Darklings","floor":36.0,"turns":6.0},{"damage":49.0,"enemies":"2 Orb Walkers","floor":40.0,"turns":4.0},{"damage":41.0,"enemies":"Giant Head","floor":41.0,"turns":7.0},{"damage":13.0,"enemies":"Maw","floor":44.0,"turns":7.0},{"damage":21.0,"enemies":"Transient","floor":48.0,"turns":5.0},{"damage":52,"enemies":"Awakened One","floor":50,"turns":9}],"seed_played":"7754296991746808963","potions_obtained":[{"floor":6.0,"key":"PowerPotion"},{"floor":7.0,"key":"Ancient Potion"},{"floor":11.0,"key":"Dexterity Potion"},{"floor":16.0,"key":"SkillPotion"}],"is_trial":false,"path_per_floor":["M","?","?","M","$","E","M","?","T","?","M","R","M","$","R","B",null,"M","$","M","?","?","R","E","R","T","?","M","M","R","$","R","B",null,"M","M","?","?","$","?","E","R","T","M","R","?","R","M","R","B",null],"character_chosen":"IRONCLAD","items_purchased":["Twin Strike","Second Wind","Evolve","Heavy Blade+1"],"campfire_rested":3,"item_purchase_floors":[5,14,19,19],"current_hp_per_floor":[80,73,73,79,79,80,77,74,74,54,52,52,48,48,48,28,84,84,84,71,71,71,71,79,79,79,79,56,59,59,59,59,30,88,90,89,89,89,89,46,13,40,40,33,60,60,60,45,72,26],"gold":626,"neow_bonus":"THREE_ENEMY_KILL","is_prod":false,"is_daily":false,"chose_seed":false,"campfire_upgraded":7,"win_rate":0,"timestamp":1550551259,"path_taken":["M","?","?","M","?","E","M","?","T","?","M","R","M","$","R","BOSS","M","$","M","?","?","R","E","R","T","?","M","M","R","$","R","BOSS","M","M","?","?","$","?","E","R","T","M","R","?","R","M","R","BOSS"],"build_version":"2019-01-23","purchased_purges":2,"victory":true,"max_hp_per_floor":[80,80,80,80,80,80,80,80,80,80,82,82,84,84,84,84,84,84,84,84,84,84,84,86,86,86,86,88,88,88,88,88,88,88,90,90,90,90,90,90,92,92,92,92,92,92,92,92,92,92],"card_choices":[{"not_picked":["Clash","Pommel Strike"],"picked":"Armaments","floor":1.0},{"not_picked":["Clothesline","Flex"],"picked":"Battle Trance","floor":4.0},{"not_picked":["Carnage","Pommel Strike"],"picked":"Spot Weakness","floor":6.0},{"not_picked":["Perfected Strike","Pummel"],"picked":"Flame Barrier","floor":7.0},{"not_picked":["Flex","Iron Wave+1","Thunderclap+1"],"picked":"Singing Bowl","floor":11.0},{"not_picked":["Iron Wave+1","Havoc","True Grit"],"picked":"Singing Bowl","floor":13.0},{"not_picked":["Reaper+1","Offering"],"picked":"Immolate+1","floor":16.0},{"not_picked":["True Grit","Anger+1"],"picked":"Clash+1","floor":18.0},{"not_picked":["Havoc","Iron Wave+1"],"picked":"Power Through+1","floor":20.0},{"not_picked":["Shrug It Off","Perfected Strike+1","Warcry"],"picked":"Singing Bowl","floor":24.0},{"not_picked":["Pommel Strike+1","Heavy Blade+1","Brutality"],"picked":"Singing Bowl","floor":28.0},{"not_picked":["Havoc","Warcry+1"],"picked":"Seeing Red","floor":29.0},{"not_picked":["Offering","Limit Break"],"picked":"Demon Form","floor":33.0},{"not_picked":["Armaments+1","Rampage+1","Thunderclap+1"],"picked":"Singing Bowl","floor":35.0},{"not_picked":["Clash+1","Shockwave+1"],"picked":"Reckless Charge+1","floor":36.0},{"not_picked":["Secret Technique","Panacea"],"picked":"Purity","floor":37.0},{"not_picked":["Armaments","Flame Barrier"],"picked":"Wild Strike+1","floor":40.0},{"not_picked":["Sword Boomerang+1","Clothesline+1","Ghostly Armor"],"picked":"Singing Bowl","floor":41.0},{"not_picked":["Sever Soul+1","Flame Barrier+1"],"picked":"Barricade","floor":42.0},{"not_picked":["Headbutt+1","Pommel Strike+1"],"picked":"Warcry+1","floor":44.0},{"not_picked":["Havoc","Rupture"],"picked":"Body Slam+1","floor":45.0},{"not_picked":["Berserk","Headbutt+1"],"picked":"Sever Soul+1","floor":48.0},{"not_picked":["Rage","Body Slam+1"],"picked":"Second Wind+1","floor":49.0}],"player_experience":139222,"relics_obtained":[{"floor":6.0,"key":"Singing Bowl"},{"floor":9.0,"key":"Sundial"},{"floor":24.0,"key":"Dream Catcher"},{"floor":26.0,"key":"Ornamental Fan"},{"floor":40.0,"key":"Calipers"},{"floor":41.0,"key":"Orichalcum"},{"floor":43.0,"key":"Art of War"}],"event_choices":[{"cards_removed":["Strike_R"],"damage_healed":0.0,"max_hp_gain":0.0,"max_hp_loss":0.0,"gold_gain":0.0,"event_name":"Golden Wing","player_choice":"Card Removal","floor":2.0,"gold_loss":0.0,"damage_taken":7.0},{"cards_removed":["Strike_R"],"damage_healed":0.0,"max_hp_gain":0.0,"max_hp_loss":0.0,"gold_gain":0.0,"event_name":"The Cleric","player_choice":"Card Removal","floor":3.0,"gold_loss":50.0,"damage_taken":0.0},{"damage_healed":0.0,"max_hp_gain":0.0,"max_hp_loss":0.0,"gold_gain":0.0,"event_name":"Scrap Ooze","player_choice":"Success","floor":8.0,"gold_loss":0.0,"damage_taken":3.0,"relics_obtained":["Molten Egg 2"]},{"damage_healed":0.0,"max_hp_gain":0.0,"max_hp_loss":0.0,"gold_gain":0.0,"event_name":"Golden Idol","player_choice":"Take Damage","floor":10.0,"gold_loss":0.0,"damage_taken":20.0,"relics_obtained":["Golden Idol"]},{"cards_removed":["Strike_R"],"damage_healed":0.0,"max_hp_gain":0.0,"max_hp_loss":0.0,"gold_gain":0.0,"event_name":"Back to Basics","player_choice":"Elegance","floor":21.0,"gold_loss":0.0,"damage_taken":0.0},{"cards_removed":["Strike_R"],"damage_healed":0.0,"max_hp_gain":0.0,"max_hp_loss":0.0,"gold_gain":0.0,"event_name":"Beggar","player_choice":"Gave Gold","floor":22.0,"gold_loss":75.0,"damage_taken":0.0},{"damage_healed":0.0,"max_hp_gain":0.0,"max_hp_loss":0.0,"gold_gain":0.0,"event_name":"Vampires","player_choice":"Ignored","floor":27.0,"gold_loss":0.0,"damage_taken":0.0},{"damage_healed":0.0,"max_hp_gain":0.0,"max_hp_loss":0.0,"gold_gain":0.0,"event_name":"SensoryStone","player_choice":"Memory 1","floor":37.0,"gold_loss":0.0,"damage_taken":0.0},{"cards_removed":["Defend_R"],"damage_healed":0.0,"max_hp_gain":0.0,"max_hp_loss":0.0,"gold_gain":0.0,"event_name":"Falling","player_choice":"Removed Skill","floor":38.0,"gold_loss":0.0,"damage_taken":0.0},{"damage_healed":0.0,"max_hp_gain":0.0,"max_hp_loss":0.0,"gold_gain":0.0,"event_name":"Mysterious Sphere","player_choice":"Fight","floor":40.0,"gold_loss":0.0,"damage_taken":0.0},{"damage_healed":0.0,"max_hp_gain":0.0,"max_hp_loss":0.0,"gold_gain":333.0,"event_name":"The Moai Head","player_choice":"Gave Idol","floor":46.0,"relics_lost":["Golden Idol"],"gold_loss":0.0,"damage_taken":0.0}],"is_beta":false,"boss_relics":[{"not_picked":["Tiny House","Black Blood"],"picked":"Sozu"},{"not_picked":["Eternal Feather","Pandora\u0027s Box"],"picked":"Philosopher\u0027s Stone"}],"items_purged_floors":[31,39],"is_endless":false,"potions_floor_spawned":[6,7,11,16,24,28,33,35,40],"ascension_level":3}