{"gold_per_floor":[112,125,143,143,143,143,166,131,178,178,191,191,215,228,228,228],"floor_reached":16,"playtime":581,"items_purged":[],"score":174,"play_id":"eb1900b5-dd48-4123-8ae1-bcb2c3465d82","local_time":"20190315134618","is_ascension_mode":true,"campfire_choices":[{"floor":6.0,"key":"REST"},{"data":"Heavy Blade","floor":10.0,"key":"SMITH"},{"data":"True Grit","floor":12.0,"key":"SMITH"},{"data":"Blood for Blood","floor":15.0,"key":"SMITH"}],"neow_cost":"NONE","seed_source_timestamp":13376791373025,"circlet_count":0,"master_deck":["AscendersBane","Strike_R","Strike_R","Strike_R","Strike_R","Defend_R","Defend_R","Defend_R","Defend_R","Bash","Impervious","Twin Strike","True Grit+1","Feel No Pain","Heavy Blade+1","Evolve","Shrug It Off","Blood for Blood+1"],"special_seed":0,"relics":["Burning Blood","Golden Idol","Bag of Marbles"],"potions_floor_usage":[16],"damage_taken":[{"damage":12.0,"enemies":"Cultist","floor":1.0,"turns":4.0},{"damage":4.0,"enemies":"Jaw Worm","floor":2.0,"turns":4.0},{"damage":3.0,"enemies":"Small Slimes","floor":3.0,"turns":4.0},{"damage":12.0,"enemies":"Looter","floor":7.0,"turns":3.0},{"damage":24.0,"enemies":"Exordium Thugs","floor":11.0,"turns":4.0},{"damage":22.0,"enemies":"Exordium Wildlife","floor":13.0,"turns":5.0},{"damage":5.0,"enemies":"3 Louse","floor":14.0,"turns":4.0},{"damage":43,"enemies":"The Guardian","floor":16,"turns":13}],"seed_played":"-3041178138879611476","potions_obtained":[{"floor":2.0,"key":"SneckoOil"},{"floor":3.0,"key":"Poison Potion"},{"floor":11.0,"key":"BloodPotion"},{"floor":13.0,"key":"Poison Potion"}],"is_trial":false,"path_per_floor":["M","M","M","?","?","R","M","?","T","R","M","R","M","M","R","B"],"character_chosen":"IRONCLAD","items_purchased":[],"campfire_rested":1,"item_purchase_floors":[],"current_hp_per_floor":[62,64,67,41,34,56,50,68,68,68,50,50,41,42,42,0],"gold":228,"neow_bonus":"ONE_RANDOM_RARE_CARD","is_prod":false,"is_daily":false,"chose_seed":false,"campfire_upgraded":3,"win_rate":0,"timestamp":1552625178,"path_taken":["M","M","?","?","?","R","M","?","T","R","M","R","M","M","R","BOSS"],"build_version":"2019-01-23","purchased_purges":0,"victory":false,"max_hp_per_floor":[75,75,75,75,75,75,75,75,75,75,75,75,75,75,75,75],"card_choices":[{"not_picked":["Thunderclap","Warcry"],"picked":"Twin Strike","floor":1.0},{"not_picked":["Rage","Searing Blow"],"picked":"True Grit","floor":2.0},{"not_picked":["Pummel","Twin Strike"],"picked":"Feel No Pain","floor":3.0},{"not_picked":["Burning Pact","Wild Strike"],"picked":"Heavy Blade","floor":7.0},{"not_picked":["Cleave","Feed"],"picked":"Evolve","floor":11.0},{"not_picked":["Heavy Blade","Havoc"],"picked":"Shrug It Off","floor":13.0},{"not_picked":["Thunderclap","Warcry"],"picked":"Blood for Blood","floor":14.0}],"player_experience":330270,"relics_obtained":[{"floor":9.0,"key":"Bag of Marbles"}],"event_choices":[{"damage_healed":0.0,"max_hp_gain":0.0,"max_hp_loss":0.0,"gold_gain":0.0,"event_name":"Golden Idol","player_choice":"Take Damage","floor":4.0,"gold_loss":0.0,"damage_taken":26.0,"relics_obtained":["Golden Idol"]},{"cards_removed":["Strike_R"],"damage_healed":0.0,"max_hp_gain":0.0,"max_hp_loss":0.0,"gold_gain":0.0,"event_name":"Golden Wing","player_choice":"Card Removal","floor":5.0,"gold_loss":0.0,"damage_taken":7.0},{"damage_healed":18.0,"max_hp_gain":0.0,"max_hp_loss":0.0,"gold_gain":0.0,"event_name":"The Cleric","player_choice":"Healed","floor":8.0,"gold_loss":35.0,"damage_taken":0.0}],"is_beta":false,"boss_relics":[],"items_purged_floors":[],"is_endless":false,"potions_floor_spawned":[2,3,11,13],"killed_by":"The Guardian","ascension_level":17}