{"gold_per_floor":[11,21,41,41,57,57,90,90,113,128,156,156,81,94,94,165,165,179,279,299,299,0,0,10,28,28,39,39,39,50,66,66,66],"floor_reached":33,"playtime":1317,"items_purged":["Strike_R"],"score":522,"play_id":"692881fb-94bd-494c-8edc-69e33d1f8985","local_time":"20190210002915","is_ascension_mode":true,"campfire_choices":[{"data":"Armaments","floor":6,"key":"SMITH"},{"floor":8,"key":"REST"},{"data":"Battle Trance","floor":15,"key":"SMITH"},{"floor":23,"key":"REST"},{"floor":29,"key":"REST"},{"floor":32,"key":"REST"}],"neow_cost":"NO_GOLD","seed_source_timestamp":883456841462100,"circlet_count":0,"master_deck":["AscendersBane","Strike_R","Strike_R","Defend_R","Defend_R","Bash","Inflame","Flex","Carnage","Battle Trance+1","True Grit","Armaments+1","Pummel","Shrug It Off","Twin Strike","Offering","Pummel","Fiend Fire","Heavy Blade+1","Seeing Red","Burning Pact+1"],"relics":["Burning Blood","Regal Pillow","Omamori","Art of War","Orrery","Nunchaku","Mummified Hand"],"potions_floor_usage":[16,20,24,31,33,33],"damage_taken":[{"damage":9,"enemies":"2 Louse","floor":1,"turns":3},{"damage":3,"enemies":"Small Slimes","floor":2,"turns":3},{"damage":4,"enemies":"Jaw Worm","floor":3,"turns":4},{"damage":24,"enemies":"Gremlin Gang","floor":5,"turns":5},{"damage":20,"enemies":"Lagavulin","floor":7,"turns":10},{"damage":5,"enemies":"Looter","floor":10,"turns":3},{"damage":8,"enemies":"Gremlin Nob","floor":11,"turns":3},{"damage":11,"enemies":"Blue Slaver","floor":14,"turns":4},{"damage":34,"enemies":"Slime Boss","floor":16,"turns":8},{"damage":21,"enemies":"2 Thieves","floor":18,"turns":3},{"damage":6,"enemies":"Colosseum Slavers","floor":19,"turns":4},{"damage":36,"enemies":"Colosseum Nobs","floor":19,"turns":5},{"damage":18,"enemies":"Spheric Guardian","floor":20,"turns":6},{"damage":6,"enemies":"3 Cultists","floor":24,"turns":3},{"damage":6,"enemies":"Centurion and Healer","floor":25,"turns":5},{"damage":39,"enemies":"Snake Plant","floor":27,"turns":3},{"damage":37,"enemies":"Cultist and Chosen","floor":30,"turns":5},{"damage":18,"enemies":"3 Cultists","floor":31,"turns":4},{"damage":75,"enemies":"Automaton","floor":33,"turns":6}],"seed_played":"7847997735053277257","potions_obtained":[{"floor":1,"key":"Dexterity Potion"},{"floor":3,"key":"SkillPotion"},{"floor":16,"key":"Dexterity Potion"},{"floor":20,"key":"BloodPotion"},{"floor":30,"key":"BloodPotion"},{"floor":31,"key":"BloodPotion"}],"is_trial":false,"path_per_floor":["M","M","M","?","M","R","E","R","T","M","E","?","$","M","R","B",null,"M","?","M","?","?","R","M","M","T","M","?","R","M","M","R","B"],"character_chosen":"IRONCLAD","items_purchased":[],"campfire_rested":4,"item_purchase_floors":[],"current_hp_per_floor":[65,68,70,63,45,45,31,68,68,69,67,67,67,62,62,34,65,50,20,8,8,8,45,52,52,52,19,19,56,25,20,57,0],"gold":66,"neow_bonus":"TRANSFORM_TWO_CARDS","is_prod":false,"is_daily":false,"chose_seed":false,"campfire_upgraded":2,"win_rate":0,"timestamp":1549726155,"path_taken":["M","M","M","?","M","R","E","R","T","M","E","?","$","M","R","BOSS","M","?","M","?","?","R","M","M","T","M","?","R","?","?","R","BOSS"],"build_version":"2019-01-23","purchased_purges":1,"victory":false,"max_hp_per_floor":[75,75,75,75,75,75,75,75,75,75,75,75,75,75,75,75,75,75,75,75,75,75,75,75,75,75,75,75,75,75,75,75,75],"card_choices":[{"not_picked":["True Grit","Warcry"],"picked":"Carnage","floor":1},{"not_picked":["Blood for Blood","Second Wind"],"picked":"Battle Trance","floor":2},{"not_picked":["Rage","Body Slam"],"picked":"True Grit","floor":3},{"not_picked":["Metallicize","Infernal Blade"],"picked":"Armaments","floor":5},{"not_picked":["Perfected Strike","Cleave"],"picked":"Pummel","floor":7},{"not_picked":["Entrench","Clash","Clothesline"],"picked":"SKIP","floor":10},{"not_picked":["Uppercut","Anger"],"picked":"Shrug It Off","floor":11},{"not_picked":["Seeing Red","Cleave"],"picked":"Twin Strike","floor":14},{"not_picked":["Immolate","Bludgeon"],"picked":"Offering","floor":16},{"not_picked":["Power Through","Pommel Strike"],"picked":"Pummel","floor":17},{"not_picked":["Flex","Thunderclap"],"picked":"Fiend Fire","floor":17},{"not_picked":["Body Slam","True Grit"],"picked":"Heavy Blade+1","floor":18},{"not_picked":["Clash","Heavy Blade","Sword Boomerang"],"picked":"SKIP","floor":20},{"not_picked":["Second Wind","Inflame","Armaments"],"picked":"SKIP","floor":24},{"not_picked":["Disarm+1","Dual Wield"],"picked":"Seeing Red","floor":25},{"not_picked":["Heavy Blade","Clash"],"picked":"Burning Pact+1","floor":27},{"not_picked":["Warcry","Sword Boomerang","Thunderclap"],"picked":"SKIP","floor":30},{"not_picked":["Immolate","Cleave","Perfected Strike+1"],"picked":"SKIP","floor":31}],"player_experience":4238467,"relics_obtained":[{"floor":7,"key":"Regal Pillow"},{"floor":9,"key":"Omamori"},{"floor":11,"key":"Art of War"},{"floor":19,"key":"Nunchaku"},{"floor":26,"key":"Mummified Hand"}],"event_choices":[{"cards_removed":["Strike_R"],"damage_healed":0,"gold_gain":0,"player_choice":"Card Removal","damage_taken":7,"max_hp_gain":0,"max_hp_loss":0,"event_name":"Golden Wing","floor":4,"gold_loss":0},{"cards_removed":["Defend_R"],"damage_healed":0,"gold_gain":0,"player_choice":"Forget","damage_taken":0,"max_hp_gain":0,"max_hp_loss":0,"event_name":"Living Wall","floor":12,"gold_loss":0},{"damage_healed":0,"gold_gain":0,"player_choice":"Fight","damage_taken":0,"max_hp_gain":0,"max_hp_loss":0,"event_name":"Colosseum","floor":19,"gold_loss":0},{"damage_healed":0,"gold_gain":0,"player_choice":"Fought Nobs","damage_taken":0,"max_hp_gain":0,"max_hp_loss":0,"event_name":"Colosseum","floor":19,"gold_loss":0},{"damage_healed":0,"gold_gain":0,"player_choice":"Ignored","damage_taken":0,"max_hp_gain":0,"max_hp_loss":0,"event_name":"Ghosts","floor":21,"gold_loss":0},{"damage_healed":0,"gold_gain":0,"player_choice":"Paid Fearfully","damage_taken":0,"max_hp_gain":0,"max_hp_loss":0,"event_name":"Masked Bandits","floor":22,"gold_loss":299},{"damage_healed":0,"gold_gain":0,"player_choice":"Smashed Altar","damage_taken":0,"max_hp_gain":0,"max_hp_loss":0,"event_name":"Forgotten Altar","floor":28,"gold_loss":0,"cards_obtained":["Decay"]}],"is_beta":false,"boss_relics":[{"not_picked":["Busted Crown","Black Blood"],"picked":"Orrery"}],"items_purged_floors":[13],"is_endless":false,"potions_floor_spawned":[1,3,7,10,16,19,20,30,31],"killed_by":"Automaton","ascension_level":20}