{"gold_per_floor":[110,110,110,35,54,81,81,106,106,118,118,148,159,171,171,171],"floor_reached":16,"playtime":620,"items_purged":["Strike_R"],"score":263,"play_id":"e4db5015-2ed5-4d20-8564-341fb82f9a43","local_time":"20190320221200","is_ascension_mode":true,"campfire_choices":[{"data":"Corruption","floor":7,"key":"SMITH"},{"data":"Armaments","floor":11,"key":"SMITH"},{"data":"Barricade","floor":15,"key":"SMITH"}],"neow_cost":"NONE","seed_source_timestamp":519559189359323,"circlet_count":0,"master_deck":["AscendersBane","Strike_R","Strike_R","Strike_R","Defend_R","Defend_R","Defend_R","Defend_R","Bash","Shrug It Off","Battle Trance","Corruption+1","Immolate","Armaments+1","Clothesline","Barricade+1"],"relics":["Burning Blood","NeowsBlessing","Smiling Mask","Odd Mushroom","Bag of Preparation","Mango"],"potions_floor_usage":[8,16],"damage_taken":[{"damage":0,"enemies":"Jaw Worm","floor":1,"turns":1},{"damage":0,"enemies":"2 Louse","floor":5,"turns":1},{"damage":0,"enemies":"Gremlin Nob","floor":6,"turns":1},{"damage":35,"enemies":"The Mushroom Lair","floor":8,"turns":7},{"damage":0,"enemies":"Cultist","floor":10,"turns":3},{"damage":9,"enemies":"3 Sentries","floor":12,"turns":5},{"damage":0,"enemies":"3 Louse","floor":13,"turns":1},{"damage":8,"enemies":"Large Slime","floor":14,"turns":6},{"damage":70,"enemies":"Hexaghost","floor":16,"turns":16}],"seed_played":"8271316931216708574","potions_obtained":[{"floor":1,"key":"Energy Potion"},{"floor":3,"key":"GamblersBrew"},{"floor":8,"key":"SkillPotion"},{"floor":10,"key":"EssenceOfSteel"}],"is_trial":false,"path_per_floor":["M","?","?","$","M","E","R","?","T","M","R","E","M","M","R","B"],"character_chosen":"IRONCLAD","items_purchased":[],"campfire_rested":0,"item_purchase_floors":[],"current_hp_per_floor":[74,67,67,67,73,75,75,46,46,52,52,63,69,67,67,0],"gold":171,"neow_bonus":"THREE_ENEMY_KILL","is_prod":false,"is_daily":false,"chose_seed":false,"campfire_upgraded":3,"win_rate":0,"timestamp":1553087520,"path_taken":["M","?","?","$","?","E","R","?","T","M","R","E","M","M","R","BOSS"],"build_version":"2019-01-23","purchased_purges":1,"victory":false,"max_hp_per_floor":[75,75,75,75,75,75,75,75,75,75,75,89,89,89,89,89],"card_choices":[{"not_picked":["Infernal Blade","Thunderclap"],"picked":"Shrug It Off","floor":1},{"not_picked":["Thunderclap","Twin Strike"],"picked":"Battle Trance","floor":5},{"not_picked":["Headbutt","Heavy Blade"],"picked":"Corruption","floor":6},{"not_picked":["Shockwave","Perfected Strike"],"picked":"Immolate","floor":8},{"not_picked":["Body Slam","Carnage"],"picked":"Armaments","floor":10},{"not_picked":["Flex","Sword Boomerang"],"picked":"Clothesline","floor":12},{"not_picked":["Flex","Iron Wave","Clash"],"picked":"SKIP","floor":13},{"not_picked":["Havoc","Warcry"],"picked":"Barricade","floor":14}],"player_experience":374542,"relics_obtained":[{"floor":6,"key":"Smiling Mask"},{"floor":8,"key":"Odd Mushroom"},{"floor":9,"key":"Bag of Preparation"},{"floor":12,"key":"Mango"}],"event_choices":[{"cards_removed":["Strike_R"],"damage_healed":0,"gold_gain":0,"player_choice":"Card Removal","damage_taken":7,"max_hp_gain":0,"max_hp_loss":0,"event_name":"Golden Wing","floor":2,"gold_loss":0},{"damage_healed":0,"gold_gain":0,"player_choice":"Got Potions","damage_taken":0,"max_hp_gain":0,"max_hp_loss":0,"event_name":"Lab","floor":3,"gold_loss":0},{"damage_healed":0,"gold_gain":0,"player_choice":"Fought Mushrooms","damage_taken":0,"max_hp_gain":0,"max_hp_loss":0,"event_name":"Mushrooms","floor":8,"gold_loss":0}],"is_beta":false,"boss_relics":[],"items_purged_floors":[4],"is_endless":false,"potions_floor_spawned":[1,8,10,12,13],"killed_by":"Hexaghost","ascension_level":19}