{"gold_per_floor":[109,109,122,136,153,153,171,245,291,0,32,32,32,46,46,125,125,142,157,157,170,170,170,170,195,274,274,292,317,317,335,335,407,457,470,11,11,22,22,53,70,105,131,144,158,158,176,194,194,194,194,194,194,27,62,62],"floor_reached":57,"playtime":2652,"items_purged":["Defend_B","Strike_B"],"score":3236,"play_id":"2c8a8762-6c71-4e54-b845-815ea90a5c13","local_time":"20190128011911","is_ascension_mode":true,"campfire_choices":[{"floor":6.0,"key":"REST"},{"floor":13.0,"key":"REST"},{"data":"Defragment","floor":15.0,"key":"SMITH"},{"floor":23.0,"key":"REST"},{"floor":27.0,"key":"REST"},{"data":"Defragment","floor":30.0,"key":"SMITH"},{"data":"Loop","floor":32.0,"key":"SMITH"},{"data":"Fission","floor":46.0,"key":"SMITH"},{"floor":49.0,"key":"RECALL"},{"data":"Blizzard","floor":53,"key":"SMITH"}],"neow_cost":"PERCENT_DAMAGE","seed_source_timestamp":22929688127532,"circlet_count":0,"master_deck":["AscendersBane","Defend_B","Defend_B","Defend_B+1","Zap","Dualcast","Cold Snap+1","Genetic Algorithm","Conserve Battery","Defragment+1","White Noise","Coolheaded","Echo Form","Melter","Ball Lightning","Core Surge","Blizzard+1","FTL","Loop+1","Coolheaded","Self Repair+1","Coolheaded+1","Defragment+1","Secret Technique","Skim","Fission+1","Coolheaded+1","Loop+1"],"special_seed":0,"relics":["Cracked Core","Calipers","Gremlin Horn","Dream Catcher","DataDisk","Thread and Needle","Sozu","theJungle:SpiritDisease","Lantern","Spirit Poop","Shuriken","Tiny House","Centennial Puzzle","Frozen Egg 2","Vajra","Bag of Preparation","Mummified Hand"],"potions_floor_usage":[],"damage_taken":[{"damage":1.0,"enemies":"Cultist","floor":1.0,"turns":3.0},{"damage":5.0,"enemies":"Jaw Worm","floor":3.0,"turns":3.0},{"damage":1.0,"enemies":"2 Louse","floor":4.0,"turns":3.0},{"damage":12.0,"enemies":"Exordium Thugs","floor":5.0,"turns":6.0},{"damage":4.0,"enemies":"Blue Slaver","floor":7.0,"turns":5.0},{"damage":13.0,"enemies":"3 Sentries","floor":11.0,"turns":9.0},{"damage":0.0,"enemies":"Looter","floor":14.0,"turns":4.0},{"damage":0.0,"enemies":"The Guardian","floor":16.0,"turns":10.0},{"damage":5.0,"enemies":"theJungle:MUSHROOMGANG","floor":18.0,"turns":4.0},{"damage":10.0,"enemies":"theJungle:GiantWrat","floor":19.0,"turns":5.0},{"damage":21.0,"enemies":"theJungle:2_Snecko_Cultists","floor":21.0,"turns":5.0},{"damage":0.0,"enemies":"theJungle:2_Phrogs","floor":25.0,"turns":7.0},{"damage":5.0,"enemies":"theJungle:JungleHuntersEncounter","floor":28.0,"turns":6.0},{"damage":0.0,"enemies":"theJungle:MamaSnecko","floor":29.0,"turns":6.0},{"damage":0.0,"enemies":"theJungle:Lyon","floor":31.0,"turns":6.0},{"damage":0.0,"enemies":"theJungle:QueenSpyder","floor":33.0,"turns":8.0},{"damage":0.0,"enemies":"Orb Walker","floor":35.0,"turns":4.0},{"damage":0.0,"enemies":"3 Shapes","floor":38.0,"turns":4.0},{"damage":0.0,"enemies":"Nemesis","floor":40.0,"turns":11.0},{"damage":0.0,"enemies":"Spire Growth","floor":41.0,"turns":6.0},{"damage":1.0,"enemies":"Giant Head","floor":42.0,"turns":10.0},{"damage":0.0,"enemies":"Sphere and 2 Shapes","floor":44.0,"turns":5.0},{"damage":42.0,"enemies":"Jaw Worm Horde","floor":45.0,"turns":7.0},{"damage":9.0,"enemies":"Transient","floor":47.0,"turns":6.0},{"damage":0.0,"enemies":"4 Shapes","floor":48.0,"turns":6.0},{"damage":27.0,"enemies":"Awakened One","floor":50.0,"turns":18.0},{"damage":0.0,"enemies":"Donu and Deca","floor":51.0,"turns":13.0},{"damage":14,"enemies":"Shield and Spear","floor":55,"turns":12},{"damage":42,"enemies":"The Heart","floor":56,"turns":11}],"seed_played":"711280078985027014","potions_obtained":[{"floor":4.0,"key":"Weak Potion"},{"floor":7.0,"key":"Explosive Potion"}],"is_trial":false,"path_per_floor":["M","?","M","M","M","R","M","T","T","$","E","?","R","M","R","B",null,"M","M","?","M","?","R","?","E","T","R","M","E","R","M","R","B",null,"M","$","?","M","?","E","M","E","T","M","M","R","M","M","R","B","B",null,"R","$","E","B",null],"character_chosen":"DEFECT","items_purchased":["DataDisk","Coolheaded","Centennial Puzzle","Secret Technique","Bag of Preparation"],"campfire_rested":4,"item_purchase_floors":[10,10,36,36,54],"current_hp_per_floor":[45,24,19,18,6,27,23,23,23,23,10,5,26,26,26,26,60,55,45,37,16,16,37,37,37,37,58,67,71,71,71,71,71,76,76,76,72,72,72,72,72,72,72,72,30,30,31,41,41,34,54,68,68,68,72,40],"gold":62,"neow_bonus":"ONE_RARE_RELIC","is_prod":false,"is_daily":false,"chose_seed":false,"campfire_upgraded":5,"win_rate":0,"timestamp":1548605951,"path_taken":["M","?","M","M","M","R","M","?","T","$","E","?","R","M","R","BOSS","M","M","?","M","?","R","?","E","T","R","M","E","R","M","R","BOSS","M","$","?","M","?","E","M","E","T","M","M","R","M","M","R","BOSS","BOSS","R","$","E","BOSS"],"build_version":"2019-01-23","purchased_purges":2,"victory":true,"max_hp_per_floor":[71,71,71,71,71,71,71,71,71,71,71,71,71,71,71,71,71,71,71,71,71,71,71,71,71,71,71,71,71,71,71,71,71,76,76,76,72,72,72,72,72,72,72,72,72,72,72,72,72,72,72,72,72,72,72,72],"card_choices":[{"not_picked":["Stack","Ball Lightning"],"picked":"Cold Snap","floor":1.0},{"not_picked":["Self Repair","Rip and Tear"],"picked":"Genetic Algorithm","floor":3.0},{"not_picked":["Lockon","Skim"],"picked":"Conserve Battery","floor":4.0},{"not_picked":["Hologram","Rebound"],"picked":"Defragment","floor":5.0},{"not_picked":["Sweeping Beam","Rebound"],"picked":"White Noise","floor":7.0},{"not_picked":["Streamline","Barrage"],"picked":"Echo Form","floor":11.0},{"not_picked":["Compile Driver","Chaos"],"picked":"Melter","floor":13.0},{"not_picked":["Hologram","Leap"],"picked":"Ball Lightning","floor":14.0},{"not_picked":["Rainbow","Hyperbeam"],"picked":"Core Surge","floor":16.0},{"not_picked":["Melter","Compile Driver","Auto Shields"],"picked":"SKIP","floor":18.0},{"not_picked":["Melter","Compile Driver","Auto Shields"],"picked":"SKIP","floor":18.0},{"not_picked":["White Noise","Reprogram"],"picked":"Blizzard","floor":19.0},{"not_picked":["Fusion","Sweeping Beam"],"picked":"FTL","floor":21.0},{"not_picked":["Gash","Rebound"],"picked":"Loop","floor":23.0},{"not_picked":["Streamline","Seek"],"picked":"Coolheaded","floor":25.0},{"not_picked":["Compile Driver","Tempest"],"picked":"Self Repair","floor":27.0},{"not_picked":["Sweeping Beam+1","Beam Cell+1"],"picked":"Coolheaded+1","floor":28.0},{"not_picked":["Scrape","Streamline"],"picked":"Defragment","floor":29.0},{"not_picked":["Sweeping Beam","Cold Snap","Conserve Battery"],"picked":"SKIP","floor":31.0},{"not_picked":["Rebound+1","Ball Lightning","Conserve Battery"],"picked":"SKIP","floor":35.0},{"not_picked":["Barrage","Leap","Loop"],"picked":"SKIP","floor":38.0},{"not_picked":["Gash","Steam","All For One"],"picked":"SKIP","floor":40.0},{"not_picked":["Steam Power","Gash+1","Consume"],"picked":"SKIP","floor":41.0},{"not_picked":["Compile Driver","Rebound","Turbo"],"picked":"SKIP","floor":42.0},{"not_picked":["Fusion","Rip and Tear+1","Auto Shields+1"],"picked":"SKIP","floor":44.0},{"not_picked":["Redo+1","Fission"],"picked":"Coolheaded+1","floor":45.0},{"not_picked":["Coolheaded","Beam Cell","Steam"],"picked":"SKIP","floor":47.0},{"not_picked":["Genetic Algorithm","Rebound"],"picked":"Loop+1","floor":48.0},{"not_picked":["Gash","Conserve Battery","Ball Lightning+1"],"picked":"SKIP","floor":55}],"player_experience":4194946,"relics_obtained":[{"floor":8.0,"key":"Gremlin Horn"},{"floor":9.0,"key":"Dream Catcher"},{"floor":11.0,"key":"Thread and Needle"},{"floor":25.0,"key":"Lantern"},{"floor":26.0,"key":"Spirit Poop"},{"floor":29.0,"key":"Shuriken"},{"floor":40.0,"key":"Frozen Egg 2"},{"floor":42.0,"key":"Vajra"},{"floor":55,"key":"Mummified Hand"}],"event_choices":[{"damage_healed":0.0,"max_hp_gain":0.0,"max_hp_loss":0.0,"gold_gain":0.0,"event_name":"Shining Light","player_choice":"Entered Light","floor":2.0,"gold_loss":0.0,"damage_taken":21.0,"cards_upgraded":["Defend_B","Cold Snap"]},{"damage_healed":0.0,"max_hp_gain":0.0,"max_hp_loss":0.0,"gold_gain":0.0,"event_name":"Scrap Ooze","player_choice":"Fled","floor":12.0,"gold_loss":0.0,"damage_taken":5.0},{"damage_healed":0.0,"max_hp_gain":0.0,"max_hp_loss":4.0,"gold_gain":0.0,"event_name":"Winding Halls","player_choice":"Max HP","floor":37.0,"gold_loss":0.0,"damage_taken":0.0},{"damage_healed":0.0,"max_hp_gain":0.0,"max_hp_loss":0.0,"gold_gain":0.0,"event_name":"Match and Keep!","player_choice":"2 cards matched","floor":39.0,"gold_loss":0.0,"damage_taken":0.0,"cards_obtained":["Skim","Fission"]}],"is_beta":false,"boss_relics":[{"not_picked":["Black Star","Velvet Choker"],"picked":"Sozu"},{"not_picked":["Lizard Tail","Runic Dome"],"picked":"Tiny House"}],"items_purged_floors":[10,36],"is_endless":false,"potions_floor_spawned":[4,7,19,28,31,35,42,47],"ascension_level":20}