{"gold_per_floor":[113,38,38,51,69,98,110,139,151,163,200,212,224,255,267,381,393,420,443,36,36,54,54,54,72,98,98],"floor_reached":27,"playtime":831,"items_purged":["Regret"],"score":248,"play_id":"453a852f-1142-4a4b-8b52-3367ddc5d0a3","local_time":"20190321125250","is_ascension_mode":false,"campfire_choices":[{"data":"Uppercut","floor":7.0,"key":"SMITH"},{"data":"Intimidate","floor":10.0,"key":"SMITH"},{"data":"Spot Weakness","floor":12.0,"key":"SMITH"},{"data":"Flex","floor":15.0,"key":"SMITH"},{"data":"Limit Break","floor":23,"key":"SMITH"}],"neow_cost":"CURSE","seed_source_timestamp":3020365650618,"circlet_count":0,"master_deck":["Strike_R+1","Strike_R+1","Strike_R","Defend_R","Defend_R","Defend_R","Defend_R","Bash","Dark Embrace","Sword Boomerang","Uppercut+1","Intimidate+1","Flame Barrier","Headbutt","Flex+1","Spot Weakness+1","Flame Barrier","Double Tap","Shrug It Off+1","Pommel Strike+1","Limit Break+1","Demon Form","Limit Break+1","Whirlwind","Burning Pact+1"],"special_seed":0,"relics":["Burning Blood","MawBank","Whetstone","Matryoshka","Mark of Pain","DollysMirror","Blood Vial","PreservedInsect"],"potions_floor_usage":[16,17,25],"damage_taken":[{"damage":22.0,"enemies":"Jaw Worm","floor":1.0,"turns":8.0},{"damage":0.0,"enemies":"Cultist","floor":4.0,"turns":4.0},{"damage":1.0,"enemies":"2 Louse","floor":5.0,"turns":3.0},{"damage":23.0,"enemies":"Lagavulin","floor":6.0,"turns":7.0},{"damage":2.0,"enemies":"Blue Slaver","floor":8.0,"turns":5.0},{"damage":22.0,"enemies":"3 Sentries","floor":11.0,"turns":7.0},{"damage":0.0,"enemies":"2 Fungi Beasts","floor":14.0,"turns":4.0},{"damage":30,"enemies":"Hexaghost","floor":16,"turns":10},{"damage":8,"enemies":"2 Thieves","floor":18,"turns":4},{"damage":8,"enemies":"Spheric Guardian","floor":19,"turns":4},{"damage":22,"enemies":"Shelled Parasite and Fungi","floor":22,"turns":9},{"damage":32,"enemies":"Chosen and Byrds","floor":25,"turns":5},{"damage":30,"enemies":"3 Cultists","floor":27,"turns":3}],"seed_played":"-7947275580941565058","potions_obtained":[{"floor":4.0,"key":"SkillPotion"},{"floor":5.0,"key":"EssenceOfSteel"},{"floor":8.0,"key":"Explosive Potion"},{"floor":14.0,"key":"SpeedPotion"},{"floor":16,"key":"Fruit Juice"},{"floor":19,"key":"PowerPotion"}],"is_trial":false,"path_per_floor":["M","$","?","M","M","E","R","M","T","R","E","R","?","M","R","B",null,"M","M","$","?","M","R","?","M","T","M"],"character_chosen":"IRONCLAD","items_purchased":["Limit Break","Demon Form","DollysMirror"],"campfire_rested":0,"item_purchase_floors":[20,20,20],"current_hp_per_floor":[64,64,64,70,75,58,58,62,62,62,46,46,51,57,57,33,90,88,86,86,68,52,52,52,26,26,0],"gold":98,"neow_bonus":"TRANSFORM_TWO_CARDS","is_prod":false,"is_daily":false,"chose_seed":false,"campfire_upgraded":5,"win_rate":0,"timestamp":1553194370,"path_taken":["M","$","?","?","?","E","R","M","T","R","E","R","?","M","R","BOSS","M","M","$","?","M","R","?","M","T","M"],"build_version":"2019-01-23","purchased_purges":1,"victory":false,"max_hp_per_floor":[80,80,80,80,80,80,80,80,80,80,80,80,85,85,85,85,90,90,90,90,95,95,95,95,95,95,95],"card_choices":[{"not_picked":["Cleave","Disarm"],"picked":"Uppercut","floor":1.0},{"not_picked":["Twin Strike","Havoc"],"picked":"Intimidate","floor":4.0},{"not_picked":["Shrug It Off","Bloodletting"],"picked":"Flame Barrier","floor":5.0},{"not_picked":["Perfected Strike","Rampage"],"picked":"Headbutt","floor":6.0},{"not_picked":["Armaments","Havoc"],"picked":"Flex","floor":8.0},{"not_picked":["Heavy Blade","Cleave"],"picked":"Spot Weakness","floor":11.0},{"not_picked":["Clash","Corruption"],"picked":"Flame Barrier","floor":14.0},{"not_picked":["Juggernaut","Reaper"],"picked":"Double Tap","floor":16},{"not_picked":["Anger+1","Pommel Strike"],"picked":"Shrug It Off+1","floor":18},{"not_picked":["Twin Strike","Armaments"],"picked":"Pommel Strike+1","floor":19},{"not_picked":["Anger","Infernal Blade+1"],"picked":"Whirlwind","floor":22},{"not_picked":["Seeing Red","Heavy Blade"],"picked":"Burning Pact+1","floor":25}],"player_experience":1106135,"relics_obtained":[{"floor":6.0,"key":"MawBank"},{"floor":9.0,"key":"Whetstone"},{"floor":11.0,"key":"Matryoshka"},{"floor":26,"key":"Blood Vial"},{"floor":26,"key":"PreservedInsect"}],"event_choices":[{"damage_healed":0.0,"max_hp_gain":0.0,"max_hp_loss":0.0,"gold_gain":0.0,"event_name":"NoteForYourself","player_choice":"Ignored","floor":3.0,"gold_loss":0.0,"damage_taken":0.0},{"damage_healed":0.0,"max_hp_gain":5.0,"max_hp_loss":0.0,"gold_gain":0.0,"event_name":"Big Fish","player_choice":"Donut","floor":13.0,"gold_loss":0.0,"damage_taken":0.0},{"damage_healed":0,"gold_gain":0,"player_choice":"Shed Blood","damage_taken":23,"max_hp_gain":5,"max_hp_loss":0,"event_name":"Forgotten Altar","floor":21,"gold_loss":0},{"damage_healed":0,"gold_gain":0,"player_choice":"Upgraded","damage_taken":0,"max_hp_gain":0,"max_hp_loss":0,"event_name":"Upgrade Shrine","floor":24,"gold_loss":0,"cards_upgraded":["Limit Break"]}],"is_beta":false,"boss_relics":[{"not_picked":["Eternal Feather","Calling Bell"],"picked":"Mark of Pain"}],"items_purged_floors":[2],"is_endless":false,"potions_floor_spawned":[4,5,8,14,16,19],"killed_by":"3 Cultists","ascension_level":0}