{"gold_per_floor":[109,109,122,122,47,78,92,92,138,153,53,68,68,79,79,183,183,199,219,94,110,110,110,37,37,37,49,95,120,132,144,156,267,279,308,170,183,183,1182,1182,1208,1208,1208,1208,1228,200,212,224,224,224],"floor_reached":50,"playtime":937,"items_purged":["Strike_R","Strike_R","Strike_R","Defend_R","Normality"],"score":540,"play_id":"b7736661-f960-4e28-b425-5e4cc9279eab","local_time":"20190321131302","is_ascension_mode":false,"campfire_choices":[{"data":"Flex","floor":8.0,"key":"SMITH"},{"data":"Heavy Blade","floor":15.0,"key":"SMITH"},{"data":"Heavy Blade","floor":23.0,"key":"SMITH"},{"data":"Inflame","floor":30.0,"key":"SMITH"},{"data":"Inflame","floor":32.0,"key":"SMITH"},{"data":"Whirlwind","floor":40.0,"key":"SMITH"},{"data":"Immolate","floor":42.0,"key":"SMITH"},{"floor":44.0,"key":"REST"},{"data":"Limit Break","floor":49.0,"key":"SMITH"}],"neow_cost":"NONE","seed_source_timestamp":3873574353236,"circlet_count":0,"master_deck":["Defend_R+1","Flex+1","Battle Trance+1","Heavy Blade+1","Heavy Blade+1","Inflame+1","Whirlwind+1","Inflame+1","Flex+1","Immolate+1","Demon Form+1","Normality","Limit Break+1","Immolate","Whirlwind+1"],"special_seed":0,"relics":["Burning Blood","Art of War","Bronze Scales","Sundial","Empty Cage","MawBank","Frozen Egg 2","Philosopher\u0027s Stone","Calipers","Kunai","Bottled Lightning","Oddly Smooth Stone"],"potions_floor_usage":[50,50,50],"damage_taken":[{"damage":5.0,"enemies":"2 Louse","floor":1.0,"turns":3.0},{"damage":1.0,"enemies":"Jaw Worm","floor":3.0,"turns":3.0},{"damage":34.0,"enemies":"Gremlin Nob","floor":6.0,"turns":4.0},{"damage":0.0,"enemies":"Small Slimes","floor":7.0,"turns":2.0},{"damage":8.0,"enemies":"Gremlin Gang","floor":10.0,"turns":3.0},{"damage":5.0,"enemies":"Looter","floor":12.0,"turns":2.0},{"damage":2.0,"enemies":"Blue Slaver","floor":14.0,"turns":3.0},{"damage":11.0,"enemies":"Slime Boss","floor":16.0,"turns":5.0},{"damage":2.0,"enemies":"Chosen","floor":18.0,"turns":3.0},{"damage":0.0,"enemies":"Spheric Guardian","floor":19.0,"turns":2.0},{"damage":0.0,"enemies":"3 Cultists","floor":21.0,"turns":2.0},{"damage":30.0,"enemies":"Book of Stabbing","floor":28.0,"turns":4.0},{"damage":10.0,"enemies":"Centurion and Healer","floor":29.0,"turns":3.0},{"damage":20.0,"enemies":"Collector","floor":33.0,"turns":5.0},{"damage":11.0,"enemies":"Orb Walker","floor":35.0,"turns":2.0},{"damage":17.0,"enemies":"3 Shapes","floor":37.0,"turns":3.0},{"damage":33.0,"enemies":"Reptomancer","floor":41.0,"turns":5.0},{"damage":0.0,"enemies":"Transient","floor":45.0,"turns":5.0},{"damage":0.0,"enemies":"Sphere and 2 Shapes","floor":47.0,"turns":1.0},{"damage":6.0,"enemies":"Maw","floor":48.0,"turns":4.0},{"damage":73,"enemies":"Time Eater","floor":50,"turns":4}],"seed_played":"-4624508032728219252","potions_obtained":[{"floor":6.0,"key":"AttackPotion"},{"floor":7.0,"key":"Poison Potion"},{"floor":14.0,"key":"FearPotion"},{"floor":16.0,"key":"Weak Potion"},{"floor":19.0,"key":"Dexterity Potion"},{"floor":28.0,"key":"Fire Potion"},{"floor":41.0,"key":"EssenceOfSteel"},{"floor":47.0,"key":"Strength Potion"}],"is_trial":false,"path_per_floor":["M","?","M","?","$","E","M","R","T","M","$","M","?","M","R","B",null,"M","M","$","M","?","R","$","?","T","?","E","M","R","$","R","B",null,"M","$","M","?","?","R","E","R","T","R","M","$","M","M","R","B"],"character_chosen":"IRONCLAD","items_purchased":["Inflame","Limit Break","Bottled Lightning","Oddly Smooth Stone","Immolate","Ancient Potion","SmokeBomb"],"campfire_rested":1,"item_purchase_floors":[24,46,46,46,46,46,46],"current_hp_per_floor":[80,80,80,64,64,36,42,42,42,40,40,41,23,27,27,22,80,80,80,80,80,80,80,80,80,80,80,56,52,52,52,52,38,80,75,75,64,64,64,64,37,37,37,61,67,67,73,73,73,0],"gold":224,"neow_bonus":"REMOVE_CARD","is_prod":false,"is_daily":false,"chose_seed":false,"campfire_upgraded":8,"win_rate":0,"timestamp":1553195582,"path_taken":["M","?","M","?","$","E","M","R","T","M","$","M","?","M","R","BOSS","M","M","$","M","?","R","$","?","T","?","E","?","R","$","R","BOSS","M","$","M","?","?","R","E","R","T","R","M","$","M","M","R","BOSS"],"build_version":"2019-01-23","purchased_purges":5,"victory":false,"max_hp_per_floor":[80,80,80,80,80,80,80,80,80,80,80,80,80,80,80,80,80,80,80,80,80,80,80,80,80,80,80,80,80,80,80,80,80,80,80,80,80,80,80,80,80,80,80,80,80,80,80,80,80,80],"card_choices":[{"not_picked":["Warcry","Armaments"],"picked":"Flex","floor":1.0},{"not_picked":["Headbutt","Combust"],"picked":"Battle Trance","floor":3.0},{"not_picked":["Armaments","Combust"],"picked":"Heavy Blade","floor":6.0},{"not_picked":["Juggernaut","Havoc"],"picked":"Heavy Blade","floor":7.0},{"not_picked":["Twin Strike","Wild Strike","Carnage"],"picked":"SKIP","floor":10.0},{"not_picked":["Evolve","Anger"],"picked":"Inflame","floor":12.0},{"not_picked":["True Grit","Anger","Barricade"],"picked":"SKIP","floor":14.0},{"not_picked":["Body Slam","Second Wind","Havoc"],"picked":"SKIP","floor":18.0},{"not_picked":["Spot Weakness","Armaments"],"picked":"Whirlwind","floor":19.0},{"not_picked":["Sword Boomerang","Sever Soul+1","Burning Pact+1"],"picked":"SKIP","floor":21.0},{"not_picked":["Clothesline","Sentinel+1"],"picked":"Immolate","floor":28.0},{"not_picked":["Shrug It Off","Carnage","Dual Wield"],"picked":"SKIP","floor":29.0},{"not_picked":["Reaper","Dark Embrace+1"],"picked":"Demon Form+1","floor":33.0},{"not_picked":["Body Slam","Flame Barrier","Perfected Strike+1"],"picked":"SKIP","floor":35.0},{"not_picked":["Heavy Blade","Shrug It Off+1","Wild Strike+1"],"picked":"SKIP","floor":37.0},{"not_picked":["Perfected Strike","Headbutt+1","Clash+1"],"picked":"SKIP","floor":41.0},{"not_picked":["Sword Boomerang+1","Clash+1","Shockwave"],"picked":"SKIP","floor":45.0},{"not_picked":["Sword Boomerang","Searing Blow+1","Whirlwind+1"],"picked":"SKIP","floor":47.0},{"not_picked":["Sword Boomerang","Searing Blow+1"],"picked":"Whirlwind+1","floor":47.0},{"not_picked":["Shrug It Off","Rupture+1","Fire Breathing+1"],"picked":"SKIP","floor":48.0}],"player_experience":1106966,"relics_obtained":[{"floor":6.0,"key":"Art of War"},{"floor":9.0,"key":"Bronze Scales"},{"floor":26.0,"key":"MawBank"},{"floor":28.0,"key":"Frozen Egg 2"},{"floor":41.0,"key":"Calipers"},{"floor":43.0,"key":"Kunai"}],"event_choices":[{"cards_removed":["Defend_R"],"damage_healed":0.0,"max_hp_gain":0.0,"max_hp_loss":0.0,"gold_gain":0.0,"event_name":"Living Wall","player_choice":"Forget","floor":2.0,"gold_loss":0.0,"damage_taken":0.0},{"damage_healed":0.0,"max_hp_gain":0.0,"max_hp_loss":0.0,"gold_gain":0.0,"event_name":"Shining Light","player_choice":"Entered Light","floor":4.0,"gold_loss":0.0,"damage_taken":16.0,"cards_upgraded":["Battle Trance","Defend_R"]},{"damage_healed":0.0,"max_hp_gain":0.0,"max_hp_loss":0.0,"gold_gain":0.0,"event_name":"Scrap Ooze","player_choice":"Success","floor":13.0,"gold_loss":0.0,"damage_taken":18.0,"relics_obtained":["Sundial"]},{"damage_healed":26.0,"max_hp_gain":0.0,"max_hp_loss":0.0,"gold_gain":0.0,"event_name":"The Library","player_choice":"Heal","floor":22.0,"gold_loss":0.0,"damage_taken":0.0},{"damage_healed":0.0,"max_hp_gain":0.0,"max_hp_loss":0.0,"gold_gain":0.0,"event_name":"Vampires","player_choice":"Ignored","floor":25.0,"gold_loss":0.0,"damage_taken":0.0},{"damage_healed":0.0,"max_hp_gain":0.0,"max_hp_loss":0.0,"gold_gain":0.0,"event_name":"Duplicator","player_choice":"Copied","floor":27.0,"gold_loss":0.0,"damage_taken":0.0,"cards_obtained":["Flex"]},{"cards_removed":["Bash"],"damage_healed":0.0,"max_hp_gain":0.0,"max_hp_loss":0.0,"gold_gain":0.0,"event_name":"Falling","player_choice":"Removed Attack","floor":38.0,"gold_loss":0.0,"damage_taken":0.0},{"damage_healed":0.0,"max_hp_gain":0.0,"max_hp_loss":0.0,"gold_gain":999.0,"event_name":"MindBloom","player_choice":"Gold","floor":39.0,"gold_loss":0.0,"damage_taken":0.0,"cards_obtained":["Normality","Normality"]}],"is_beta":false,"boss_relics":[{"not_picked":["Fusion Hammer","Black Star"],"picked":"Empty Cage"},{"not_picked":["Calling Bell","Cursed Key"],"picked":"Philosopher\u0027s Stone"}],"items_purged_floors":[5,11,20,36,46],"is_endless":false,"potions_floor_spawned":[6,7,14,16,19,28,41,47],"killed_by":"Time Eater","ascension_level":0}