{"gold_per_floor":[111,1,18,37,52,86,86,97,97,172,172,235,235,10,10,86,86,103,123,135,167,183,183,183,193,193,193,205,205,205,224,224,224],"floor_reached":33,"playtime":1157,"items_purged":["Strike_R"],"score":498,"play_id":"6395911a-719c-4dcd-b808-a9384eec6a2b","local_time":"20190319185225","is_ascension_mode":true,"campfire_choices":[{"data":"Whirlwind","floor":7,"key":"SMITH"},{"data":"Shockwave","floor":11,"key":"SMITH"},{"floor":15,"key":"REST"},{"data":"Uppercut","floor":23,"key":"SMITH"},{"floor":27,"key":"REST"},{"data":"Limit Break","floor":30,"key":"SMITH"},{"floor":32,"key":"REST"}],"neow_cost":"NONE","seed_source_timestamp":57603756664840,"circlet_count":0,"master_deck":["AscendersBane","Strike_R","Strike_R","Strike_R","Strike_R","Defend_R","Defend_R","Defend_R","Defend_R","Bash","Uppercut+1","Shrug It Off","Anger","Whirlwind+1","Shrug It Off","Shockwave+1","Inflame+1","Limit Break+1","Offering","Battle Trance","Shrug It Off","Heavy Blade"],"relics":["Burning Blood","NeowsBlessing","PreservedInsect","Frozen Egg 2","Potion Belt","Sozu","Red Mask","Bottled Lightning"],"potions_floor_usage":[5,16,16,33],"damage_taken":[{"damage":0,"enemies":"Cultist","floor":1,"turns":1},{"damage":0,"enemies":"2 Louse","floor":3,"turns":1},{"damage":0,"enemies":"Jaw Worm","floor":4,"turns":1},{"damage":5,"enemies":"Large Slime","floor":5,"turns":5},{"damage":47,"enemies":"3 Sentries","floor":6,"turns":8},{"damage":0,"enemies":"Gremlin Gang","floor":8,"turns":1},{"damage":22,"enemies":"Hexaghost","floor":16,"turns":7},{"damage":7,"enemies":"Spheric Guardian","floor":18,"turns":3},{"damage":6,"enemies":"Chosen","floor":19,"turns":2},{"damage":7,"enemies":"Centurion and Healer","floor":20,"turns":4},{"damage":26,"enemies":"Masked Bandits","floor":21,"turns":3},{"damage":19,"enemies":"Sentry and Sphere","floor":22,"turns":4},{"damage":15,"enemies":"Snake Plant","floor":25,"turns":4},{"damage":6,"enemies":"Chosen and Byrds","floor":28,"turns":5},{"damage":12,"enemies":"Cultist and Chosen","floor":31,"turns":5},{"damage":87,"enemies":"Champ","floor":33,"turns":10}],"seed_played":"5725617541889359104","potions_obtained":[{"floor":4,"key":"SteroidPotion"},{"floor":8,"key":"Poison Potion"},{"floor":16,"key":"SpeedPotion"}],"is_trial":false,"path_per_floor":["M","$","M","M","M","E","R","M","T","?","R","?","?","$","R","B",null,"M","M","M","?","M","R","?","M","T","R","M","?","R","M","R","B"],"character_chosen":"IRONCLAD","items_purchased":["Shrug It Off","Strength Potion","Inflame+1","Limit Break"],"campfire_rested":3,"item_purchase_floors":[2,2,14,14],"current_hp_per_floor":[74,74,75,75,75,34,34,40,40,29,29,29,29,29,51,35,65,64,64,63,43,30,30,30,21,21,43,43,43,43,37,59,0],"gold":224,"neow_bonus":"THREE_ENEMY_KILL","is_prod":false,"is_daily":false,"chose_seed":false,"campfire_upgraded":4,"win_rate":0,"timestamp":1552989145,"path_taken":["M","$","M","?","M","E","R","M","T","?","R","?","?","$","R","BOSS","M","?","M","?","M","R","?","M","T","R","M","?","R","M","R","BOSS"],"build_version":"2019-01-23","purchased_purges":1,"victory":false,"max_hp_per_floor":[75,75,75,75,75,75,75,75,75,75,75,75,75,75,75,75,75,75,75,75,75,75,75,75,75,75,75,75,75,75,75,75,75],"card_choices":[{"not_picked":["Sword Boomerang","Thunderclap"],"picked":"Uppercut","floor":1},{"not_picked":["Flex","Perfected Strike"],"picked":"Anger","floor":3},{"not_picked":["Perfected Strike","Clothesline"],"picked":"Whirlwind","floor":4},{"not_picked":["Clash","Sword Boomerang"],"picked":"Pommel Strike","floor":5},{"not_picked":["Limit Break","Wild Strike"],"picked":"Shrug It Off","floor":6},{"not_picked":["Anger","Searing Blow"],"picked":"Shockwave","floor":8},{"not_picked":["Demon Form+1","Limit Break"],"picked":"Offering","floor":16},{"not_picked":["Searing Blow","Body Slam","Pommel Strike"],"picked":"SKIP","floor":18},{"not_picked":["Twin Strike+1","Clash"],"picked":"Battle Trance","floor":19},{"not_picked":["Evolve+1","Flame Barrier","Second Wind"],"picked":"SKIP","floor":20},{"not_picked":["Clothesline","Body Slam","Juggernaut+1"],"picked":"SKIP","floor":22},{"not_picked":["Infernal Blade+1","Carnage"],"picked":"Shrug It Off","floor":25},{"not_picked":["True Grit","Armaments","Sever Soul"],"picked":"SKIP","floor":28},{"not_picked":["Sword Boomerang","Cleave"],"picked":"Heavy Blade","floor":31}],"player_experience":753847,"relics_obtained":[{"floor":6,"key":"PreservedInsect"},{"floor":9,"key":"Frozen Egg 2"},{"floor":21,"key":"Red Mask"},{"floor":26,"key":"Bottled Lightning"}],"event_choices":[{"damage_healed":0,"gold_gain":75,"player_choice":"Gather Gold","damage_taken":11,"max_hp_gain":0,"max_hp_loss":0,"event_name":"World of Goop","floor":10,"gold_loss":0},{"damage_healed":0,"gold_gain":63,"player_choice":"Gained Gold","damage_taken":0,"max_hp_gain":0,"max_hp_loss":0,"event_name":"Golden Wing","floor":12,"gold_loss":0},{"cards_removed":["Pommel Strike"],"damage_healed":0,"gold_gain":0,"player_choice":"Gave Card","damage_taken":0,"relics_obtained":["Potion Belt"],"max_hp_gain":0,"max_hp_loss":0,"event_name":"WeMeetAgain","floor":13,"gold_loss":0},{"damage_healed":0,"gold_gain":0,"player_choice":"Fought Bandits","damage_taken":0,"max_hp_gain":0,"max_hp_loss":0,"event_name":"Masked Bandits","floor":21,"gold_loss":0},{"damage_healed":0,"gold_gain":0,"player_choice":"Ignored","damage_taken":0,"max_hp_gain":0,"max_hp_loss":0,"event_name":"Vampires","floor":24,"gold_loss":0},{"damage_healed":0,"gold_gain":0,"player_choice":"Ignored","damage_taken":0,"max_hp_gain":0,"max_hp_loss":0,"event_name":"The Mausoleum","floor":29,"gold_loss":0}],"is_beta":false,"boss_relics":[{"not_picked":["Lizard Tail","Runic Dome"],"picked":"Sozu"}],"items_purged_floors":[14],"is_endless":false,"potions_floor_spawned":[4,8,16,19,20,21,28,31],"killed_by":"Champ","ascension_level":20}