{"gold_per_floor":[16,30,45,56,75,75,105,105,156,190,265,230,230,7,7,7],"floor_reached":16,"playtime":347,"items_purged":[],"score":220,"play_id":"8ae08391-48bd-4624-9314-fca1d0e7fd5f","local_time":"20190222014414","is_ascension_mode":true,"campfire_choices":[{"data":"Armaments","floor":6,"key":"SMITH"},{"data":"Demon Form","floor":8,"key":"SMITH"},{"data":"Inflame","floor":15,"key":"SMITH"}],"neow_cost":"NO_GOLD","seed_source_timestamp":646379212542800,"circlet_count":0,"master_deck":["AscendersBane","Strike_R","Strike_R","Strike_R","Strike_R","Strike_R","Defend_R","Defend_R","Defend_R","Defend_R","Bash","Cleave","Combust","Inflame+1","Pommel Strike","Armaments+1","Demon Form+1","Fiend Fire"],"relics":["Burning Blood","Blue Candle","Boot","Darkstone Periapt","Membership Card"],"potions_floor_usage":[7,10],"damage_taken":[{"damage":12,"enemies":"2 Louse","floor":1,"turns":3},{"damage":1,"enemies":"Small Slimes","floor":2,"turns":3},{"damage":12,"enemies":"Jaw Worm","floor":3,"turns":4},{"damage":19,"enemies":"Blue Slaver","floor":4,"turns":5},{"damage":11,"enemies":"Red Slaver","floor":5,"turns":4},{"damage":19,"enemies":"3 Sentries","floor":7,"turns":5},{"damage":25,"enemies":"Lagavulin","floor":10,"turns":8},{"damage":39,"enemies":"Hexaghost","floor":16,"turns":8}],"seed_played":"-1492924617369557208","potions_obtained":[{"floor":1,"key":"PowerPotion"},{"floor":7,"key":"GamblersBrew"},{"floor":10,"key":"Ancient Potion"}],"is_trial":false,"path_per_floor":["M","M","M","M","M","R","E","R","T","E","?","?","?","$","R","B"],"character_chosen":"IRONCLAD","items_purchased":["Membership Card"],"campfire_rested":0,"item_purchase_floors":[14],"current_hp_per_floor":[76,81,75,62,57,57,44,44,44,25,14,36,36,36,36,0],"gold":7,"neow_bonus":"TWENTY_PERCENT_HP_BONUS","is_prod":false,"is_daily":false,"chose_seed":false,"campfire_upgraded":3,"win_rate":0,"timestamp":1550767454,"path_taken":["M","M","M","M","M","R","E","R","T","E","?","?","?","?","R","BOSS"],"build_version":"2019-01-23","purchased_purges":0,"victory":false,"max_hp_per_floor":[89,89,89,89,89,89,89,89,89,89,89,89,89,89,89,89],"card_choices":[{"not_picked":["Fire Breathing","Headbutt"],"picked":"Cleave","floor":1},{"not_picked":["Body Slam","Sentinel"],"picked":"Combust","floor":2},{"not_picked":["Clothesline","Metallicize"],"picked":"Inflame","floor":3},{"not_picked":["Flex","Spot Weakness"],"picked":"Pommel Strike","floor":4},{"not_picked":["Perfected Strike","Entrench"],"picked":"Armaments","floor":5},{"not_picked":["Dropkick","Body Slam"],"picked":"Demon Form","floor":7},{"not_picked":["Body Slam","Thunderclap"],"picked":"Fiend Fire","floor":10}],"player_experience":4375150,"relics_obtained":[{"floor":7,"key":"Blue Candle"},{"floor":9,"key":"Boot"},{"floor":10,"key":"Darkstone Periapt"}],"event_choices":[{"damage_healed":0,"gold_gain":75,"player_choice":"Gather Gold","damage_taken":11,"max_hp_gain":0,"max_hp_loss":0,"event_name":"World of Goop","floor":11,"gold_loss":0},{"damage_healed":22,"gold_gain":0,"player_choice":"Healed","damage_taken":0,"max_hp_gain":0,"max_hp_loss":0,"event_name":"The Cleric","floor":12,"gold_loss":35},{"damage_healed":0,"gold_gain":0,"player_choice":"Ignored","damage_taken":0,"max_hp_gain":0,"max_hp_loss":0,"event_name":"Liars Game","floor":13,"gold_loss":0}],"is_beta":false,"boss_relics":[],"items_purged_floors":[],"is_endless":false,"potions_floor_spawned":[1,7,10],"killed_by":"Hexaghost","ascension_level":20}