{"gold_per_floor":[163,163,163,177,201,244,244,279,304,304,103,122,155,155,155,278,278,298,298,168,138,179,179],"floor_reached":23,"playtime":1689,"items_purged":["Strike_B","Defend_B"],"score":290,"play_id":"d1ffd63a-edf3-40e1-aab9-f36ce534f07d","local_time":"20190111210854","is_ascension_mode":true,"campfire_choices":[{"data":"Dualcast","floor":7,"key":"SMITH"},{"data":"Reinforced Body","floor":10,"key":"SMITH"},{"floor":15,"key":"REST"}],"neow_cost":"NONE","seed_source_timestamp":94021661601729,"circlet_count":0,"master_deck":["Strike_B","Strike_B+1","Strike_B","Defend_B","Defend_B","Defend_B","Zap","Dualcast+1","Leap","Cold Snap","Rebound","Reinforced Body+1","Undo","Self Repair","Capacitor","Reboot","Defragment","Sweeping Beam"],"relics":["Tiny House","Golden Idol","Smiling Mask","PreservedInsect","Omamori","DataDisk","Turnip","Busted Crown","Red Mask"],"potions_floor_usage":[8,13,22],"damage_taken":[{"damage":4,"enemies":"2 Louse","floor":1,"turns":3},{"damage":10,"enemies":"Cultist","floor":4,"turns":4},{"damage":2,"enemies":"Small Slimes","floor":5,"turns":4},{"damage":35,"enemies":"Gremlin Nob","floor":6,"turns":5},{"damage":5,"enemies":"3 Sentries","floor":8,"turns":8},{"damage":2,"enemies":"Looter","floor":12,"turns":4},{"damage":18,"enemies":"Gremlin Nob","floor":13,"turns":4},{"damage":39,"enemies":"The Guardian","floor":16,"turns":20},{"damage":8,"enemies":"Spheric Guardian","floor":18,"turns":6},{"damage":14,"enemies":"2 Thieves","floor":21,"turns":5},{"damage":80,"enemies":"Masked Bandits","floor":22,"turns":8},{"damage":13,"enemies":"Gremlin Leader","floor":23,"turns":5}],"seed_played":"-1841243703254278785","potions_obtained":[{"floor":0,"key":"FairyPotion"},{"floor":4,"key":"AttackPotion"},{"floor":12,"key":"SteroidPotion"},{"floor":13,"key":"Ancient Potion"},{"floor":16,"key":"GamblersBrew"}],"is_trial":false,"path_per_floor":["M","?","?","M","M","E","R","E","T","R","$","M","E","?","R","B",null,"M","?","$","M","?","E"],"character_chosen":"DEFECT","items_purchased":["DataDisk","Defragment"],"campfire_rested":1,"item_purchase_floors":[11,20],"current_hp_per_floor":[69,49,80,70,68,33,33,28,28,28,28,26,15,20,45,13,67,66,66,66,59,9,0],"gold":179,"neow_bonus":"BOSS_RELIC","is_prod":false,"is_daily":false,"chose_seed":false,"campfire_upgraded":2,"win_rate":0,"timestamp":1547258934,"path_taken":["M","?","?","M","?","E","R","E","T","R","$","M","E","?","R","BOSS","M","?","$","M","?","E"],"build_version":"2019-01-10","purchased_purges":2,"victory":false,"max_hp_per_floor":[80,80,80,80,80,80,80,80,80,80,80,80,80,85,85,85,85,85,85,85,85,85,85],"card_choices":[{"not_picked":["Leap","Fusion"],"picked":"Tempest","floor":0},{"not_picked":["Rebound","Skim"],"picked":"Leap","floor":1},{"not_picked":["Aggregate","Heatsinks"],"picked":"Cold Snap","floor":4},{"not_picked":["Turbo","Stack"],"picked":"Rebound","floor":5},{"not_picked":["Heatsinks","Melter"],"picked":"Reinforced Body","floor":6},{"not_picked":["Beam Cell","Lockon"],"picked":"Undo","floor":8},{"not_picked":["Cold Snap","Barrage"],"picked":"Self Repair","floor":12},{"not_picked":["Coolheaded","FTL"],"picked":"Capacitor","floor":13},{"not_picked":["Multi-Cast","Thunder Strike"],"picked":"Reboot","floor":16},{"not_picked":["Rip and Tear"],"picked":"SKIP","floor":18},{"not_picked":[],"picked":"Sweeping Beam","floor":21}],"player_experience":351615,"relics_obtained":[{"floor":6,"key":"Smiling Mask"},{"floor":8,"key":"PreservedInsect"},{"floor":9,"key":"Omamori"},{"floor":13,"key":"Turnip"},{"floor":22,"key":"Red Mask"}],"event_choices":[{"damage_healed":0,"gold_gain":0,"player_choice":"Take Damage","damage_taken":20,"relics_obtained":["Golden Idol"],"max_hp_gain":0,"max_hp_loss":0,"event_name":"Golden Idol","floor":2,"gold_loss":0},{"cards_removed":["Tempest"],"damage_healed":31,"gold_gain":0,"player_choice":"Offered Uncommon","damage_taken":0,"max_hp_gain":0,"max_hp_loss":0,"event_name":"Bonfire Elementals","floor":3,"gold_loss":0},{"damage_healed":0,"gold_gain":0,"player_choice":"Donut","damage_taken":0,"max_hp_gain":5,"max_hp_loss":0,"event_name":"Big Fish","floor":14,"gold_loss":0},{"damage_healed":0,"gold_gain":0,"player_choice":"Ignored","damage_taken":0,"max_hp_gain":0,"max_hp_loss":0,"event_name":"Vampires","floor":19,"gold_loss":0},{"damage_healed":0,"gold_gain":0,"player_choice":"Fought Bandits","damage_taken":0,"max_hp_gain":0,"max_hp_loss":0,"event_name":"Masked Bandits","floor":22,"gold_loss":0}],"is_beta":false,"boss_relics":[{"not_picked":["Astrolabe","Runic Dome"],"picked":"Busted Crown"}],"items_purged_floors":[11,20],"is_endless":false,"potions_floor_spawned":[4,12,13,16],"killed_by":"Gremlin Leader","ascension_level":8}