{"gold_per_floor":[112,112,112,8,8,8,22,22,22,22,35,55,55,55,55,55],"floor_reached":16,"playtime":329,"items_purged":[],"score":163,"play_id":"dff878fb-f76c-4ae4-987f-9c72f2fc395a","local_time":"20190313133702","is_ascension_mode":true,"campfire_choices":[{"data":"True Grit","floor":6,"key":"SMITH"},{"data":"Heavy Blade","floor":10,"key":"SMITH"},{"data":"Rage","floor":13,"key":"SMITH"},{"data":"Armaments","floor":15,"key":"SMITH"}],"neow_cost":"NONE","seed_source_timestamp":13502192261436,"circlet_count":0,"master_deck":["AscendersBane","Strike_R","Strike_R","Strike_R","Strike_R","Defend_R","Defend_R","Defend_R","Defend_R","Bash","True Grit+1","Injury","Evolve","Heavy Blade+1","Perfected Strike+1","Armaments+1","Rage+1"],"relics":["Burning Blood","Strawberry","Mercury Hourglass","Golden Idol","Gremlin Horn","Dodecahedron"],"potions_floor_usage":[],"damage_taken":[{"damage":2,"enemies":"2 Louse","floor":1,"turns":3},{"damage":7,"enemies":"Jaw Worm","floor":7,"turns":2},{"damage":1,"enemies":"Cultist","floor":11,"turns":3},{"damage":11,"enemies":"Blue Slaver","floor":12,"turns":3},{"damage":78,"enemies":"Hexaghost","floor":16,"turns":11}],"seed_played":"6725572294011320259","potions_obtained":[{"floor":7,"key":"SpeedPotion"}],"is_trial":false,"path_per_floor":["M","?","?","$","T","R","M","?","T","R","M","M","R","?","R","B"],"character_chosen":"IRONCLAD","items_purchased":["Evolve","Heavy Blade"],"campfire_rested":0,"item_purchase_floors":[4,4],"current_hp_per_floor":[79,74,74,74,74,74,73,73,73,73,78,73,73,73,73,0],"gold":55,"neow_bonus":"RANDOM_COMMON_RELIC","is_prod":false,"is_daily":false,"chose_seed":false,"campfire_upgraded":4,"win_rate":0,"timestamp":1552451822,"path_taken":["M","?","?","?","?","R","?","?","T","R","?","M","R","?","R","BOSS"],"build_version":"2019-01-23","purchased_purges":0,"victory":false,"max_hp_per_floor":[82,82,82,82,82,82,82,82,82,82,82,82,82,82,82,82],"card_choices":[{"not_picked":["Wild Strike","Body Slam"],"picked":"True Grit","floor":1},{"not_picked":["Armaments","Twin Strike"],"picked":"Perfected Strike","floor":7},{"not_picked":["Clothesline","Blood for Blood"],"picked":"Armaments","floor":11},{"not_picked":["True Grit","Dropkick"],"picked":"Rage","floor":12}],"player_experience":306321,"relics_obtained":[{"floor":5,"key":"Gremlin Horn"},{"floor":9,"key":"Dodecahedron"}],"event_choices":[{"damage_healed":0,"gold_gain":0,"player_choice":"Success","damage_taken":5,"relics_obtained":["Mercury Hourglass"],"max_hp_gain":0,"max_hp_loss":0,"event_name":"Scrap Ooze","floor":2,"gold_loss":0},{"damage_healed":0,"gold_gain":0,"player_choice":"Take Wound","damage_taken":0,"relics_obtained":["Golden Idol"],"max_hp_gain":0,"max_hp_loss":0,"event_name":"Golden Idol","floor":3,"gold_loss":0,"cards_obtained":["Injury"]},{"damage_healed":0,"gold_gain":0,"player_choice":"Upgraded","damage_taken":0,"max_hp_gain":0,"max_hp_loss":0,"event_name":"Upgrade Shrine","floor":8,"gold_loss":0,"cards_upgraded":["Perfected Strike"]},{"cards_removed":["Strike_R"],"damage_healed":0,"gold_gain":0,"player_choice":"Purged","damage_taken":0,"max_hp_gain":0,"max_hp_loss":0,"event_name":"Purifier","floor":14,"gold_loss":0}],"is_beta":false,"boss_relics":[],"items_purged_floors":[],"is_endless":false,"potions_floor_spawned":[7],"killed_by":"Hexaghost","ascension_level":17}