{"gold_per_floor":[117,137,155,171,184,210,221,252,252,252,274,234,254,287,287,361,361,378,378,395,406,321,321],"floor_reached":23,"playtime":761,"items_purged":[],"score":430,"play_id":"9eb4c33f-9ade-46be-8534-42e68f3c3694","local_time":"20190314001409","is_ascension_mode":true,"campfire_choices":[{"floor":10,"key":"REST"},{"floor":15,"key":"REST"}],"neow_cost":"TEN_PERCENT_HP_LOSS","seed_source_timestamp":1121958122200,"circlet_count":0,"master_deck":["AscendersBane","Zap","Dualcast","Compile Driver","Glacier","Sweeping Beam","Capacitor","Ball Lightning","Rip and Tear","Cold Snap","Biased Cognition+1","White Noise","Rebound","Auto Shields","Doom and Gloom","Creative AI","Amplify","Machine Learning","Cold Snap","Melter","Tempest","Thunder Strike","Scrape","Reinforced Body","Heatsinks","Steam+1"],"special_seed":0,"relics":["Cracked Core","Mercury Hourglass","Shuriken","Lantern","Odd Mushroom","Happy Flower","Pandora\u0027s Box","Juzu Bracelet"],"potions_floor_usage":[4,4,8,12,13,16],"damage_taken":[{"damage":0.0,"enemies":"2 Louse","floor":1.0,"turns":2.0},{"damage":0,"enemies":"Cultist","floor":2,"turns":4},{"damage":1,"enemies":"Jaw Worm","floor":3,"turns":5},{"damage":0,"enemies":"Lots of Slimes","floor":4,"turns":4},{"damage":2,"enemies":"Looter","floor":5,"turns":4},{"damage":6,"enemies":"Lagavulin","floor":6,"turns":7},{"damage":19,"enemies":"Blue Slaver","floor":7,"turns":3},{"damage":9,"enemies":"Gremlin Nob","floor":8,"turns":4},{"damage":9,"enemies":"The Mushroom Lair","floor":11,"turns":3},{"damage":0,"enemies":"Large Slime","floor":13,"turns":3},{"damage":23,"enemies":"Lagavulin","floor":14,"turns":7},{"damage":32,"enemies":"The Guardian","floor":16,"turns":11},{"damage":40,"enemies":"2 Thieves","floor":18,"turns":4},{"damage":0,"enemies":"Spheric Guardian","floor":20,"turns":3},{"damage":8,"enemies":"Chosen and Byrds","floor":21,"turns":5},{"damage":11,"enemies":"Gremlin Leader","floor":23,"turns":2}],"seed_played":"9048532890762220491","potions_obtained":[{"floor":3,"key":"EntropicBrew"},{"floor":5,"key":"Block Potion"},{"floor":8,"key":"SkillPotion"},{"floor":12,"key":"Fruit Juice"},{"floor":12,"key":"Dexterity Potion"}],"is_trial":false,"path_per_floor":["M","M","M","M","M","E","M","E","T","R","?","?","M","E","R","B",null,"M","?","M","M","?","E"],"character_chosen":"DEFECT","items_purchased":[],"campfire_rested":2,"item_purchase_floors":[],"current_hp_per_floor":[64,64,63,63,61,55,36,27,27,46,37,42,42,19,39,7,54,14,14,14,6,6,0],"gold":321,"neow_bonus":"TRANSFORM_TWO_CARDS","is_prod":false,"is_daily":false,"chose_seed":false,"campfire_upgraded":0,"win_rate":0,"timestamp":1552490049,"path_taken":["M","M","M","M","M","E","M","E","T","R","?","?","?","E","R","BOSS","M","?","M","?","?","E"],"build_version":"2019-01-23","purchased_purges":0,"victory":false,"max_hp_per_floor":[64,64,64,64,64,64,64,64,64,64,64,69,69,69,69,69,69,69,69,69,69,69,69],"card_choices":[{"not_picked":["Darkness","Coolheaded"],"picked":"Sweeping Beam","floor":1.0},{"not_picked":["Rebound","Steam"],"picked":"Capacitor","floor":2},{"not_picked":["White Noise","Beam Cell"],"picked":"Ball Lightning","floor":3},{"not_picked":["Leap","Fission"],"picked":"Rip and Tear","floor":4},{"not_picked":["Coolheaded","Go for the Eyes"],"picked":"Cold Snap","floor":5},{"not_picked":["Steam","Thunder Strike"],"picked":"Biased Cognition","floor":6},{"not_picked":["Storm","Compile Driver"],"picked":"White Noise","floor":7},{"not_picked":["Static Discharge","Steam"],"picked":"Rebound","floor":8},{"not_picked":["Ball Lightning","Streamline"],"picked":"Auto Shields","floor":11},{"not_picked":["Scrape","Stack"],"picked":"Doom and Gloom","floor":13},{"not_picked":["Turbo","Lockon"],"picked":"Creative AI","floor":14},{"not_picked":["Machine Learning","Buffer"],"picked":"Amplify","floor":16},{"not_picked":["Lockon","Blizzard"],"picked":"Reinforced Body","floor":18},{"not_picked":["Rebound","Fusion"],"picked":"Heatsinks","floor":20},{"not_picked":["Conserve Battery","Sweeping Beam+1"],"picked":"Steam+1","floor":21}],"player_experience":4532667,"relics_obtained":[{"floor":6,"key":"Mercury Hourglass"},{"floor":8,"key":"Shuriken"},{"floor":9,"key":"Lantern"},{"floor":11,"key":"Odd Mushroom"},{"floor":14,"key":"Happy Flower"}],"event_choices":[{"damage_healed":0,"gold_gain":0,"player_choice":"Fought Mushrooms","damage_taken":0,"max_hp_gain":0,"max_hp_loss":0,"event_name":"Mushrooms","floor":11,"gold_loss":0},{"damage_healed":0,"gold_gain":0,"player_choice":"Bought 3 Potions","damage_taken":0,"max_hp_gain":0,"max_hp_loss":0,"event_name":"The Woman in Blue","floor":12,"gold_loss":0},{"damage_healed":0,"gold_gain":0,"player_choice":"Forge","damage_taken":0,"max_hp_gain":0,"max_hp_loss":0,"event_name":"Accursed Blacksmith","floor":19,"gold_loss":0,"cards_upgraded":["Biased Cognition"]},{"damage_healed":0,"gold_gain":0,"player_choice":"Obtained Relic","damage_taken":0,"relics_obtained":["Juzu Bracelet"],"max_hp_gain":0,"max_hp_loss":0,"event_name":"Addict","floor":22,"gold_loss":85}],"is_beta":false,"boss_relics":[{"not_picked":["Inserter","Black Star"],"picked":"Pandora\u0027s Box"}],"items_purged_floors":[],"is_endless":false,"potions_floor_spawned":[3,5,8,11],"killed_by":"Gremlin Leader","ascension_level":20}