{"gold_per_floor":[117,133,147,165,4,31,31,57,80,114,127,127,137,212,212,287,287,305,41,41,58,58,87,87,122,200,214,227,254,270,282,282,359,359,379,392,392,409,409,442,442,85,112,12,12,23,23,41,41,41],"floor_reached":50,"playtime":2321,"items_purged":["Strike_B","Defend_B"],"score":1108,"play_id":"7470be34-0e20-4082-9611-157648edc1b1","local_time":"20190219021736","is_ascension_mode":true,"campfire_choices":[{"floor":7,"key":"REST"},{"data":"Loop","floor":15,"key":"SMITH"},{"data":"Apotheosis","floor":24,"key":"SMITH"},{"data":"Ghostly","floor":32,"key":"SMITH"},{"floor":41,"key":"REST"},{"floor":49,"key":"REST"}],"neow_cost":"NONE","seed_source_timestamp":387204263869500,"circlet_count":0,"master_deck":["AscendersBane","Strike_B","Defend_B","Defend_B","Zap","Dualcast","Rip and Tear","Sweeping Beam","Self Repair","FTL","BootSequence","Conserve Battery","Coolheaded","Loop+1","Hyperbeam","Ball Lightning","Apotheosis+1","Ghostly+1","Ghostly","Ghostly","Fusion","Redo+1","Leap+1","Go for the Eyes","Rebound","Seek","White Noise","Fission","Skim","Hologram","Loop","Parasite","Compile Driver","Conserve Battery+1"],"relics":["Cracked Core","Vajra","Centennial Puzzle","Dream Catcher","Lantern","Blood Vial","Runic Pyramid","Darkstone Periapt","Strawberry","Shuriken","Juzu Bracelet","Empty Cage","Gremlin Horn","Matryoshka","Kunai","Art of War"],"potions_floor_usage":[6,6,16,23,29,33,33,50,50],"damage_taken":[{"damage":1,"enemies":"Small Slimes","floor":1,"turns":3},{"damage":7,"enemies":"Jaw Worm","floor":2,"turns":3},{"damage":0,"enemies":"Cultist","floor":3,"turns":3},{"damage":14,"enemies":"Exordium Wildlife","floor":4,"turns":3},{"damage":15,"enemies":"Lagavulin","floor":6,"turns":6},{"damage":11,"enemies":"Gremlin Nob","floor":8,"turns":3},{"damage":20,"enemies":"Lagavulin","floor":10,"turns":7},{"damage":1,"enemies":"Exordium Thugs","floor":11,"turns":4},{"damage":1,"enemies":"Blue Slaver","floor":13,"turns":3},{"damage":11,"enemies":"The Guardian","floor":16,"turns":11},{"damage":9,"enemies":"Spheric Guardian","floor":18,"turns":6},{"damage":0,"enemies":"Shell Parasite","floor":21,"turns":5},{"damage":15,"enemies":"Gremlin Leader","floor":23,"turns":5},{"damage":3,"enemies":"Slavers","floor":25,"turns":4},{"damage":1,"enemies":"Snake Plant","floor":27,"turns":5},{"damage":11,"enemies":"3 Cultists","floor":28,"turns":5},{"damage":3,"enemies":"Gremlin Leader","floor":29,"turns":6},{"damage":16,"enemies":"Shelled Parasite and Fungi","floor":30,"turns":5},{"damage":0,"enemies":"Snake Plant","floor":31,"turns":4},{"damage":32,"enemies":"Collector","floor":33,"turns":10},{"damage":1,"enemies":"3 Shapes","floor":35,"turns":4},{"damage":0,"enemies":"Orb Walker","floor":36,"turns":5},{"damage":32,"enemies":"Sphere and 2 Shapes","floor":38,"turns":6},{"damage":20,"enemies":"Giant Head","floor":40,"turns":8},{"damage":7,"enemies":"Writhing Mass","floor":46,"turns":7},{"damage":0,"enemies":"4 Shapes","floor":48,"turns":2},{"damage":62,"enemies":"Time Eater","floor":50,"turns":9}],"seed_played":"2980724667475433182","potions_obtained":[{"floor":1,"key":"SkillPotion"},{"floor":4,"key":"SpeedPotion"},{"floor":10,"key":"Dexterity Potion"},{"floor":11,"key":"Strength Potion"},{"floor":25,"key":"AttackPotion"},{"floor":30,"key":"Strength Potion"},{"floor":33,"key":"Poison Potion"},{"floor":36,"key":"EssenceOfSteel"},{"floor":48,"key":"Energy Potion"}],"is_trial":false,"path_per_floor":["M","M","M","M","$","E","R","E","T","E","M","?","M","?","R","B",null,"M","$","?","M","?","E","R","E","T","M","M","E","M","M","R","B",null,"M","M","?","M","T","E","R","$","T","$","?","M","?","M","R","B"],"character_chosen":"DEFECT","items_purchased":["Vajra","Apotheosis","Skim","Kunai"],"campfire_rested":3,"item_purchase_floors":[5,19,42,42],"current_hp_per_floor":[70,63,63,49,49,41,64,53,53,40,48,41,49,38,38,36,68,68,68,39,39,27,24,24,30,30,41,42,46,40,46,46,24,41,46,46,44,22,22,11,24,24,24,24,24,35,35,37,50,0],"gold":41,"neow_bonus":"TEN_PERCENT_HP_BONUS","is_prod":false,"is_daily":false,"chose_seed":false,"campfire_upgraded":3,"win_rate":0,"timestamp":1550510256,"path_taken":["M","M","M","M","$","E","R","E","T","E","M","?","M","?","R","BOSS","M","$","?","M","?","E","R","E","T","M","?","E","M","M","R","BOSS","M","M","?","M","?","E","R","$","T","$","?","M","?","M","R","BOSS"],"build_version":"2019-01-23","purchased_purges":2,"victory":false,"max_hp_per_floor":[78,78,78,78,78,78,78,78,78,78,78,78,78,78,78,78,78,78,78,39,39,39,39,39,46,46,46,46,46,46,46,46,46,46,46,46,44,44,44,44,44,44,44,44,44,50,50,50,50,50],"card_choices":[{"not_picked":["Self Repair","Aggregate"],"picked":"Compile Driver","floor":1},{"not_picked":["Go for the Eyes","Barrage"],"picked":"Rip and Tear","floor":2},{"not_picked":["Genetic Algorithm","Leap"],"picked":"Sweeping Beam","floor":3},{"not_picked":["Chaos","Sweeping Beam"],"picked":"Self Repair","floor":4},{"not_picked":["Go for the Eyes","Hello World"],"picked":"FTL","floor":6},{"not_picked":["Beam Cell","Streamline"],"picked":"BootSequence","floor":8},{"not_picked":["Chill","Thunder Strike"],"picked":"Conserve Battery","floor":10},{"not_picked":["Go for the Eyes","Steam"],"picked":"Coolheaded","floor":11},{"not_picked":["Steam","Turbo"],"picked":"Loop","floor":13},{"not_picked":["All For One","Buffer"],"picked":"Hyperbeam","floor":16},{"not_picked":["Rip and Tear","Barrage"],"picked":"Ball Lightning","floor":18},{"not_picked":["Capacitor","Sweeping Beam"],"picked":"Fusion","floor":21},{"not_picked":["Sunder+1","Steam"],"picked":"Redo+1","floor":23},{"not_picked":["Beam Cell","Redo","Biased Cognition"],"picked":"SKIP","floor":25},{"not_picked":["Turbo","Leap","Self Repair"],"picked":"SKIP","floor":27},{"not_picked":["Turbo","Leap","Self Repair"],"picked":"SKIP","floor":27},{"not_picked":["Redo","Beam Cell"],"picked":"Leap+1","floor":28},{"not_picked":["Steam","Melter+1"],"picked":"Go for the Eyes","floor":29},{"not_picked":["Barrage+1","Glacier"],"picked":"Rebound","floor":30},{"not_picked":["Ball Lightning","Redo","Gash"],"picked":"SKIP","floor":31},{"not_picked":["Ball Lightning","Redo","Gash"],"picked":"SKIP","floor":31},{"not_picked":["Creative AI","Machine Learning"],"picked":"Seek","floor":33},{"not_picked":["Gash+1","Sweeping Beam+1","Streamline"],"picked":"SKIP","floor":35},{"not_picked":["Compile Driver","Rebound"],"picked":"White Noise","floor":36},{"not_picked":["Sweeping Beam","Redo+1"],"picked":"Fission","floor":38},{"not_picked":["Undo","Stack","Leap"],"picked":"SKIP","floor":40},{"not_picked":["Chaos","Leap","Doom and Gloom"],"picked":"SKIP","floor":46},{"not_picked":["Melter+1","Turbo"],"picked":"Compile Driver","floor":48},{"not_picked":["Melter","Go for the Eyes"],"picked":"Conserve Battery+1","floor":49}],"player_experience":4341707,"relics_obtained":[{"floor":6,"key":"Centennial Puzzle"},{"floor":8,"key":"Dream Catcher"},{"floor":9,"key":"Lantern"},{"floor":10,"key":"Blood Vial"},{"floor":23,"key":"Darkstone Periapt"},{"floor":25,"key":"Strawberry"},{"floor":26,"key":"Shuriken"},{"floor":29,"key":"Juzu Bracelet"},{"floor":39,"key":"Gremlin Horn"},{"floor":40,"key":"Matryoshka"},{"floor":43,"key":"Art of War"}],"event_choices":[{"cards_removed":["Strike_B"],"damage_healed":0,"gold_gain":0,"player_choice":"Card Removal","damage_taken":7,"max_hp_gain":0,"max_hp_loss":0,"event_name":"Golden Wing","floor":12,"gold_loss":0},{"damage_healed":0,"gold_gain":75,"player_choice":"Gather Gold","damage_taken":11,"max_hp_gain":0,"max_hp_loss":0,"event_name":"World of Goop","floor":14,"gold_loss":0},{"damage_healed":0,"gold_gain":0,"player_choice":"Became a Ghost","damage_taken":0,"max_hp_gain":0,"max_hp_loss":39,"event_name":"Ghosts","floor":20,"gold_loss":0,"cards_obtained":["Ghostly","Ghostly","Ghostly"]},{"damage_healed":0,"gold_gain":0,"player_choice":"POTION ","damage_taken":12,"max_hp_gain":0,"max_hp_loss":0,"event_name":"Knowing Skull","floor":22,"potions_obtained":["Dexterity Potion"],"gold_loss":0,"cards_obtained":[]},{"damage_healed":0,"gold_gain":0,"player_choice":"Max HP","damage_taken":0,"max_hp_gain":0,"max_hp_loss":2,"event_name":"Winding Halls","floor":37,"gold_loss":0},{"damage_healed":0,"gold_gain":0,"player_choice":"2 cards matched","damage_taken":0,"max_hp_gain":0,"max_hp_loss":0,"event_name":"Match and Keep!","floor":45,"gold_loss":0,"cards_obtained":["Hologram","Loop"]},{"cards_removed":["Compile Driver"],"damage_healed":0,"gold_gain":0,"player_choice":"Removed Attack","damage_taken":0,"max_hp_gain":0,"max_hp_loss":0,"event_name":"Falling","floor":47,"gold_loss":0}],"is_beta":false,"boss_relics":[{"not_picked":["Eternal Feather","Sozu"],"picked":"Runic Pyramid"},{"not_picked":["Philosopher\u0027s Stone","Black Star"],"picked":"Empty Cage"}],"items_purged_floors":[19,44],"is_endless":false,"potions_floor_spawned":[1,4,10,11,25,30,31,33,36,48],"killed_by":"Time Eater","ascension_level":20}