{"gold_per_floor":[109,109,209,223,24,50,50,60,113,146,146,23,40,40,40,40],"floor_reached":16,"playtime":675,"items_purged":["Strike_R"],"score":173,"play_id":"8febe24d-b7bb-4ba8-b09b-5107831ce243","local_time":"20190221134716","is_ascension_mode":true,"campfire_choices":[{"data":"Seeing Red","floor":7,"key":"SMITH"},{"data":"Power Through","floor":11,"key":"SMITH"},{"data":"Bash","floor":15,"key":"SMITH"}],"neow_cost":"NONE","seed_source_timestamp":14082290654217,"circlet_count":0,"master_deck":["Strike_R","Strike_R","Defend_R","Defend_R","Defend_R","Defend_R","Bash+1","Seeing Red+1","Corruption","Shrug It Off","Twin Strike","Sentinel","Power Through+1","Second Wind","True Grit"],"relics":["Burning Blood","NeowsBlessing","Anchor","Oddly Smooth Stone","Letter Opener"],"potions_floor_usage":[10,10],"damage_taken":[{"damage":0,"enemies":"Jaw Worm","floor":1,"turns":1},{"damage":0,"enemies":"Cultist","floor":4,"turns":1},{"damage":0,"enemies":"Gremlin Nob","floor":6,"turns":1},{"damage":0,"enemies":"2 Louse","floor":8,"turns":3},{"damage":51,"enemies":"Lagavulin","floor":10,"turns":6},{"damage":9,"enemies":"Red Slaver","floor":13,"turns":5},{"damage":37,"enemies":"Hexaghost","floor":16,"turns":14}],"seed_played":"8013311873034511179","potions_obtained":[{"floor":1,"key":"Fire Potion"},{"floor":6,"key":"BloodPotion"},{"floor":10,"key":"LiquidBronze"}],"is_trial":false,"path_per_floor":["M","?","?","M","$","E","R","M","T","E","R","$","M","?","R","B"],"character_chosen":"IRONCLAD","items_purchased":["Corruption","Shrug It Off","Second Wind","True Grit"],"campfire_rested":0,"item_purchase_floors":[5,5,12,12],"current_hp_per_floor":[78,78,78,80,80,80,80,80,80,43,43,43,40,33,33,0],"gold":40,"neow_bonus":"THREE_ENEMY_KILL","is_prod":false,"is_daily":false,"chose_seed":false,"campfire_upgraded":3,"win_rate":0,"timestamp":1550724436,"path_taken":["M","?","?","M","$","E","R","M","T","E","R","$","?","?","R","BOSS"],"build_version":"2019-01-23","purchased_purges":1,"victory":false,"max_hp_per_floor":[80,80,80,80,80,80,80,80,80,80,80,80,80,80,80,80],"card_choices":[{"not_picked":["Inflame","Iron Wave"],"picked":"Seeing Red","floor":1},{"not_picked":["Clothesline","Clash","Thunderclap"],"picked":"SKIP","floor":4},{"not_picked":["Clash","Pommel Strike"],"picked":"Twin Strike","floor":6},{"not_picked":["Corruption","Disarm"],"picked":"Sentinel","floor":8},{"not_picked":["Feed","Dual Wield"],"picked":"Power Through","floor":10},{"not_picked":["Wild Strike","Fire Breathing","Twin Strike"],"picked":"SKIP","floor":13}],"player_experience":166752,"relics_obtained":[{"floor":6,"key":"Anchor"},{"floor":9,"key":"Oddly Smooth Stone"},{"floor":10,"key":"Letter Opener"}],"event_choices":[{"cards_removed":["Strike_R"],"damage_healed":0,"gold_gain":0,"player_choice":"Forget","damage_taken":0,"max_hp_gain":0,"max_hp_loss":0,"event_name":"Living Wall","floor":2,"gold_loss":0},{"damage_healed":0,"gold_gain":100,"player_choice":"Pray","damage_taken":0,"max_hp_gain":0,"max_hp_loss":0,"event_name":"Golden Shrine","floor":3,"gold_loss":0},{"cards_removed":["Strike_R"],"damage_healed":0,"gold_gain":0,"player_choice":"Card Removal","damage_taken":7,"max_hp_gain":0,"max_hp_loss":0,"event_name":"Golden Wing","floor":14,"gold_loss":0}],"is_beta":false,"boss_relics":[],"items_purged_floors":[5],"is_endless":false,"potions_floor_spawned":[1,6,10],"killed_by":"Hexaghost","ascension_level":6}