{"gold_per_floor":[116,127,144,45,58,84,84,104,172,172],"floor_reached":10,"playtime":526,"items_purged":["Strike_B"],"score":140,"play_id":"b56c3ca0-e041-4647-ada8-e19b2729e08e","local_time":"20190125001126","is_ascension_mode":true,"campfire_choices":[{"floor":7,"key":"REST"}],"neow_cost":"NONE","seed_source_timestamp":457722650776033,"circlet_count":0,"master_deck":["AscendersBane","Strike_B","Strike_B","Strike_B","Defend_B+1","Defend_B","Defend_B","Defend_B","Zap","Dualcast","Amplify","Hologram+1","Doom and Gloom","Multi-Cast","Streamline","Skim"],"relics":["Cracked Core","War Paint","Toxic Egg 2"],"potions_floor_usage":[],"damage_taken":[{"damage":0,"enemies":"Cultist","floor":1,"turns":3},{"damage":0,"enemies":"Small Slimes","floor":2,"turns":4},{"damage":6,"enemies":"Jaw Worm","floor":3,"turns":4},{"damage":10,"enemies":"Looter","floor":5,"turns":5},{"damage":26,"enemies":"Lagavulin","floor":6,"turns":6},{"damage":10,"enemies":"3 Louse","floor":8,"turns":3},{"damage":37,"enemies":"3 Sentries","floor":10,"turns":5}],"seed_played":"7048799772447866716","potions_obtained":[{"floor":1,"key":"GamblersBrew"},{"floor":2,"key":"SpeedPotion"},{"floor":3,"key":"GamblersBrew"}],"is_trial":false,"path_per_floor":["M","M","M","$","M","E","R","M","T","E"],"character_chosen":"DEFECT","items_purchased":["Streamline"],"campfire_rested":1,"item_purchase_floors":[4],"current_hp_per_floor":[64,64,58,58,48,22,43,33,33,0],"gold":172,"neow_bonus":"ONE_RANDOM_RARE_CARD","is_prod":false,"is_daily":false,"chose_seed":false,"campfire_upgraded":0,"win_rate":0,"timestamp":1548342686,"path_taken":["M","M","M","$","M","E","R","?","T","E"],"build_version":"2019-01-23","purchased_purges":1,"victory":false,"max_hp_per_floor":[71,71,71,71,71,71,71,71,71,71],"card_choices":[{"not_picked":["Go for the Eyes","Recycle"],"picked":"Hologram","floor":1},{"not_picked":["Turbo","Hologram"],"picked":"Doom and Gloom","floor":2},{"not_picked":["Rebound","Sweeping Beam"],"picked":"Multi-Cast","floor":3},{"not_picked":["Streamline","Force Field","Lockon"],"picked":"SKIP","floor":5},{"not_picked":["Streamline","Doom and Gloom","Leap"],"picked":"SKIP","floor":6},{"not_picked":["Gash","Scrape"],"picked":"Skim","floor":8}],"player_experience":4142718,"relics_obtained":[{"floor":6,"key":"War Paint"},{"floor":9,"key":"Toxic Egg 2"}],"event_choices":[],"is_beta":false,"boss_relics":[],"items_purged_floors":[4],"is_endless":false,"potions_floor_spawned":[1,2,3],"killed_by":"3 Sentries","ascension_level":20}