{"gold_per_floor":[119,133,110,110,35,35,78,93,120,144,144,38,58,79,79,172,172,152,152,165,165,264,264,234,234,234,234,247,260,10,26,26,26],"floor_reached":33,"playtime":1607,"items_purged":["Strike_B","Strike_B"],"score":420,"play_id":"8a06c457-d3da-4a69-b3ee-9a7db4887618","local_time":"20190127144244","is_ascension_mode":true,"campfire_choices":[{"data":"Fusion","floor":6.0,"key":"SMITH"},{"floor":11.0,"key":"REST"},{"floor":15.0,"key":"REST"},{"data":"Fission","floor":23.0,"key":"SMITH"},{"data":"Dualcast","floor":25.0,"key":"SMITH"},{"data":"Coolheaded","floor":27.0,"key":"SMITH"},{"floor":32.0,"key":"REST"}],"neow_cost":"NONE","seed_source_timestamp":0,"circlet_count":0,"master_deck":["AscendersBane","Strike_B+1","Defend_B","Defend_B","Defend_B","Zap","Dualcast+1","Amplify","Leap","Fusion+1","Cold Snap+1","Coolheaded+1","FTL","Rebound","Self Repair","Go for the Eyes","Glacier","Reinforced Body","Fission+1","Cold Snap","Loop","Biased Cognition","Tempest"],"special_seed":0,"relics":["Cracked Core","Golden Idol","DataDisk","Whetstone","Empty Cage","Mercury Hourglass","Potion Belt"],"potions_floor_usage":[],"damage_taken":[{"damage":0.0,"enemies":"Cultist","floor":1.0,"turns":4.0},{"damage":7.0,"enemies":"Jaw Worm","floor":2.0,"turns":4.0},{"damage":15.0,"enemies":"3 Sentries","floor":7.0,"turns":11.0},{"damage":6.0,"enemies":"Small Slimes","floor":8.0,"turns":4.0},{"damage":12.0,"enemies":"3 Louse","floor":10.0,"turns":3.0},{"damage":0.0,"enemies":"2 Fungi Beasts","floor":13.0,"turns":3.0},{"damage":0.0,"enemies":"Gremlin Gang","floor":14.0,"turns":2.0},{"damage":38.0,"enemies":"Slime Boss","floor":16.0,"turns":18.0},{"damage":15.0,"enemies":"2 Thieves","floor":18.0,"turns":5.0},{"damage":0.0,"enemies":"Chosen","floor":20.0,"turns":7.0},{"damage":0.0,"enemies":"Centurion and Healer","floor":28.0,"turns":7.0},{"damage":29.0,"enemies":"Chosen and Byrds","floor":29.0,"turns":8.0},{"damage":10.0,"enemies":"Cultist and Chosen","floor":31.0,"turns":8.0},{"damage":53,"enemies":"Champ","floor":33,"turns":16}],"seed_played":"1725333792308289595","potions_obtained":[{"floor":2.0,"key":"AttackPotion"},{"floor":7.0,"key":"Fire Potion"},{"floor":8.0,"key":"Fire Potion"},{"floor":16.0,"key":"FearPotion"},{"floor":24.0,"key":"Weak Potion"},{"floor":24.0,"key":"EssenceOfSteel"},{"floor":28.0,"key":"EntropicBrew"}],"is_trial":false,"path_per_floor":["M","M","$","?","$","R","E","M","T","M","R","$","M","M","R","B",null,"M","?","M","?","?","R","?","R","T","R","M","M","$","M","R","B"],"character_chosen":"DEFECT","items_purchased":["Cold Snap","Self Repair","Go for the Eyes","Potion Belt"],"campfire_rested":3,"item_purchase_floors":[3,12,12,30],"current_hp_per_floor":[64,57,57,40,40,40,25,19,19,7,28,28,28,28,49,18,58,43,43,43,43,43,43,43,43,43,43,50,28,28,25,46,0],"gold":26,"neow_bonus":"ONE_RANDOM_RARE_CARD","is_prod":false,"is_daily":false,"chose_seed":false,"campfire_upgraded":4,"win_rate":0,"timestamp":1548618164,"path_taken":["M","?","?","?","$","R","E","M","T","M","R","$","M","M","R","BOSS","M","?","M","?","?","R","?","R","T","R","M","M","$","?","R","BOSS"],"build_version":"2019-01-23","purchased_purges":2,"victory":false,"max_hp_per_floor":[71,71,71,71,71,71,71,71,71,71,71,71,71,71,71,71,71,71,71,71,71,71,71,71,71,71,71,71,71,71,71,71,71],"card_choices":[{"not_picked":["Compile Driver","Gash"],"picked":"Leap","floor":1.0},{"not_picked":["Compile Driver","Streamline"],"picked":"Fusion","floor":2.0},{"not_picked":["Gash","Rip and Tear"],"picked":"Coolheaded","floor":7.0},{"not_picked":["Coolheaded","Recycle"],"picked":"FTL","floor":8.0},{"not_picked":["Steam","Ball Lightning"],"picked":"Rebound","floor":10.0},{"not_picked":["Seek","Ball Lightning"],"picked":"Glacier","floor":13.0},{"not_picked":["Redo","Beam Cell"],"picked":"Reinforced Body","floor":14.0},{"not_picked":["Meteor Strike","All For One"],"picked":"Fission","floor":16.0},{"not_picked":["Ball Lightning","Skim"],"picked":"Cold Snap","floor":18.0},{"not_picked":["Steam","Streamline","Aggregate"],"picked":"SKIP","floor":20.0},{"not_picked":["Reprogram","Stack+1"],"picked":"Loop","floor":28.0},{"not_picked":["Leap","Storm"],"picked":"Biased Cognition","floor":29.0},{"not_picked":["Storm+1","Reprogram"],"picked":"Tempest","floor":31.0}],"player_experience":484351,"relics_obtained":[{"floor":7.0,"key":"DataDisk"},{"floor":9.0,"key":"Whetstone"},{"floor":26.0,"key":"Mercury Hourglass"}],"event_choices":[{"damage_healed":0.0,"max_hp_gain":0.0,"max_hp_loss":0.0,"gold_gain":0.0,"event_name":"Golden Idol","player_choice":"Take Damage","floor":4.0,"gold_loss":0.0,"damage_taken":17.0,"relics_obtained":["Golden Idol"]},{"damage_healed":0.0,"max_hp_gain":0.0,"max_hp_loss":0.0,"gold_gain":0.0,"event_name":"The Mausoleum","player_choice":"Ignored","floor":19.0,"gold_loss":0.0,"damage_taken":0.0},{"damage_healed":0.0,"max_hp_gain":0.0,"max_hp_loss":0.0,"gold_gain":0.0,"event_name":"Vampires","player_choice":"Ignored","floor":21.0,"gold_loss":0.0,"damage_taken":0.0},{"damage_healed":0.0,"max_hp_gain":0.0,"max_hp_loss":0.0,"gold_gain":99.0,"event_name":"Nest","player_choice":"Stole From Cult","floor":22.0,"gold_loss":0.0,"damage_taken":0.0},{"damage_healed":0.0,"max_hp_gain":0.0,"max_hp_loss":0.0,"gold_gain":0.0,"event_name":"The Woman in Blue","player_choice":"Bought 2 Potions","floor":24.0,"gold_loss":0.0,"damage_taken":0.0}],"is_beta":false,"boss_relics":[{"not_picked":["Eternal Feather","Velvet Choker"],"picked":"Empty Cage"}],"items_purged_floors":[5,30],"is_endless":false,"potions_floor_spawned":[2,7,8,16,28,29],"killed_by":"Champ","ascension_level":14}