{"gold_per_floor":[116,116,41,53,71,100,100,0,0,0,28,28,28,42,42,42],"floor_reached":16,"playtime":306,"items_purged":["Strike_B","Strike_B"],"score":216,"play_id":"80e2277a-b7b9-40e4-b9c4-c77a094a015c","local_time":"20190221011102","is_ascension_mode":true,"campfire_choices":[{"data":"Defragment","floor":7,"key":"SMITH"},{"floor":10,"key":"REST"},{"floor":12,"key":"REST"},{"floor":15,"key":"REST"}],"neow_cost":"NONE","seed_source_timestamp":558027816712899,"circlet_count":0,"master_deck":["AscendersBane","Strike_B","Defend_B","Defend_B+1","Defend_B+1","Defend_B","Zap+1","Dualcast","Defragment+1","Redo","Static Discharge"],"relics":["Cracked Core","Letter Opener","Bottled Tornado"],"potions_floor_usage":[6,16],"damage_taken":[{"damage":7,"enemies":"Jaw Worm","floor":1,"turns":3},{"damage":11,"enemies":"Small Slimes","floor":4,"turns":3},{"damage":1,"enemies":"Cultist","floor":5,"turns":4},{"damage":15,"enemies":"Lagavulin","floor":6,"turns":7},{"damage":50,"enemies":"3 Sentries","floor":11,"turns":7},{"damage":0,"enemies":"2 Fungi Beasts","floor":14,"turns":2},{"damage":24,"enemies":"Hexaghost","floor":16,"turns":8}],"seed_played":"-2466879798170923022","potions_obtained":[{"floor":1,"key":"SkillPotion"},{"floor":14,"key":"FearPotion"}],"is_trial":false,"path_per_floor":["M","?","$","M","M","E","R","$","T","R","E","R","?","M","R","B"],"character_chosen":"DEFECT","items_purchased":[],"campfire_rested":3,"item_purchase_floors":[],"current_hp_per_floor":[57,57,57,46,45,30,30,30,30,51,1,22,1,1,22,0],"gold":42,"neow_bonus":"UPGRADE_CARD","is_prod":false,"is_daily":false,"chose_seed":false,"campfire_upgraded":1,"win_rate":0,"timestamp":1550679062,"path_taken":["M","?","$","M","M","E","R","$","T","R","E","R","?","M","R","BOSS"],"build_version":"2019-01-23","purchased_purges":2,"victory":false,"max_hp_per_floor":[71,71,71,71,71,71,71,71,71,71,71,71,71,71,71,71],"card_choices":[{"not_picked":["Capacitor","Go for the Eyes"],"picked":"Defragment","floor":1},{"not_picked":["Melter","Compile Driver"],"picked":"Redo","floor":4},{"not_picked":["Stack","Heatsinks","Chaos"],"picked":"SKIP","floor":5},{"not_picked":["Reprogram","Buffer","Heatsinks"],"picked":"SKIP","floor":6},{"not_picked":["Sunder","Cold Snap","Redo"],"picked":"SKIP","floor":11},{"not_picked":["Streamline","Recycle"],"picked":"Static Discharge","floor":14}],"player_experience":4362735,"relics_obtained":[{"floor":6,"key":"Letter Opener"},{"floor":11,"key":"Bottled Tornado"}],"event_choices":[{"cards_removed":["Strike_B"],"damage_healed":0,"gold_gain":0,"player_choice":"Forget","damage_taken":0,"max_hp_gain":0,"max_hp_loss":0,"event_name":"Living Wall","floor":2,"gold_loss":0},{"damage_healed":0,"gold_gain":0,"player_choice":"Entered Light","damage_taken":21,"max_hp_gain":0,"max_hp_loss":0,"event_name":"Shining Light","floor":13,"gold_loss":0,"cards_upgraded":["Defend_B","Defend_B"]}],"is_beta":false,"boss_relics":[],"items_purged_floors":[3,8],"is_endless":false,"potions_floor_spawned":[1,14],"killed_by":"Hexaghost","ascension_level":20}