{"gold_per_floor":[109,109,126,136,54,54,76,76,76,96,21,21,39,114,114,218,218,228,241,255,255],"floor_reached":21,"playtime":1087,"items_purged":["Strike_R"],"score":248,"play_id":"e320a0a1-5506-41e2-ac97-83ff1d82a15b","local_time":"20190304140618","is_ascension_mode":true,"campfire_choices":[{"data":"Blind","floor":6.0,"key":"SMITH"},{"data":"Bash","floor":8,"key":"SMITH"},{"floor":15,"key":"REST"}],"neow_cost":"NONE","seed_source_timestamp":14072659756628,"circlet_count":0,"master_deck":["Strike_R+1","Strike_R","Strike_R","Defend_R","Defend_R","Defend_R","Defend_R+1","Bash+1","Wild Strike","Shrug It Off","Impervious","Blind+1","Battle Trance","Brutality","Limit Break","Uppercut+1","Dropkick+1","Flame Barrier"],"special_seed":0,"relics":["Black Blood","Regal Pillow","Odd Mushroom","Orichalcum"],"potions_floor_usage":[7,18,21],"damage_taken":[{"damage":14.0,"enemies":"Jaw Worm","floor":1.0,"turns":3.0},{"damage":0.0,"enemies":"2 Louse","floor":3.0,"turns":3.0},{"damage":0.0,"enemies":"Small Slimes","floor":4.0,"turns":3.0},{"damage":11,"enemies":"The Mushroom Lair","floor":7,"turns":4},{"damage":5,"enemies":"3 Louse","floor":10,"turns":4},{"damage":1,"enemies":"Blue Slaver","floor":13,"turns":3},{"damage":68,"enemies":"The Guardian","floor":16,"turns":15},{"damage":13,"enemies":"3 Byrds","floor":18,"turns":10},{"damage":38,"enemies":"Shell Parasite","floor":19,"turns":6},{"damage":23,"enemies":"Snake Plant","floor":20,"turns":4},{"damage":26,"enemies":"3 Cultists","floor":21,"turns":6}],"seed_played":"1693335929632405226","potions_obtained":[{"floor":1.0,"key":"Explosive Potion"},{"floor":7,"key":"AttackPotion"},{"floor":10,"key":"EssenceOfSteel"},{"floor":19,"key":"PowerPotion"}],"is_trial":false,"path_per_floor":["M","?","M","M","$","R","?","R","T","M","$","?","M","?","R","B",null,"M","M","M","M"],"character_chosen":"IRONCLAD","items_purchased":["Blind"],"campfire_rested":1,"item_purchase_floors":[5],"current_hp_per_floor":[64,48,54,60,60,60,55,55,55,56,56,49,54,43,80,18,65,62,34,21,0],"gold":255,"neow_bonus":"RANDOM_COMMON_RELIC","is_prod":false,"is_daily":false,"chose_seed":false,"campfire_upgraded":2,"win_rate":0,"timestamp":1551675978,"path_taken":["M","?","M","M","$","R","?","R","T","M","$","?","M","?","R","BOSS","M","M","M","M"],"build_version":"2019-01-23","purchased_purges":1,"victory":false,"max_hp_per_floor":[80,80,80,80,80,80,80,80,80,80,80,80,80,80,80,80,80,80,80,80,80],"card_choices":[{"not_picked":["Twin Strike","Spot Weakness"],"picked":"Wild Strike","floor":1.0},{"not_picked":["Iron Wave","Anger"],"picked":"Shrug It Off","floor":3.0},{"not_picked":["Sword Boomerang","Pommel Strike"],"picked":"Impervious","floor":4.0},{"not_picked":["Wild Strike","Heavy Blade"],"picked":"Battle Trance","floor":7},{"not_picked":["Warcry","Disarm","Blood for Blood"],"picked":"SKIP","floor":10},{"not_picked":["Heavy Blade","Sword Boomerang"],"picked":"Brutality","floor":13},{"not_picked":["Impervious","Fiend Fire"],"picked":"Limit Break","floor":16},{"not_picked":["Carnage","True Grit"],"picked":"Uppercut+1","floor":18},{"not_picked":["Carnage","Headbutt"],"picked":"Dropkick+1","floor":19},{"not_picked":["Entrench","Wild Strike"],"picked":"Flame Barrier","floor":20}],"player_experience":223941,"relics_obtained":[{"floor":7,"key":"Odd Mushroom"},{"floor":9,"key":"Orichalcum"}],"event_choices":[{"damage_healed":0.0,"max_hp_gain":0.0,"max_hp_loss":0.0,"gold_gain":0.0,"event_name":"Shining Light","player_choice":"Entered Light","floor":2.0,"gold_loss":0.0,"damage_taken":16.0,"cards_upgraded":["Strike_R","Defend_R"]},{"damage_healed":0,"gold_gain":0,"player_choice":"Fought Mushrooms","damage_taken":0,"max_hp_gain":0,"max_hp_loss":0,"event_name":"Mushrooms","floor":7,"gold_loss":0},{"cards_removed":["Strike_R"],"damage_healed":0,"gold_gain":0,"player_choice":"Card Removal","damage_taken":7,"max_hp_gain":0,"max_hp_loss":0,"event_name":"Golden Wing","floor":12,"gold_loss":0},{"damage_healed":0,"gold_gain":75,"player_choice":"Gather Gold","damage_taken":11,"max_hp_gain":0,"max_hp_loss":0,"event_name":"World of Goop","floor":14,"gold_loss":0}],"is_beta":false,"boss_relics":[{"not_picked":["Black Star","Snecko Eye"],"picked":"Black Blood"}],"items_purged_floors":[11],"is_endless":false,"potions_floor_spawned":[1,7,10,19],"killed_by":"3 Cultists","ascension_level":9}