{"gold_per_floor":[109,128,147,222,239,239,267,267,267,293,293,307,317,242,242,319,319,338,355,369,381,14,14,14,14,39,64,64,90,90,102,102,180,180,191,191,209,225,11,41,41,91,91,91,141,141,155,180,180,180,180],"floor_reached":51,"playtime":3123,"items_purged":["Defend_B","Strike_B"],"score":1510,"play_id":"7b16308f-1fe9-49d4-9b75-0ccddbbea851","local_time":"20190301005149","is_ascension_mode":true,"campfire_choices":[{"data":"Defragment","floor":6.0,"key":"SMITH"},{"floor":8.0,"key":"REST"},{"data":"Chill","floor":11.0,"key":"SMITH"},{"data":"White Noise","floor":15.0,"key":"SMITH"},{"floor":23.0,"key":"REST"},{"floor":25.0,"key":"REST"},{"floor":28.0,"key":"REST"},{"floor":32.0,"key":"REST"},{"floor":44.0,"key":"REST"},{"floor":46.0,"key":"RECALL"},{"data":"Echo Form","floor":49.0,"key":"SMITH"}],"neow_cost":"TEN_PERCENT_HP_LOSS","seed_source_timestamp":1244957804788400,"circlet_count":0,"master_deck":["AscendersBane","Strike_B","Defend_B","Defend_B","Zap","Dualcast","Chill+1","Amplify","Doom and Gloom","Auto Shields","Defragment+1","Redo","White Noise+1","Capacitor","Undo","Rainbow","Force Field","Force Field","Apotheosis","Darkness","Echo Form+1","Multi-Cast","Electrodynamics","Doom and Gloom+1","Skim+1","Recycle","Self Repair","Hologram","Consume+1","Core Surge"],"special_seed":0,"relics":["Cracked Core","Pen Nib","Singing Bowl","StoneCalendar","Snecko Eye","Blood Vial","PreservedInsect","Nuclear Battery","Matryoshka","Du-Vu Doll","Kunai","Shuriken","Bottled Flame"],"potions_floor_usage":[],"damage_taken":[{"damage":7.0,"enemies":"Jaw Worm","floor":1.0,"turns":3.0},{"damage":0.0,"enemies":"2 Louse","floor":2.0,"turns":2.0},{"damage":7.0,"enemies":"Small Slimes","floor":3.0,"turns":3.0},{"damage":1.0,"enemies":"Blue Slaver","floor":5.0,"turns":5.0},{"damage":12.0,"enemies":"3 Sentries","floor":7.0,"turns":7.0},{"damage":13.0,"enemies":"Lagavulin","floor":10.0,"turns":7.0},{"damage":5.0,"enemies":"Large Slime","floor":12.0,"turns":4.0},{"damage":2.0,"enemies":"3 Louse","floor":13.0,"turns":4.0},{"damage":7.0,"enemies":"Hexaghost","floor":16.0,"turns":8.0},{"damage":6.0,"enemies":"Shell Parasite","floor":18.0,"turns":5.0},{"damage":17.0,"enemies":"3 Byrds","floor":19.0,"turns":6.0},{"damage":9.0,"enemies":"Snecko","floor":20.0,"turns":6.0},{"damage":10.0,"enemies":"Centurion and Healer","floor":21.0,"turns":7.0},{"damage":29.0,"enemies":"Gremlin Leader","floor":27.0,"turns":7.0},{"damage":5.0,"enemies":"Book of Stabbing","floor":29.0,"turns":4.0},{"damage":4.0,"enemies":"Chosen and Byrds","floor":31.0,"turns":4.0},{"damage":20.0,"enemies":"Automaton","floor":33.0,"turns":11.0},{"damage":0.0,"enemies":"3 Darklings","floor":35.0,"turns":4.0},{"damage":0.0,"enemies":"Orb Walker","floor":37.0,"turns":3.0},{"damage":21.0,"enemies":"3 Darklings","floor":38.0,"turns":4.0},{"damage":0.0,"enemies":"Reptomancer","floor":40.0,"turns":6.0},{"damage":56.0,"enemies":"2 Orb Walkers","floor":42.0,"turns":4.0},{"damage":0.0,"enemies":"Maw","floor":47.0,"turns":6.0},{"damage":0.0,"enemies":"Giant Head","floor":48.0,"turns":7.0},{"damage":69.0,"enemies":"Awakened One","floor":50.0,"turns":15.0},{"damage":32,"enemies":"Time Eater","floor":51,"turns":4}],"seed_played":"4750455113252202341","potions_obtained":[{"floor":2.0,"key":"Swift Potion"},{"floor":5.0,"key":"FocusPotion"},{"floor":7.0,"key":"Energy Potion"},{"floor":19.0,"key":"EssenceOfSteel"},{"floor":27.0,"key":"Ancient Potion"},{"floor":31.0,"key":"GamblersBrew"},{"floor":33.0,"key":"FearPotion"},{"floor":35.0,"key":"AttackPotion"},{"floor":40.0,"key":"Weak Potion"},{"floor":47.0,"key":"SkillPotion"}],"is_trial":false,"path_per_floor":["M","M","M","?","M","R","E","R","T","E","R","M","M","?","R","B",null,"M","M","M","M","$","R","?","R","T","E","R","E","?","M","R","B",null,"M","?","M","M","$","E","?","?","T","R","?","R","M","E","R","B","B"],"character_chosen":"DEFECT","items_purchased":["Apotheosis","Darkness","Self Repair","Hologram"],"campfire_rested":6,"item_purchase_floors":[22,22,39,39],"current_hp_per_floor":[57,57,50,39,38,38,26,45,45,34,34,29,27,27,27,20,55,49,32,25,17,17,38,38,59,59,30,51,48,28,28,51,33,66,68,68,70,51,51,75,77,30,30,53,46,46,68,79,79,30,0],"gold":180,"neow_bonus":"TRANSFORM_TWO_CARDS","is_prod":false,"is_daily":false,"chose_seed":false,"campfire_upgraded":4,"win_rate":0,"timestamp":1551369109,"path_taken":["M","M","M","?","M","R","E","R","T","E","R","M","M","?","R","BOSS","M","M","M","M","$","R","?","R","T","E","R","E","?","M","R","BOSS","M","?","M","M","$","E","?","?","T","R","?","R","M","E","R","BOSS","BOSS"],"build_version":"2019-01-23","purchased_purges":2,"victory":false,"max_hp_per_floor":[64,64,64,64,64,64,64,64,64,66,66,66,66,66,66,66,66,66,66,68,70,70,70,70,70,70,70,70,70,75,77,77,77,77,77,73,73,73,73,75,77,79,79,79,79,79,79,79,79,79,79],"card_choices":[{"not_picked":["Cold Snap","Stack"],"picked":"Doom and Gloom","floor":1.0},{"not_picked":["Streamline","Rebound"],"picked":"Auto Shields","floor":2.0},{"not_picked":["Sunder","Gash"],"picked":"Defragment","floor":3.0},{"not_picked":["Go for the Eyes","Barrage"],"picked":"Redo","floor":5.0},{"not_picked":["Barrage","Hologram"],"picked":"White Noise","floor":7.0},{"not_picked":["Beam Cell","Doom and Gloom","White Noise"],"picked":"Singing Bowl","floor":10.0},{"not_picked":["Gash","Redo"],"picked":"Capacitor","floor":12.0},{"not_picked":["Barrage","Ball Lightning"],"picked":"Undo","floor":13.0},{"not_picked":["All For One","Thunder Strike"],"picked":"Rainbow","floor":16.0},{"not_picked":["Melter","Self Repair"],"picked":"Force Field","floor":18.0},{"not_picked":["Turbo","Leap"],"picked":"Force Field","floor":19.0},{"not_picked":["Lockon","Sweeping Beam","Rebound+1"],"picked":"Singing Bowl","floor":20.0},{"not_picked":["Compile Driver","Leap","Reinforced Body"],"picked":"Singing Bowl","floor":21.0},{"not_picked":["Storm","Undo"],"picked":"Echo Form","floor":27.0},{"not_picked":["Compile Driver","Rip and Tear"],"picked":"Multi-Cast","floor":29.0},{"not_picked":["Rip and Tear","Hologram","Go for the Eyes+1"],"picked":"Singing Bowl","floor":31.0},{"not_picked":["Echo Form","Seek"],"picked":"Electrodynamics","floor":33.0},{"not_picked":["BootSequence","Conserve Battery"],"picked":"Doom and Gloom+1","floor":35.0},{"not_picked":["Hologram","Coolheaded"],"picked":"Skim+1","floor":37.0},{"not_picked":["Loop","Conserve Battery+1"],"picked":"Recycle","floor":38.0},{"not_picked":["Chill+1","Ball Lightning","Force Field"],"picked":"Singing Bowl","floor":40.0},{"not_picked":["Forethought","Enlightenment","Purity"],"picked":"Singing Bowl","floor":41.0},{"not_picked":["Steam+1","Rip and Tear","Ball Lightning"],"picked":"Singing Bowl","floor":42.0},{"not_picked":["Defragment","Barrage"],"picked":"Consume+1","floor":47.0},{"not_picked":["Ball Lightning","Blizzard"],"picked":"Core Surge","floor":48.0}],"player_experience":4427562,"relics_obtained":[{"floor":7.0,"key":"Pen Nib"},{"floor":9.0,"key":"Singing Bowl"},{"floor":10.0,"key":"StoneCalendar"},{"floor":27.0,"key":"Blood Vial"},{"floor":29.0,"key":"PreservedInsect"},{"floor":40.0,"key":"Matryoshka"},{"floor":42.0,"key":"Du-Vu Doll"},{"floor":43.0,"key":"Kunai"},{"floor":43.0,"key":"Shuriken"},{"floor":48.0,"key":"Bottled Flame"}],"event_choices":[{"damage_healed":0.0,"max_hp_gain":0.0,"max_hp_loss":0.0,"gold_gain":75.0,"event_name":"World of Goop","player_choice":"Gather Gold","floor":4.0,"gold_loss":0.0,"damage_taken":11.0},{"cards_removed":["Strike_B"],"damage_healed":0.0,"max_hp_gain":0.0,"max_hp_loss":0.0,"gold_gain":0.0,"event_name":"The Cleric","player_choice":"Card Removal","floor":14.0,"gold_loss":75.0,"damage_taken":0.0},{"damage_healed":0.0,"max_hp_gain":0.0,"max_hp_loss":0.0,"gold_gain":0.0,"event_name":"The Mausoleum","player_choice":"Ignored","floor":24.0,"gold_loss":0.0,"damage_taken":0.0},{"damage_healed":0.0,"max_hp_gain":5.0,"max_hp_loss":0.0,"gold_gain":0.0,"event_name":"Forgotten Altar","player_choice":"Shed Blood","floor":30.0,"gold_loss":0.0,"damage_taken":25.0},{"damage_healed":0.0,"max_hp_gain":0.0,"max_hp_loss":4.0,"gold_gain":0.0,"event_name":"Winding Halls","player_choice":"Max HP","floor":36.0,"gold_loss":0.0,"damage_taken":0.0},{"damage_healed":0.0,"max_hp_gain":0.0,"max_hp_loss":0.0,"gold_gain":0.0,"event_name":"SensoryStone","player_choice":"Memory 1","floor":41.0,"gold_loss":0.0,"damage_taken":0.0},{"damage_healed":0.0,"max_hp_gain":0.0,"max_hp_loss":0.0,"gold_gain":0.0,"event_name":"Mysterious Sphere","player_choice":"Fight","floor":42.0,"gold_loss":0.0,"damage_taken":0.0},{"damage_healed":0.0,"max_hp_gain":0.0,"max_hp_loss":0.0,"gold_gain":50.0,"event_name":"FaceTrader","player_choice":"Touch","floor":45.0,"gold_loss":0.0,"damage_taken":7.0}],"is_beta":false,"boss_relics":[{"not_picked":["Lizard Tail","Fusion Hammer"],"picked":"Snecko Eye"},{"not_picked":["Runic Pyramid","Tiny House"],"picked":"Nuclear Battery"}],"items_purged_floors":[22,39],"is_endless":false,"potions_floor_spawned":[2,5,7,10,19,27,31,33,35,40,47],"killed_by":"Time Eater","ascension_level":20}