{"gold_per_floor":[15,27,27,41,31,31,61,80,80,80,80,109,19,19],"floor_reached":14,"playtime":596,"items_purged":["Strike_R"],"score":135,"play_id":"70995075-d9cc-428b-9116-131057ac8e51","local_time":"20190226193548","is_ascension_mode":true,"campfire_choices":[{"data":"Offering","floor":6.0,"key":"SMITH"},{"floor":10.0,"key":"REST"}],"neow_cost":"NO_GOLD","seed_source_timestamp":34619974457067,"circlet_count":0,"master_deck":["Strike_R","Strike_R","Strike_R","Defend_R","Defend_R","Defend_R","Defend_R","Bash","Offering+1","Ghostly Armor","Evolve","Second Wind","Shrug It Off","Whirlwind","Metallicize","Corruption"],"special_seed":0,"relics":["Burning Blood","The Courier","Paper Frog","Kunai"],"potions_floor_usage":[],"damage_taken":[{"damage":6.0,"enemies":"Small Slimes","floor":1.0,"turns":3.0},{"damage":18.0,"enemies":"Jaw Worm","floor":2.0,"turns":2.0},{"damage":1.0,"enemies":"Cultist","floor":4.0,"turns":4.0},{"damage":12.0,"enemies":"Exordium Thugs","floor":5.0,"turns":4.0},{"damage":43.0,"enemies":"Lagavulin","floor":7.0,"turns":7.0},{"damage":11.0,"enemies":"3 Louse","floor":8.0,"turns":4.0},{"damage":28.0,"enemies":"Gremlin Nob","floor":12.0,"turns":4.0},{"damage":24,"enemies":"Gremlin Gang","floor":14,"turns":2}],"seed_played":"-4059137309390125218","potions_obtained":[{"floor":1.0,"key":"Fruit Juice"},{"floor":2.0,"key":"Energy Potion"},{"floor":7.0,"key":"SkillPotion"}],"is_trial":false,"path_per_floor":["M","M","$","M","M","R","E","M","T","R","?","E","$","M"],"character_chosen":"IRONCLAD","items_purchased":["Corruption"],"campfire_rested":1,"item_purchase_floors":[13],"current_hp_per_floor":[72,60,60,65,59,59,22,22,22,47,40,18,18,0],"gold":19,"neow_bonus":"THREE_RARE_CARDS","is_prod":false,"is_daily":false,"chose_seed":false,"campfire_upgraded":1,"win_rate":0,"timestamp":1551177348,"path_taken":["M","M","$","M","M","R","E","M","T","R","?","E","$","M"],"build_version":"2019-01-23","purchased_purges":1,"victory":false,"max_hp_per_floor":[80,80,80,80,80,80,80,85,85,85,85,85,85,85],"card_choices":[{"not_picked":["Juggernaut","Impervious"],"picked":"Offering","floor":0.0},{"not_picked":["True Grit","Intimidate"],"picked":"Ghostly Armor","floor":1.0},{"not_picked":["Perfected Strike","Armaments"],"picked":"Evolve","floor":2.0},{"not_picked":["Fire Breathing","Rampage","Evolve"],"picked":"SKIP","floor":4.0},{"not_picked":["Sentinel","Reckless Charge"],"picked":"Second Wind","floor":5.0},{"not_picked":["Intimidate","Uppercut"],"picked":"Shrug It Off","floor":7.0},{"not_picked":["Shockwave","Armaments"],"picked":"Whirlwind","floor":8.0},{"not_picked":["Offering","Evolve"],"picked":"Metallicize","floor":12.0}],"player_experience":196161,"relics_obtained":[{"floor":7.0,"key":"The Courier"},{"floor":9.0,"key":"Paper Frog"},{"floor":12.0,"key":"Kunai"}],"event_choices":[{"cards_removed":["Strike_R"],"damage_healed":0.0,"max_hp_gain":0.0,"max_hp_loss":0.0,"gold_gain":0.0,"event_name":"Golden Wing","player_choice":"Card Removal","floor":11.0,"gold_loss":0.0,"damage_taken":7.0}],"is_beta":false,"boss_relics":[],"items_purged_floors":[13],"is_endless":false,"potions_floor_spawned":[1,2,7],"killed_by":"Gremlin Gang","ascension_level":7}