{"gold_per_floor":[109,109,122,140,160,160,185,204,231,231,249,214,243,257,257,329,329,342,52,63,63,73,73,103,115,115,130,157,157,157,171,171,171],"floor_reached":33,"playtime":1966,"items_purged":[],"score":571,"play_id":"4fb213cd-66f8-4b5c-88bd-8f4e8f67e8de","local_time":"20190311135543","is_ascension_mode":true,"campfire_choices":[{"data":"Wild Strike","floor":6,"key":"SMITH"},{"data":"Cleave","floor":10,"key":"SMITH"},{"data":"Armaments","floor":15,"key":"SMITH"},{"floor":23,"key":"REST"},{"floor":30,"key":"REST"},{"floor":32,"key":"REST"}],"neow_cost":"TEN_PERCENT_HP_LOSS","seed_source_timestamp":376882461173703,"circlet_count":0,"master_deck":["AscendersBane","Strike_R","Strike_R","Strike_R","Strike_R","Defend_R","Defend_R","Defend_R","Defend_R+1","Bash","Flame Barrier","Headbutt","Cleave+1","Wild Strike+1","Impervious","Body Slam","Battle Trance","Armaments+1","Immolate","Thunderclap","Ghostly Armor+1","Warcry","Pommel Strike","Evolve","RitualDagger","Battle Trance","Inflame","Cleave+1"],"relics":["Burning Blood","Torii","Red Skull","Bag of Marbles","Lantern","Fusion Hammer","Bag of Preparation","War Paint","Dream Catcher","Blood Vial"],"potions_floor_usage":[7,13,33],"damage_taken":[{"damage":1,"enemies":"Small Slimes","floor":1,"turns":4},{"damage":0,"enemies":"2 Louse","floor":3,"turns":4},{"damage":1,"enemies":"Cultist","floor":4,"turns":3},{"damage":14,"enemies":"3 Louse","floor":5,"turns":4},{"damage":30,"enemies":"Lagavulin","floor":7,"turns":5},{"damage":1,"enemies":"2 Fungi Beasts","floor":8,"turns":4},{"damage":0,"enemies":"Looter","floor":11,"turns":1},{"damage":1,"enemies":"Gremlin Nob","floor":13,"turns":3},{"damage":1,"enemies":"Red Slaver","floor":14,"turns":2},{"damage":27,"enemies":"The Guardian","floor":16,"turns":11},{"damage":1,"enemies":"Chosen","floor":18,"turns":3},{"damage":13,"enemies":"Spheric Guardian","floor":20,"turns":4},{"damage":1,"enemies":"Snecko","floor":22,"turns":4},{"damage":0,"enemies":"Gremlin Leader","floor":24,"turns":4},{"damage":9,"enemies":"Centurion and Healer","floor":25,"turns":4},{"damage":20,"enemies":"Shelled Parasite and Fungi","floor":27,"turns":3},{"damage":29,"enemies":"Book of Stabbing","floor":28,"turns":6},{"damage":1,"enemies":"Cultist and Chosen","floor":31,"turns":3},{"damage":75,"enemies":"Collector","floor":33,"turns":8}],"seed_played":"8118995328296215970","potions_obtained":[{"floor":5,"key":"Weak Potion"},{"floor":7,"key":"SkillPotion"},{"floor":14,"key":"Explosive Potion"},{"floor":16,"key":"SpeedPotion"}],"is_trial":false,"path_per_floor":["M","?","M","M","M","R","E","M","T","R","M","?","E","M","R","B",null,"M","$","M","?","M","R","E","M","T","M","E","?","R","M","R","B"],"character_chosen":"IRONCLAD","items_purchased":["Bag of Preparation","Ghostly Armor","SteroidPotion","Warcry"],"campfire_rested":3,"item_purchase_floors":[19,19,19,19],"current_hp_per_floor":[68,61,67,68,60,60,36,41,41,41,47,64,68,68,68,47,63,68,68,61,61,66,68,68,65,65,51,28,22,42,49,68,0],"gold":171,"neow_bonus":"ONE_RARE_RELIC","is_prod":false,"is_daily":false,"chose_seed":false,"campfire_upgraded":3,"win_rate":0,"timestamp":1552280143,"path_taken":["M","?","M","M","M","R","E","M","T","R","M","?","E","M","R","BOSS","M","$","M","?","M","R","E","M","T","M","E","?","R","M","R","BOSS"],"build_version":"2019-01-23","purchased_purges":0,"victory":false,"max_hp_per_floor":[68,68,68,68,68,68,68,68,68,68,68,68,68,68,68,68,68,68,68,68,68,68,68,68,68,68,68,68,68,68,68,68,68],"card_choices":[{"not_picked":["Body Slam","Cleave"],"picked":"Flame Barrier","floor":1},{"not_picked":["Perfected Strike","Sever Soul"],"picked":"Headbutt","floor":3},{"not_picked":["Wild Strike","Twin Strike"],"picked":"Cleave","floor":4},{"not_picked":["Anger","Havoc"],"picked":"Wild Strike","floor":5},{"not_picked":["Body Slam","Thunderclap"],"picked":"Impervious","floor":7},{"not_picked":["Perfected Strike","Wild Strike","Pommel Strike"],"picked":"SKIP","floor":8},{"not_picked":["Cleave","Warcry"],"picked":"Body Slam","floor":11},{"not_picked":["Body Slam","Hemokinesis"],"picked":"Battle Trance","floor":13},{"not_picked":["Spot Weakness","Infernal Blade"],"picked":"Armaments","floor":14},{"not_picked":["Fiend Fire","Brutality"],"picked":"Immolate","floor":16},{"not_picked":["Dropkick","Armaments"],"picked":"Thunderclap","floor":18},{"not_picked":["Clothesline","Wild Strike+1","Thunderclap"],"picked":"SKIP","floor":20},{"not_picked":["Twin Strike","Power Through","Cleave"],"picked":"SKIP","floor":22},{"not_picked":["Pummel","Burning Pact","Anger"],"picked":"SKIP","floor":24},{"not_picked":["Warcry","Thunderclap","Juggernaut"],"picked":"SKIP","floor":25},{"not_picked":["Dual Wield","Cleave"],"picked":"Pommel Strike","floor":27},{"not_picked":["Anger","Blood for Blood"],"picked":"Evolve","floor":28},{"not_picked":["Anger","Sword Boomerang"],"picked":"Battle Trance","floor":30},{"not_picked":["Rage","Rampage"],"picked":"Inflame","floor":31},{"not_picked":["Bloodletting","Warcry"],"picked":"Cleave+1","floor":32}],"player_experience":674328,"relics_obtained":[{"floor":7,"key":"Red Skull"},{"floor":9,"key":"Bag of Marbles"},{"floor":13,"key":"Lantern"},{"floor":24,"key":"War Paint"},{"floor":26,"key":"Dream Catcher"},{"floor":28,"key":"Blood Vial"}],"event_choices":[{"cards_removed":["Strike_R"],"damage_healed":0,"gold_gain":0,"player_choice":"Card Removal","damage_taken":7,"max_hp_gain":0,"max_hp_loss":0,"event_name":"Golden Wing","floor":2,"gold_loss":0},{"damage_healed":17,"gold_gain":0,"player_choice":"Healed","damage_taken":0,"max_hp_gain":0,"max_hp_loss":0,"event_name":"The Cleric","floor":12,"gold_loss":35},{"damage_healed":0,"gold_gain":0,"player_choice":"Ignored","damage_taken":0,"max_hp_gain":0,"max_hp_loss":0,"event_name":"The Mausoleum","floor":21,"gold_loss":0},{"damage_healed":0,"gold_gain":0,"player_choice":"Joined the Cult","damage_taken":6,"max_hp_gain":0,"max_hp_loss":0,"event_name":"Nest","floor":29,"gold_loss":0,"cards_obtained":["RitualDagger"]}],"is_beta":false,"boss_relics":[{"not_picked":["Tiny House","Coffee Dripper"],"picked":"Fusion Hammer"}],"items_purged_floors":[],"is_endless":false,"potions_floor_spawned":[5,7,14,16,18,24,31],"killed_by":"Collector","ascension_level":15}