{"gold_per_floor":[109,109,0,12,29,29,54,66,101,128,160,200,212,234,246,331,343,345,27,42,42,52,52,72,72,72,72,101,101,129,142,142,142],"floor_reached":33,"playtime":1133,"items_purged":["Pain","Strike_B"],"score":520,"play_id":"f1a8bb06-b4a5-4803-916b-612f3e7751da","local_time":"20190116024104","is_ascension_mode":true,"campfire_choices":[{"data":"Darkness","floor":6,"key":"SMITH"},{"floor":8,"key":"REST"},{"data":"Barrage","floor":15,"key":"SMITH"},{"data":"Fission","floor":23,"key":"SMITH"},{"data":"Coolheaded","floor":25,"key":"SMITH"},{"floor":27,"key":"REST"},{"floor":32,"key":"REST"}],"neow_cost":"NONE","seed_source_timestamp":463361630183125,"circlet_count":0,"master_deck":["AscendersBane","Strike_B","Strike_B+1","Strike_B","Defend_B","Defend_B","Defend_B","Defend_B","Zap","Dualcast","Darkness+1","FIFO Queue","Coolheaded+1","Conserve Battery+1","Cold Snap","Barrage+1","ReplayRNGCard","Ball Lightning","Fission+1","FTL","Compile Driver","BasicCrystalCard+1","Creative AI"],"relics":["Cracked Core","NeowsBlessing","WarpedTongs","MawBank","Gremlin Food","Oddly Smooth Stone","Eternal Feather","Bag of Preparation","Replay:Ringing Soul","Orichalcum","NlothsMask","Baseball"],"potions_floor_usage":[16,33,33],"damage_taken":[{"damage":0,"enemies":"Small Slimes","floor":1,"turns":1},{"damage":0,"enemies":"Cultist","floor":4,"turns":1},{"damage":0,"enemies":"Jaw Worm","floor":5,"turns":1},{"damage":29,"enemies":"Gremlin Nob","floor":7,"turns":4},{"damage":5,"enemies":"Red Slaver","floor":10,"turns":4},{"damage":13,"enemies":"Lots of Slimes","floor":11,"turns":5},{"damage":20,"enemies":"3 Sentries","floor":12,"turns":6},{"damage":3,"enemies":"Blue Slaver","floor":14,"turns":4},{"damage":32,"enemies":"Slime Boss","floor":16,"turns":9},{"damage":13,"enemies":"2 Thieves","floor":18,"turns":4},{"damage":0,"enemies":"Spheric Guardian","floor":20,"turns":4},{"damage":30,"enemies":"Snecko","floor":22,"turns":7},{"damage":25,"enemies":"Cultist and Chosen","floor":24,"turns":6},{"damage":33,"enemies":"Gremlin Leader","floor":28,"turns":7},{"damage":19,"enemies":"Book of Stabbing","floor":30,"turns":4},{"damage":3,"enemies":"Centurion and Healer","floor":31,"turns":9},{"damage":63,"enemies":"Collector","floor":33,"turns":9}],"seed_played":"4442191824933173342","potions_obtained":[{"floor":1,"key":"Strength Potion"},{"floor":10,"key":"SteroidPotion"},{"floor":16,"key":"SpeedPotion"},{"floor":18,"key":"AttackPotion"}],"is_trial":false,"path_per_floor":["M","?","$","M","M","R","E","R","T","M","M","E","?","M","R","B",null,"M","$","M","?","M","R","M","R","T","R","E","?","E","M","R","B"],"character_chosen":"DEFECT","items_purchased":["FIFO Queue","Fission","Bag of Preparation"],"campfire_rested":3,"item_purchase_floors":[3,19,19],"current_hp_per_floor":[64,64,64,64,64,64,35,56,56,51,38,18,71,68,68,36,62,49,49,49,71,41,53,28,40,40,71,38,38,22,19,53,0],"gold":142,"neow_bonus":"THREE_ENEMY_KILL","is_prod":false,"is_daily":false,"chose_seed":false,"campfire_upgraded":4,"win_rate":0,"timestamp":1547574064,"path_taken":["M","?","$","M","M","R","E","R","T","M","?","E","?","?","R","BOSS","M","$","?","?","?","R","M","R","T","R","E","?","E","?","R","BOSS"],"build_version":"2019-01-10","purchased_purges":2,"victory":false,"max_hp_per_floor":[71,71,71,71,71,71,71,71,71,71,71,71,71,71,71,71,71,71,71,71,71,71,71,71,71,71,71,71,71,74,74,74,74],"card_choices":[{"not_picked":["Glacier","Redo"],"picked":"Darkness","floor":1},{"not_picked":["Go for the Eyes","Sweeping Beam"],"picked":"Coolheaded","floor":4},{"not_picked":["Steam","Aggregate"],"picked":"FTL","floor":5},{"not_picked":["Turbo","Gash","Steam Power"],"picked":"SKIP","floor":7},{"not_picked":["Skim","Reprogram"],"picked":"Conserve Battery","floor":10},{"not_picked":["Sunder","ReplayTheSpireMod:System Scan","Aggregate"],"picked":"SKIP","floor":11},{"not_picked":["Beam Cell","Skim"],"picked":"Cold Snap","floor":12},{"not_picked":["Barrage","Go for the Eyes","Leap"],"picked":"SKIP","floor":14},{"not_picked":["Go for the Eyes","Leap"],"picked":"Barrage","floor":14},{"not_picked":["Core Surge","ReplayTheSpireMod:Omega Cannon"],"picked":"ReplayRNGCard","floor":16},{"not_picked":["Steam","Compile Driver"],"picked":"Ball Lightning","floor":18},{"not_picked":["Go for the Eyes","Rebound+1"],"picked":"FTL","floor":20},{"not_picked":["Skim","Beam Cell"],"picked":"Compile Driver","floor":22},{"not_picked":["Steam Power","BasicCrystalCard+1","Conserve Battery"],"picked":"SKIP","floor":24},{"not_picked":["Steam Power","Conserve Battery"],"picked":"BasicCrystalCard+1","floor":24},{"not_picked":["Time Bomb","Coolheaded","Storm"],"picked":"SKIP","floor":28},{"not_picked":["Stack","Melter+1"],"picked":"Creative AI","floor":30},{"not_picked":["Ball Lightning","Conserve Battery","Tempest"],"picked":"SKIP","floor":31}],"player_experience":4094167,"relics_obtained":[{"floor":7,"key":"MawBank"},{"floor":9,"key":"Gremlin Food"},{"floor":12,"key":"Oddly Smooth Stone"},{"floor":26,"key":"Replay:Ringing Soul"},{"floor":28,"key":"Orichalcum"},{"floor":30,"key":"Baseball"}],"event_choices":[{"damage_healed":0,"gold_gain":0,"player_choice":"Rummage","damage_taken":0,"relics_obtained":["WarpedTongs"],"max_hp_gain":0,"max_hp_loss":0,"event_name":"Accursed Blacksmith","floor":2,"gold_loss":0,"cards_obtained":["Pain"]},{"cards_removed":["FTL"],"damage_healed":53,"gold_gain":0,"player_choice":"Offered Uncommon","damage_taken":0,"max_hp_gain":0,"max_hp_loss":0,"event_name":"Bonfire Elementals","floor":13,"gold_loss":0},{"damage_healed":22,"gold_gain":0,"player_choice":"Full Heal","damage_taken":0,"max_hp_gain":0,"max_hp_loss":0,"event_name":"Wheel of Change","floor":21,"gold_loss":0},{"damage_healed":0,"gold_gain":0,"player_choice":"Trade","damage_taken":0,"relics_obtained":["NlothsMask"],"max_hp_gain":0,"max_hp_loss":0,"event_name":"FaceTrader","floor":29,"gold_loss":0}],"is_beta":false,"boss_relics":[{"not_picked":["Ectoplasm","ReplayTheSpireMod:DimensionalGlitch"],"picked":"Eternal Feather"}],"items_purged_floors":[3,19],"is_endless":false,"potions_floor_spawned":[1,10,11,16,18,20,28],"killed_by":"Collector","ascension_level":15}