{"gold_per_floor":[113,125,125,150,168,168,206,206,206,241,241],"floor_reached":11,"playtime":352,"items_purged":[],"score":166,"play_id":"7e8f58e2-652d-46a2-8118-cb724252a37e","local_time":"20190217234736","is_ascension_mode":true,"campfire_choices":[{"data":"Dual Wield","floor":6,"key":"SMITH"},{"floor":8,"key":"REST"}],"neow_cost":"TEN_PERCENT_HP_LOSS","seed_source_timestamp":293773626252800,"circlet_count":0,"master_deck":["AscendersBane","Strike_R","Strike_R","Strike_R","Strike_R","Strike_R","Defend_R","Defend_R","Defend_R","Defend_R","Bash","Feed","Shrug It Off","Dropkick","Flex","Dual Wield+1","Warcry"],"relics":["Burning Blood","Golden Idol","Juzu Bracelet","Shuriken","Singing Bowl"],"potions_floor_usage":[7,10],"damage_taken":[{"damage":9,"enemies":"2 Louse","floor":1,"turns":3},{"damage":18,"enemies":"Jaw Worm","floor":2,"turns":9},{"damage":5,"enemies":"Small Slimes","floor":4,"turns":5},{"damage":9,"enemies":"Exordium Wildlife","floor":5,"turns":3},{"damage":40,"enemies":"Lagavulin","floor":7,"turns":8},{"damage":39,"enemies":"Gremlin Nob","floor":10,"turns":4},{"damage":15,"enemies":"Gremlin Gang","floor":11,"turns":3}],"seed_played":"-1551939607636041115","potions_obtained":[{"floor":2,"key":"FearPotion"},{"floor":5,"key":"Ancient Potion"}],"is_trial":false,"path_per_floor":["M","M","?","M","M","R","E","R","T","E","M"],"character_chosen":"IRONCLAD","items_purchased":[],"campfire_rested":1,"item_purchase_floors":[],"current_hp_per_floor":[68,59,59,63,63,63,32,54,54,23,11],"gold":241,"neow_bonus":"THREE_RARE_CARDS","is_prod":false,"is_daily":false,"chose_seed":false,"campfire_upgraded":1,"win_rate":0,"timestamp":1550414856,"path_taken":["M","M","?","M","M","R","E","R","T","E","M"],"build_version":"2019-01-23","purchased_purges":0,"victory":false,"max_hp_per_floor":[71,74,67,70,73,73,76,76,76,78,81],"card_choices":[{"not_picked":["Double Tap","Reaper"],"picked":"Feed","floor":0},{"not_picked":["Searing Blow","True Grit"],"picked":"Shrug It Off","floor":1},{"not_picked":["Disarm","Searing Blow"],"picked":"Dropkick","floor":2},{"not_picked":["Iron Wave","Warcry"],"picked":"Flex","floor":4},{"not_picked":["Sword Boomerang","Combust"],"picked":"Dual Wield","floor":5},{"not_picked":["Barricade","Flame Barrier"],"picked":"Warcry","floor":7},{"not_picked":["Wild Strike","Pommel Strike","Feel No Pain"],"picked":"Singing Bowl","floor":10}],"player_experience":4318670,"relics_obtained":[{"floor":7,"key":"Juzu Bracelet"},{"floor":9,"key":"Shuriken"},{"floor":10,"key":"Singing Bowl"}],"event_choices":[{"damage_healed":0,"gold_gain":0,"player_choice":"Lose Max HP","damage_taken":0,"relics_obtained":["Golden Idol"],"max_hp_gain":0,"max_hp_loss":7,"event_name":"Golden Idol","floor":3,"gold_loss":0}],"is_beta":false,"boss_relics":[],"items_purged_floors":[],"is_endless":false,"potions_floor_spawned":[2,5],"killed_by":"Gremlin Gang","ascension_level":20}