{"gold_per_floor":[20,30,48,63,80,80,109,109,132,161,178,195,206,2,2,80,80,100,120,120,26,26,26],"floor_reached":23,"playtime":1036,"items_purged":[],"score":379,"play_id":"bbe2b752-7e1e-4db6-9368-284a08c9995f","local_time":"20190312225701","is_ascension_mode":true,"campfire_choices":[{"data":"Barricade","floor":6.0,"key":"SMITH"},{"floor":8.0,"key":"REST"},{"floor":15.0,"key":"REST"}],"neow_cost":"NO_GOLD","seed_source_timestamp":782593615576900,"circlet_count":0,"master_deck":["AscendersBane","Strike_R","Strike_R","Strike_R","Strike_R","Strike_R","Defend_R","Defend_R","Defend_R","Defend_R","Bash","Immolate","Shrug It Off","Spot Weakness","Barricade+1","Burning Pact","Body Slam","Anger","Feed","Rage","Reckless Charge","Reaper","Heavy Blade","Clothesline","Shrug It Off","Metallicize","RitualDagger"],"special_seed":0,"relics":["Burning Blood","Potion Belt","Ancient Tea Set","Bag of Marbles","Velvet Choker"],"potions_floor_usage":[18,23],"damage_taken":[{"damage":7.0,"enemies":"Jaw Worm","floor":1.0,"turns":4.0},{"damage":0.0,"enemies":"2 Louse","floor":2.0,"turns":1.0},{"damage":5.0,"enemies":"Small Slimes","floor":3.0,"turns":2.0},{"damage":7.0,"enemies":"3 Louse","floor":4.0,"turns":3.0},{"damage":0.0,"enemies":"Lots of Slimes","floor":5.0,"turns":2.0},{"damage":42.0,"enemies":"Gremlin Nob","floor":7.0,"turns":5.0},{"damage":42.0,"enemies":"3 Sentries","floor":10.0,"turns":9.0},{"damage":26.0,"enemies":"Gremlin Gang","floor":11.0,"turns":4.0},{"damage":10.0,"enemies":"Red Slaver","floor":12.0,"turns":3.0},{"damage":0.0,"enemies":"Looter","floor":13.0,"turns":1.0},{"damage":24.0,"enemies":"The Guardian","floor":16.0,"turns":15.0},{"damage":6,"enemies":"Chosen","floor":18,"turns":5},{"damage":32,"enemies":"2 Thieves","floor":19,"turns":4},{"damage":72,"enemies":"Book of Stabbing","floor":23,"turns":6}],"seed_played":"7605519947930584478","potions_obtained":[{"floor":3.0,"key":"SpeedPotion"},{"floor":4.0,"key":"Dexterity Potion"},{"floor":10.0,"key":"BloodPotion"},{"floor":16.0,"key":"Ancient Potion"},{"floor":19,"key":"Regen Potion"}],"is_trial":false,"path_per_floor":["M","M","M","M","M","R","E","R","T","E","M","M","M","$","R","B",null,"M","M","?","$","?","E"],"character_chosen":"IRONCLAD","items_purchased":["Fruit Juice","SpeedPotion","Reckless Charge","Shrug It Off","Metallicize"],"campfire_rested":2,"item_purchase_floors":[14,14,14,21,21],"current_hp_per_floor":[67,73,74,73,75,75,39,61,61,25,12,8,14,19,43,25,66,72,60,60,60,54,0],"gold":26,"neow_bonus":"THREE_RARE_CARDS","is_prod":false,"is_daily":false,"chose_seed":false,"campfire_upgraded":1,"win_rate":0,"timestamp":1552399021,"path_taken":["M","M","M","M","M","R","E","R","T","E","M","M","M","$","R","BOSS","M","M","?","$","?","E"],"build_version":"2019-01-23","purchased_purges":0,"victory":false,"max_hp_per_floor":[75,75,75,75,75,75,75,75,75,75,75,75,75,80,80,80,80,83,86,86,86,86,86],"card_choices":[{"not_picked":["Brutality","Barricade"],"picked":"Immolate","floor":0.0},{"not_picked":["Anger","Clash"],"picked":"Shrug It Off","floor":1.0},{"not_picked":["Clash","Shrug It Off"],"picked":"Spot Weakness","floor":2.0},{"not_picked":["Wild Strike","Iron Wave","Clash"],"picked":"SKIP","floor":3.0},{"not_picked":["Havoc","Ghostly Armor"],"picked":"Barricade","floor":4.0},{"not_picked":["Infernal Blade","Clash"],"picked":"Burning Pact","floor":5.0},{"not_picked":["Clash","Thunderclap"],"picked":"Body Slam","floor":7.0},{"not_picked":["Thunderclap","Twin Strike"],"picked":"Anger","floor":10.0},{"not_picked":["Sword Boomerang","Anger","Body Slam"],"picked":"SKIP","floor":11.0},{"not_picked":["Havoc","Sword Boomerang"],"picked":"Feed","floor":12.0},{"not_picked":["Cleave","Thunderclap"],"picked":"Rage","floor":13.0},{"not_picked":["Limit Break","Offering"],"picked":"Reaper","floor":16.0},{"not_picked":["Rampage","Thunderclap"],"picked":"Heavy Blade","floor":18},{"not_picked":["Wild Strike","Rampage"],"picked":"Clothesline","floor":19}],"player_experience":299300,"relics_obtained":[{"floor":7.0,"key":"Potion Belt"},{"floor":9.0,"key":"Ancient Tea Set"},{"floor":10.0,"key":"Bag of Marbles"}],"event_choices":[{"damage_healed":0,"gold_gain":0,"player_choice":"Ignored","damage_taken":0,"max_hp_gain":0,"max_hp_loss":0,"event_name":"Ghosts","floor":20,"gold_loss":0},{"damage_healed":0,"gold_gain":0,"player_choice":"Joined the Cult","damage_taken":6,"max_hp_gain":0,"max_hp_loss":0,"event_name":"Nest","floor":22,"gold_loss":0,"cards_obtained":["RitualDagger"]}],"is_beta":false,"boss_relics":[{"not_picked":["Empty Cage","Coffee Dripper"],"picked":"Velvet Choker"}],"items_purged_floors":[],"is_endless":false,"potions_floor_spawned":[3,4,10,16,19],"killed_by":"Book of Stabbing","ascension_level":17}