{"gold_per_floor":[119,119,2,15,15,56,56,92,116,116,137,175,175,196,196,295,295,320,320,270,293,21,21,57,81,106,106,121,121,0,20,20,116,116,131,1,1,276,118,118,118,118,145,145,179,179,179,179,179,179,179],"floor_reached":51,"playtime":2186,"items_purged":["Regret"],"score":1510,"play_id":"f475b7e8-8884-49c5-a924-4aaae1cf2ef9","local_time":"20190103004502","is_ascension_mode":true,"campfire_choices":[{"data":"Streamline","floor":7,"key":"SMITH"},{"data":"Lockon","floor":10,"key":"SMITH"},{"data":"Ball Lightning","floor":15,"key":"SMITH"},{"data":"Conserve Battery","floor":23,"key":"SMITH"},{"floor":27,"key":"REST"},{"data":"Hologram","floor":29,"key":"SMITH"},{"data":"Loop","floor":32,"key":"SMITH"},{"floor":40,"key":"REST"},{"floor":42,"key":"REST"},{"floor":49,"key":"RECALL"}],"neow_cost":"NONE","seed_source_timestamp":79952481811784,"circlet_count":0,"master_deck":["AscendersBane","Strike_B+1","Defend_B","Defend_B+1","Defend_B","Zap","Dualcast","Conserve Battery+1","Genetic Algorithm","Lockon+1","Streamline+1","Gash","Tempest+1","Rainbow","Defragment+1","Multi-Cast+1","BootSequence+1","Hologram+1","Coolheaded","Genetic Algorithm","Conserve Battery+1","Loop+1","Undo","Thunder Strike","Static Discharge","Capacitor","Coolheaded","Defragment+1","Pain","Defragment"],"relics":["Cracked Core","NeowsBlessing","Golden Idol","Pen Nib","FossilizedHelix","Art of War","Juzu Bracelet","Astrolabe","Shuriken","Mummified Hand","Unceasing Top","Oddly Smooth Stone","Fusion Hammer","DataDisk","WarpedTongs","Potion Belt"],"potions_floor_usage":[8,12,16,24,24,25,33],"damage_taken":[{"damage":0,"enemies":"2 Louse","floor":1,"turns":1},{"damage":0,"enemies":"Jaw Worm","floor":4,"turns":1},{"damage":0,"enemies":"3 Sentries","floor":6,"turns":1},{"damage":3,"enemies":"Lagavulin","floor":8,"turns":7},{"damage":0,"enemies":"Cultist","floor":11,"turns":3},{"damage":0,"enemies":"3 Sentries","floor":12,"turns":6},{"damage":6,"enemies":"Lots of Slimes","floor":14,"turns":4},{"damage":0,"enemies":"Slime Boss","floor":16,"turns":5},{"damage":0,"enemies":"Spheric Guardian","floor":18,"turns":3},{"damage":0,"enemies":"3 Byrds","floor":21,"turns":4},{"damage":31,"enemies":"Slavers","floor":24,"turns":4},{"damage":0,"enemies":"Cultist and Chosen","floor":25,"turns":5},{"damage":6,"enemies":"Centurion and Healer","floor":28,"turns":9},{"damage":10,"enemies":"Shelled Parasite and Fungi","floor":31,"turns":5},{"damage":26,"enemies":"Automaton","floor":33,"turns":7},{"damage":29,"enemies":"3 Darklings","floor":35,"turns":4},{"damage":28,"enemies":"Nemesis","floor":45,"turns":5},{"damage":10,"enemies":"Time Eater","floor":50,"turns":28},{"damage":24,"enemies":"Awakened One","floor":51,"turns":2}],"seed_played":"3148281009489208705","potions_obtained":[{"floor":4,"key":"SkillPotion"},{"floor":6,"key":"Dexterity Potion"},{"floor":12,"key":"FearPotion"},{"floor":16,"key":"FearPotion"},{"floor":21,"key":"Fire Potion"},{"floor":24,"key":"SkillPotion"},{"floor":28,"key":"PowerPotion"},{"floor":33,"key":"Strength Potion"}],"is_trial":false,"path_per_floor":["M","?","$","M","?","E","R","E","T","R","M","E","?","M","R","B",null,"M","?","?","M","$","R","E","M","T","R","M","R","$","M","R","B",null,"M","$","?","?","$","R","?","R","T","?","E","?","T","?","R","B","B"],"character_chosen":"DEFECT","items_purchased":["Genetic Algorithm","Lockon","Mummified Hand","Loop","Undo","Capacitor","Coolheaded","Defragment"],"campfire_rested":3,"item_purchase_floors":[3,3,22,30,30,36,36,39],"current_hp_per_floor":[64,43,43,43,43,43,43,40,40,40,40,40,40,34,34,34,57,57,57,57,57,57,57,26,26,26,45,39,39,39,29,29,3,49,20,20,20,20,20,39,39,58,58,58,30,30,30,30,30,20,0],"gold":179,"neow_bonus":"THREE_ENEMY_KILL","is_prod":false,"is_daily":false,"chose_seed":false,"campfire_upgraded":6,"win_rate":0,"timestamp":1546443902,"path_taken":["M","?","$","M","?","E","R","E","T","R","M","E","?","M","R","BOSS","M","?","?","M","$","R","E","M","T","R","M","R","?","M","R","BOSS","M","$","?","?","?","R","?","R","T","?","E","?","?","?","R","BOSS","BOSS"],"build_version":"2018-12-20","purchased_purges":1,"victory":false,"max_hp_per_floor":[71,71,71,71,64,64,64,64,64,64,64,64,64,64,64,64,64,64,64,64,64,64,64,64,64,64,64,64,64,64,64,64,64,64,64,64,64,64,64,64,64,64,64,64,64,64,64,64,64,64,64],"card_choices":[{"not_picked":["Stack","Recycle"],"picked":"Conserve Battery","floor":1},{"not_picked":["Capacitor","Redo"],"picked":"Streamline","floor":4},{"not_picked":["Force Field","Skim"],"picked":"Gash","floor":6},{"not_picked":["Coolheaded","Lockon"],"picked":"Tempest","floor":8},{"not_picked":["Aggregate","Gash"],"picked":"Ball Lightning","floor":11},{"not_picked":["Hello World","Conserve Battery","Sweeping Beam"],"picked":"SKIP","floor":12},{"not_picked":["Self Repair","Gash","Ball Lightning"],"picked":"SKIP","floor":14},{"not_picked":["Reboot","Buffer"],"picked":"Rainbow","floor":16},{"not_picked":["Heatsinks","Melter"],"picked":"Hologram","floor":18},{"not_picked":["Hologram","Rebound","Heatsinks+1"],"picked":"SKIP","floor":21},{"not_picked":["Tempest","Rebound"],"picked":"Coolheaded","floor":24},{"not_picked":["Steam","Doom and Gloom"],"picked":"Genetic Algorithm","floor":25},{"not_picked":["Rip and Tear+1","Coolheaded+1"],"picked":"Conserve Battery+1","floor":28},{"not_picked":["Undo","Leap","Steam Power"],"picked":"SKIP","floor":31},{"not_picked":["Buffer","Machine Learning"],"picked":"Thunder Strike","floor":33},{"not_picked":["Ball Lightning","Go for the Eyes"],"picked":"Static Discharge","floor":35},{"not_picked":["Capacitor","Ball Lightning+1"],"picked":"Defragment","floor":45}],"player_experience":3976247,"relics_obtained":[{"floor":6,"key":"Pen Nib"},{"floor":8,"key":"FossilizedHelix"},{"floor":9,"key":"Art of War"},{"floor":12,"key":"Juzu Bracelet"},{"floor":19,"key":"Shuriken"},{"floor":24,"key":"Unceasing Top"},{"floor":26,"key":"Oddly Smooth Stone"},{"floor":43,"key":"DataDisk"},{"floor":45,"key":"Potion Belt"}],"event_choices":[{"damage_healed":0,"gold_gain":0,"player_choice":"Entered Light","damage_taken":21,"max_hp_gain":0,"max_hp_loss":0,"event_name":"Shining Light","floor":2,"gold_loss":0,"cards_upgraded":["Strike_B","Defend_B"]},{"damage_healed":0,"gold_gain":0,"player_choice":"Lose Max HP","damage_taken":0,"relics_obtained":["Golden Idol"],"max_hp_gain":0,"max_hp_loss":7,"event_name":"Golden Idol","floor":5,"gold_loss":0},{"damage_healed":0,"gold_gain":0,"player_choice":"Upgraded","damage_taken":0,"max_hp_gain":0,"max_hp_loss":0,"event_name":"Upgrade Shrine","floor":13,"gold_loss":0,"cards_upgraded":["Tempest"]},{"damage_healed":0,"gold_gain":0,"player_choice":"Relic","damage_taken":0,"max_hp_gain":0,"max_hp_loss":0,"event_name":"Wheel of Change","floor":19,"gold_loss":0},{"damage_healed":0,"gold_gain":0,"player_choice":"Bet on Murderer","damage_taken":0,"max_hp_gain":0,"max_hp_loss":0,"event_name":"The Joust","floor":20,"gold_loss":50},{"cards_removed":["Strike_B"],"damage_healed":0,"gold_gain":0,"player_choice":"Purged","damage_taken":0,"max_hp_gain":0,"max_hp_loss":0,"event_name":"Purifier","floor":37,"gold_loss":0},{"damage_healed":0,"gold_gain":275,"player_choice":"Desecrate","damage_taken":0,"max_hp_gain":0,"max_hp_loss":0,"event_name":"Golden Shrine","floor":38,"gold_loss":0,"cards_obtained":["Regret"]},{"damage_healed":0,"gold_gain":0,"player_choice":"Ignored","damage_taken":0,"max_hp_gain":0,"max_hp_loss":0,"event_name":"Mysterious Sphere","floor":41,"gold_loss":0},{"damage_healed":0,"gold_gain":0,"player_choice":"Rummage","damage_taken":0,"relics_obtained":["WarpedTongs"],"max_hp_gain":0,"max_hp_loss":0,"event_name":"Accursed Blacksmith","floor":44,"gold_loss":0,"cards_obtained":["Pain"]},{"damage_healed":0,"gold_gain":0,"player_choice":"Upgraded","damage_taken":0,"max_hp_gain":0,"max_hp_loss":0,"event_name":"Upgrade Shrine","floor":46,"gold_loss":0,"cards_upgraded":["Defragment"]},{"cards_removed":["Ball Lightning"],"damage_healed":0,"gold_gain":0,"player_choice":"Removed Attack","damage_taken":0,"max_hp_gain":0,"max_hp_loss":0,"event_name":"Falling","floor":48,"gold_loss":0}],"is_beta":false,"boss_relics":[{"not_picked":["Pandora\u0027s Box","Busted Crown"],"picked":"Astrolabe"},{"not_picked":["Inserter","Tiny House"],"picked":"Fusion Hammer"}],"items_purged_floors":[39],"is_endless":false,"potions_floor_spawned":[4,6,12,16,21,24,28,33],"killed_by":"Awakened One","ascension_level":20}