{"gold_per_floor":[116,116,191,191,209,235,235,251,251,251,267,282,299,310,310,383,383,401,25,39,39,39,39,54,104,104,120,131,131,159,41,41,41],"floor_reached":33,"playtime":1484,"items_purged":["Perfected Strike+1"],"score":584,"play_id":"454b6300-46f2-431c-8781-33cf9fe5d08a","local_time":"20190315192104","is_ascension_mode":true,"campfire_choices":[{"data":"Perfected Strike","floor":7.0,"key":"SMITH"},{"data":"True Grit","floor":10.0,"key":"SMITH"},{"data":"Inflame","floor":15.0,"key":"SMITH"},{"data":"Feed","floor":23.0,"key":"SMITH"},{"floor":29.0,"key":"REST"},{"floor":32.0,"key":"REST"}],"neow_cost":"NONE","seed_source_timestamp":32953699597248,"circlet_count":0,"master_deck":["AscendersBane","Defend_R","Defend_R+1","Defend_R","Defend_R","Bash","Carnage","Reckless Charge","True Grit+1","True Grit+1","Inflame+1","Armaments+1","Pummel","Limit Break+1","Infernal Blade+1","Evolve","Feed+1","Armaments+1","Bite","Bite","Bite","Bite","Bite","Dark Shackles+1","Seeing Red+1","Decay","Spot Weakness+1","Exhume+1","Ghostly Armor+1"],"special_seed":0,"relics":["Burning Blood","NeowsBlessing","Thread and Needle","Paper Frog","Toxic Egg 2","Cursed Key","Red Skull","Torii"],"potions_floor_usage":[33,33],"damage_taken":[{"damage":0.0,"enemies":"Jaw Worm","floor":1.0,"turns":1.0},{"damage":0.0,"enemies":"2 Louse","floor":5.0,"turns":1.0},{"damage":0.0,"enemies":"3 Sentries","floor":6.0,"turns":2.0},{"damage":0.0,"enemies":"Cultist","floor":8.0,"turns":3.0},{"damage":2.0,"enemies":"Looter","floor":11.0,"turns":3.0},{"damage":0.0,"enemies":"Red Slaver","floor":12.0,"turns":3.0},{"damage":3.0,"enemies":"3 Louse","floor":13.0,"turns":3.0},{"damage":11.0,"enemies":"Exordium Thugs","floor":14.0,"turns":4.0},{"damage":12.0,"enemies":"The Guardian","floor":16.0,"turns":9.0},{"damage":9.0,"enemies":"Chosen","floor":18.0,"turns":4.0},{"damage":18.0,"enemies":"2 Thieves","floor":20.0,"turns":3.0},{"damage":42.0,"enemies":"Centurion and Healer","floor":24.0,"turns":8.0},{"damage":18.0,"enemies":"Snecko","floor":27.0,"turns":5.0},{"damage":9.0,"enemies":"Sentry and Sphere","floor":28.0,"turns":5.0},{"damage":35.0,"enemies":"Slavers","floor":30.0,"turns":5.0},{"damage":54,"enemies":"Automaton","floor":33,"turns":6}],"seed_played":"-7997689758759200695","potions_obtained":[{"floor":5.0,"key":"SteroidPotion"},{"floor":11.0,"key":"Swift Potion"},{"floor":14.0,"key":"PowerPotion"},{"floor":16.0,"key":"Strength Potion"},{"floor":30.0,"key":"Explosive Potion"}],"is_trial":false,"path_per_floor":["M","?","?","?","M","E","R","M","T","R","M","M","M","M","R","B",null,"M","$","M","?","?","R","M","?","T","M","M","R","E","$","R","B"],"character_chosen":"IRONCLAD","items_purchased":["Evolve","Feed","Red Skull","Armaments+1","Ghostly Armor+1"],"campfire_rested":2,"item_purchase_floors":[19,19,19,19,31],"current_hp_per_floor":[74,51,40,29,35,41,41,47,47,47,51,57,60,55,55,49,69,66,66,54,52,40,40,22,22,22,20,30,48,31,31,50,0],"gold":41,"neow_bonus":"THREE_ENEMY_KILL","is_prod":false,"is_daily":false,"chose_seed":false,"campfire_upgraded":4,"win_rate":0,"timestamp":1552645264,"path_taken":["M","?","?","?","M","E","R","M","T","R","M","M","M","?","R","BOSS","M","$","M","?","?","R","?","?","T","?","M","R","E","?","R","BOSS"],"build_version":"2019-01-23","purchased_purges":1,"victory":false,"max_hp_per_floor":[75,75,75,75,75,75,75,75,75,75,75,75,75,75,75,75,75,75,75,75,52,52,52,56,56,56,56,60,60,64,64,64,64],"card_choices":[{"not_picked":["Fire Breathing","Iron Wave"],"picked":"Perfected Strike","floor":1.0},{"not_picked":["Fire Breathing","Twin Strike"],"picked":"Carnage","floor":5.0},{"not_picked":["Cleave","Clash"],"picked":"Reckless Charge","floor":6.0},{"not_picked":["Iron Wave","Disarm"],"picked":"True Grit","floor":8.0},{"not_picked":["Pommel Strike","Havoc+1"],"picked":"True Grit+1","floor":11.0},{"not_picked":["Wild Strike","Anger"],"picked":"Inflame","floor":12.0},{"not_picked":["Heavy Blade","Thunderclap"],"picked":"Armaments+1","floor":13.0},{"not_picked":["Body Slam","Clothesline"],"picked":"Pummel","floor":14.0},{"not_picked":["Immolate","Dark Embrace"],"picked":"Limit Break+1","floor":16.0},{"not_picked":["Iron Wave","Clothesline"],"picked":"Infernal Blade+1","floor":18.0},{"not_picked":["Headbutt","Wild Strike","Searing Blow"],"picked":"SKIP","floor":20.0},{"not_picked":["Inflame","Clash"],"picked":"Seeing Red+1","floor":24.0},{"not_picked":["Sever Soul","Clothesline","Cleave+1"],"picked":"SKIP","floor":27.0},{"not_picked":["Wild Strike","Thunderclap"],"picked":"Spot Weakness+1","floor":28.0},{"not_picked":["Dual Wield+1","Warcry+1"],"picked":"Exhume+1","floor":30.0}],"player_experience":337884,"relics_obtained":[{"floor":6.0,"key":"Paper Frog"},{"floor":9.0,"key":"Toxic Egg 2"},{"floor":26.0,"key":"Torii"}],"event_choices":[{"damage_healed":0.0,"max_hp_gain":0.0,"max_hp_loss":0.0,"gold_gain":0.0,"event_name":"Shining Light","player_choice":"Entered Light","floor":2.0,"gold_loss":0.0,"damage_taken":23.0,"cards_upgraded":["Defend_R","Strike_R"]},{"damage_healed":0.0,"max_hp_gain":0.0,"max_hp_loss":0.0,"gold_gain":75.0,"event_name":"World of Goop","player_choice":"Gather Gold","floor":3.0,"gold_loss":0.0,"damage_taken":11.0},{"damage_healed":0.0,"max_hp_gain":0.0,"max_hp_loss":0.0,"gold_gain":0.0,"event_name":"Scrap Ooze","player_choice":"Success","floor":4.0,"gold_loss":0.0,"damage_taken":11.0,"relics_obtained":["Thread and Needle"]},{"damage_healed":0.0,"max_hp_gain":0.0,"max_hp_loss":23.0,"gold_gain":0.0,"event_name":"Vampires","player_choice":"Became a vampire","floor":21.0,"gold_loss":0.0,"damage_taken":0.0,"cards_obtained":["Bite","Bite","Bite","Bite","Bite"]},{"damage_healed":0.0,"max_hp_gain":0.0,"max_hp_loss":0.0,"gold_gain":0.0,"event_name":"Knowing Skull","player_choice":"CARD ","floor":22.0,"potions_obtained":[],"gold_loss":0.0,"damage_taken":12.0,"cards_obtained":["Dark Shackles"]},{"damage_healed":0.0,"max_hp_gain":0.0,"max_hp_loss":0.0,"gold_gain":50.0,"event_name":"Golden Shrine","player_choice":"Pray","floor":25.0,"gold_loss":0.0,"damage_taken":0.0}],"is_beta":false,"boss_relics":[{"not_picked":["Black Star","White Beast Statue"],"picked":"Cursed Key"}],"items_purged_floors":[31],"is_endless":false,"potions_floor_spawned":[5,11,14,16,18,30],"killed_by":"Automaton","ascension_level":18}