{"gold_per_floor":[112,129,147,147,18,53,53,84,110,110],"floor_reached":10,"playtime":511,"items_purged":["Strike_R"],"score":141,"play_id":"cf864167-e218-4ec0-b4e0-15b44edf0c1e","local_time":"20190308183953","is_ascension_mode":true,"campfire_choices":[{"floor":7,"key":"REST"}],"neow_cost":"NONE","seed_source_timestamp":31630230296791,"circlet_count":0,"master_deck":["AscendersBane","Strike_R","Strike_R","Strike_R","Strike_R","Defend_R+1","Defend_R+1","Defend_R","Defend_R","Bash","Flex","Iron Wave","Heavy Blade","Thunderclap","Dropkick"],"relics":["Burning Blood","Regal Pillow","Smiling Mask","War Paint","Pen Nib","Lantern"],"potions_floor_usage":[6,10],"damage_taken":[{"damage":23,"enemies":"Cultist","floor":1,"turns":5},{"damage":9,"enemies":"Small Slimes","floor":2,"turns":4},{"damage":2,"enemies":"Jaw Worm","floor":3,"turns":3},{"damage":45,"enemies":"Gremlin Nob","floor":6,"turns":5},{"damage":56,"enemies":"Lagavulin","floor":8,"turns":7},{"damage":10,"enemies":"Large Slime","floor":10,"turns":2}],"seed_played":"527028859562124033","potions_obtained":[{"floor":8,"key":"Swift Potion"}],"is_trial":false,"path_per_floor":["M","M","M","?","$","E","R","E","T","M"],"character_chosen":"IRONCLAD","items_purchased":["Regen Potion"],"campfire_rested":1,"item_purchase_floors":[5],"current_hp_per_floor":[51,48,52,47,47,22,59,9,9,0],"gold":110,"neow_bonus":"RANDOM_COMMON_RELIC","is_prod":false,"is_daily":false,"chose_seed":false,"campfire_upgraded":0,"win_rate":0,"timestamp":1552037993,"path_taken":["M","M","M","?","$","E","R","E","T","M"],"build_version":"2019-01-23","purchased_purges":1,"victory":false,"max_hp_per_floor":[75,75,75,75,75,75,75,75,75,75],"card_choices":[{"not_picked":["Wild Strike","Body Slam"],"picked":"Flex","floor":1},{"not_picked":["Reckless Charge","Rampage"],"picked":"Iron Wave","floor":2},{"not_picked":["Pommel Strike","True Grit"],"picked":"Heavy Blade","floor":3},{"not_picked":["Havoc","Heavy Blade"],"picked":"Thunderclap","floor":6},{"not_picked":["Barricade","Iron Wave"],"picked":"Dropkick","floor":8}],"player_experience":268193,"relics_obtained":[{"floor":6,"key":"War Paint"},{"floor":8,"key":"Pen Nib"},{"floor":9,"key":"Lantern"}],"event_choices":[{"damage_healed":0,"gold_gain":0,"player_choice":"Success","damage_taken":5,"relics_obtained":["Smiling Mask"],"max_hp_gain":0,"max_hp_loss":0,"event_name":"Scrap Ooze","floor":4,"gold_loss":0}],"is_beta":false,"boss_relics":[],"items_purged_floors":[5],"is_endless":false,"potions_floor_spawned":[8],"killed_by":"Large Slime","ascension_level":17}