{"gold_per_floor":[109,129,146,71,83,30,30,30,54,67,67,67,86,36,36,137,137,153,170,89,89],"floor_reached":21,"playtime":628,"items_purged":["Strike_R"],"score":231,"play_id":"bd7a589e-4e4c-4ad6-a51d-0b12412e4d1c","local_time":"20190226135649","is_ascension_mode":true,"campfire_choices":[{"data":"Flex","floor":7,"key":"SMITH"},{"floor":12,"key":"REST"},{"data":"Whirlwind","floor":15,"key":"SMITH"}],"neow_cost":"NONE","seed_source_timestamp":14408701996323,"circlet_count":0,"master_deck":["Strike_R","Strike_R","Defend_R","Defend_R","Defend_R","Defend_R","Bash","Whirlwind+1","Sever Soul","Flex+1","Twin Strike","Double Tap","Shame","Doubt","Decay","Power Through"],"relics":["Burning Blood","Centennial Puzzle","Oddly Smooth Stone","Strawberry","Calling Bell","Dream Catcher","Pantograph","Torii"],"potions_floor_usage":[5,16,19],"damage_taken":[{"damage":12,"enemies":"Jaw Worm","floor":1,"turns":2},{"damage":10,"enemies":"2 Louse","floor":2,"turns":2},{"damage":23,"enemies":"Small Slimes","floor":3,"turns":4},{"damage":15,"enemies":"2 Fungi Beasts","floor":5,"turns":3},{"damage":13,"enemies":"Blue Slaver","floor":10,"turns":2},{"damage":12,"enemies":"Exordium Wildlife","floor":13,"turns":3},{"damage":48,"enemies":"The Guardian","floor":16,"turns":11},{"damage":33,"enemies":"2 Thieves","floor":18,"turns":3},{"damage":35,"enemies":"Spheric Guardian","floor":19,"turns":4},{"damage":18,"enemies":"Snake Plant","floor":21,"turns":3}],"seed_played":"275026174510803731","potions_obtained":[{"floor":1,"key":"SneckoOil"},{"floor":10,"key":"Fire Potion"},{"floor":16,"key":"Poison Potion"},{"floor":18,"key":"Energy Potion"}],"is_trial":false,"path_per_floor":["M","M","M","$","M","$","R","?","T","M","?","R","M","?","R","B",null,"M","M","$","M"],"character_chosen":"IRONCLAD","items_purchased":["Flex","Power Through"],"campfire_rested":1,"item_purchase_floors":[6,20],"current_hp_per_floor":[66,62,45,45,36,36,36,36,36,29,29,55,49,49,49,7,67,40,11,11,0],"gold":89,"neow_bonus":"RANDOM_COMMON_RELIC","is_prod":false,"is_daily":false,"chose_seed":false,"campfire_upgraded":2,"win_rate":0,"timestamp":1551157009,"path_taken":["M","M","M","$","M","$","R","?","T","M","?","R","M","?","R","BOSS","M","M","$","M"],"build_version":"2019-01-23","purchased_purges":1,"victory":false,"max_hp_per_floor":[80,80,80,80,80,80,80,80,80,80,87,87,87,87,87,87,87,87,87,87,87],"card_choices":[{"not_picked":["Blood for Blood","Ghostly Armor"],"picked":"Whirlwind","floor":1},{"not_picked":["Warcry","Rupture","Thunderclap"],"picked":"SKIP","floor":2},{"not_picked":["Body Slam","Headbutt","Iron Wave"],"picked":"SKIP","floor":3},{"not_picked":["Corruption","Sword Boomerang"],"picked":"Sever Soul","floor":5},{"not_picked":["Warcry","Iron Wave"],"picked":"Twin Strike","floor":10},{"not_picked":["True Grit","Cleave","Clothesline"],"picked":"SKIP","floor":13},{"not_picked":["Exhume","Offering"],"picked":"Double Tap","floor":16},{"not_picked":["Headbutt+1","Sentinel","Sword Boomerang"],"picked":"SKIP","floor":18},{"not_picked":["Armaments","Sever Soul","Corruption"],"picked":"SKIP","floor":19}],"player_experience":194692,"relics_obtained":[{"floor":9,"key":"Oddly Smooth Stone"},{"floor":17,"key":"Dream Catcher"},{"floor":17,"key":"Pantograph"},{"floor":17,"key":"Torii"}],"event_choices":[{"cards_removed":["Strike_R"],"damage_healed":0,"gold_gain":0,"player_choice":"Forget","damage_taken":0,"max_hp_gain":0,"max_hp_loss":0,"event_name":"Living Wall","floor":8,"gold_loss":0},{"damage_healed":0,"gold_gain":0,"player_choice":"Success","damage_taken":7,"relics_obtained":["Strawberry"],"max_hp_gain":0,"max_hp_loss":0,"event_name":"Scrap Ooze","floor":11,"gold_loss":0},{"cards_removed":["Strike_R"],"damage_healed":0,"gold_gain":0,"player_choice":"Card Removal","damage_taken":0,"max_hp_gain":0,"max_hp_loss":0,"event_name":"The Cleric","floor":14,"gold_loss":50}],"is_beta":false,"boss_relics":[{"not_picked":["Runic Pyramid","Astrolabe"],"picked":"Calling Bell"}],"items_purged_floors":[4],"is_endless":false,"potions_floor_spawned":[1,10,16,18],"killed_by":"Snake Plant","ascension_level":7}