{"gold_per_floor":[118,138,156,169,147,147,172,188,212,226,226,244,244,244,244,345,345,365,365,365,18,18,18,18],"floor_reached":24,"playtime":1375,"items_purged":[],"score":225,"play_id":"51094347-b7d9-4a6f-9b92-581c44a48959","local_time":"20190127193502","is_ascension_mode":true,"campfire_choices":[{"floor":6,"key":"REST"},{"data":"Reprogram","floor":13,"key":"SMITH"},{"floor":15,"key":"REST"},{"floor":23,"key":"REST"}],"neow_cost":"PERCENT_DAMAGE","seed_source_timestamp":697937020100,"circlet_count":0,"master_deck":["Strike_B","Strike_B","Strike_B","Strike_B","Defend_B","Defend_B","Defend_B","Defend_B","Zap","Dualcast","Reboot","Go for the Eyes","Gash","Reprogram","Gash","Static Discharge","Hologram","Conserve Battery","Reprogram+1","Ball Lightning","All For One","Sweeping Beam+1","RitualDagger","Streamline","Reprogram+1"],"relics":["Cracked Core","Juzu Bracelet","Bag of Marbles","Dream Catcher","Inserter","Potion Belt","Boot","Strawberry"],"potions_floor_usage":[7,8,8,8,16,24],"damage_taken":[{"damage":11,"enemies":"Cultist","floor":1,"turns":4},{"damage":0,"enemies":"Jaw Worm","floor":2,"turns":3},{"damage":2,"enemies":"Small Slimes","floor":3,"turns":2},{"damage":7,"enemies":"3 Louse","floor":4,"turns":3},{"damage":8,"enemies":"Lagavulin","floor":7,"turns":7},{"damage":8,"enemies":"Large Slime","floor":8,"turns":5},{"damage":9,"enemies":"Blue Slaver","floor":10,"turns":4},{"damage":6,"enemies":"Exordium Wildlife","floor":12,"turns":4},{"damage":55,"enemies":"Slime Boss","floor":16,"turns":10},{"damage":33,"enemies":"Spheric Guardian","floor":18,"turns":5},{"damage":53,"enemies":"Book of Stabbing","floor":24,"turns":4}],"seed_played":"-2430649906629655949","potions_obtained":[{"floor":2,"key":"SneckoOil"},{"floor":3,"key":"PowerPotion"},{"floor":4,"key":"SkillPotion"},{"floor":7,"key":"Swift Potion"},{"floor":12,"key":"Swift Potion"},{"floor":18,"key":"Swift Potion"}],"is_trial":false,"path_per_floor":["M","M","M","M","$","R","E","M","T","M","?","M","R","?","R","B",null,"M","?","?","$","?","R","E"],"character_chosen":"DEFECT","items_purchased":["Gash","Streamline","Boot","Strawberry"],"campfire_rested":3,"item_purchase_floors":[5,21,21,21],"current_hp_per_floor":[43,43,41,34,34,56,48,40,40,31,56,50,50,38,60,5,75,42,36,36,43,27,53,0],"gold":18,"neow_bonus":"THREE_RARE_CARDS","is_prod":false,"is_daily":false,"chose_seed":false,"campfire_upgraded":1,"win_rate":0,"timestamp":1548614102,"path_taken":["M","?","M","M","?","R","E","M","T","M","?","M","R","?","R","BOSS","M","?","?","$","?","R","E"],"build_version":"2019-01-23","purchased_purges":0,"victory":false,"max_hp_per_floor":[75,75,75,75,75,75,75,75,75,75,75,75,75,75,75,75,75,75,75,75,82,87,87,87],"card_choices":[{"not_picked":["Machine Learning","Buffer"],"picked":"Reboot","floor":0},{"not_picked":["Leap","Redo"],"picked":"Go for the Eyes","floor":1},{"not_picked":["Double Energy","Loop","Melter"],"picked":"SKIP","floor":2},{"not_picked":["FTL","Rebound"],"picked":"Gash","floor":3},{"not_picked":["Rip and Tear","Streamline"],"picked":"Reprogram","floor":4},{"not_picked":["Compile Driver","Storm"],"picked":"Static Discharge","floor":7},{"not_picked":["Recycle","Undo"],"picked":"Hologram","floor":8},{"not_picked":["Blizzard","Rebound"],"picked":"Conserve Battery","floor":10},{"not_picked":["Coolheaded","Sunder"],"picked":"Reprogram","floor":12},{"not_picked":["Coolheaded","Turbo"],"picked":"Ball Lightning","floor":15},{"not_picked":["Core Surge","Thunder Strike"],"picked":"All For One","floor":16},{"not_picked":["Heatsinks","Darkness"],"picked":"Sweeping Beam+1","floor":18},{"not_picked":["Self Repair+1","Beam Cell+1"],"picked":"Reprogram+1","floor":23}],"player_experience":306918,"relics_obtained":[{"floor":7,"key":"Juzu Bracelet"},{"floor":9,"key":"Bag of Marbles"}],"event_choices":[{"damage_healed":25,"gold_gain":0,"player_choice":"Banana","damage_taken":0,"max_hp_gain":0,"max_hp_loss":0,"event_name":"Big Fish","floor":11,"gold_loss":0},{"damage_healed":0,"gold_gain":0,"player_choice":"Success","damage_taken":12,"relics_obtained":["Dream Catcher"],"max_hp_gain":0,"max_hp_loss":0,"event_name":"Scrap Ooze","floor":14,"gold_loss":0},{"damage_healed":0,"gold_gain":0,"player_choice":"Joined the Cult","damage_taken":6,"max_hp_gain":0,"max_hp_loss":0,"event_name":"Nest","floor":19,"gold_loss":0,"cards_obtained":["RitualDagger"]},{"damage_healed":0,"gold_gain":0,"player_choice":"Opened","damage_taken":0,"relics_obtained":["Potion Belt"],"max_hp_gain":0,"max_hp_loss":0,"event_name":"The Mausoleum","floor":20,"gold_loss":0},{"damage_healed":0,"gold_gain":0,"player_choice":"Shed Blood","damage_taken":21,"max_hp_gain":5,"max_hp_loss":0,"event_name":"Forgotten Altar","floor":22,"gold_loss":0}],"is_beta":false,"boss_relics":[{"not_picked":["Velvet Choker","Calling Bell"],"picked":"Inserter"}],"items_purged_floors":[],"is_endless":false,"potions_floor_spawned":[2,3,4,7,12,18],"killed_by":"Book of Stabbing","ascension_level":3}