{"gold_per_floor":[114,189,189,64,75,75,91,110,185,218,218,230,259,275,275,275],"floor_reached":16,"playtime":1244,"items_purged":["Strike_R"],"score":118,"play_id":"c16eeb92-a6a4-4a7b-a715-b5e44e34d9cb","local_time":"20190215210333","is_ascension_mode":true,"campfire_choices":[{"data":"Body Slam","floor":6,"key":"SMITH"},{"data":"Seeing Red","floor":11,"key":"SMITH"},{"data":"True Grit","floor":15,"key":"SMITH"}],"neow_cost":"NONE","seed_source_timestamp":83085275190534,"circlet_count":0,"master_deck":["Strike_R+1","Strike_R","Strike_R","Strike_R","Defend_R","Defend_R+1","Defend_R","Defend_R","Bash","Evolve","Body Slam+1","Seeing Red+1","Power Through","Shrug It Off","Inflame+1","True Grit+1"],"relics":["Burning Blood","Frozen Egg 2","Smiling Mask","Unceasing Top"],"potions_floor_usage":[8,10,16],"damage_taken":[{"damage":10,"enemies":"Small Slimes","floor":1,"turns":5},{"damage":2,"enemies":"2 Louse","floor":5,"turns":4},{"damage":0,"enemies":"Cultist","floor":7,"turns":4},{"damage":12,"enemies":"Exordium Thugs","floor":8,"turns":6},{"damage":23,"enemies":"Gremlin Nob","floor":10,"turns":5},{"damage":2,"enemies":"Blue Slaver","floor":12,"turns":4},{"damage":17,"enemies":"Lagavulin","floor":13,"turns":7},{"damage":5,"enemies":"Large Slime","floor":14,"turns":5},{"damage":38,"enemies":"Slime Boss","floor":16,"turns":8}],"seed_played":"-4933507109600102363","potions_obtained":[{"floor":1,"key":"AttackPotion"},{"floor":8,"key":"Strength Potion"},{"floor":10,"key":"SkillPotion"},{"floor":12,"key":"Swift Potion"}],"is_trial":false,"path_per_floor":["M","?","?","$","M","R","M","M","T","E","R","M","E","M","R","B"],"character_chosen":"IRONCLAD","items_purchased":["Body Slam"],"campfire_rested":0,"item_purchase_floors":[4],"current_hp_per_floor":[84,73,55,55,59,59,65,59,59,42,42,46,35,36,36,0],"gold":275,"neow_bonus":"TEN_PERCENT_HP_BONUS","is_prod":false,"is_daily":false,"chose_seed":false,"campfire_upgraded":3,"win_rate":0,"timestamp":1550232213,"path_taken":["M","?","?","$","M","R","M","M","T","E","R","M","E","M","R","BOSS"],"build_version":"2019-01-23","purchased_purges":1,"victory":false,"max_hp_per_floor":[88,88,88,88,88,88,88,88,88,88,88,88,88,88,88,88],"card_choices":[{"not_picked":["Headbutt","Clash"],"picked":"Evolve","floor":1},{"not_picked":["Flex","Combust"],"picked":"Seeing Red","floor":5},{"not_picked":["Disarm","Reckless Charge"],"picked":"Power Through","floor":7},{"not_picked":["Clothesline","Anger"],"picked":"Shrug It Off","floor":8},{"not_picked":["Seeing Red","Rampage"],"picked":"Inflame+1","floor":10},{"not_picked":["Anger","Body Slam","Clash"],"picked":"SKIP","floor":12},{"not_picked":["Thunderclap","Seeing Red","Warcry"],"picked":"SKIP","floor":13},{"not_picked":["Disarm","Twin Strike"],"picked":"True Grit","floor":14}],"player_experience":99052,"relics_obtained":[{"floor":9,"key":"Frozen Egg 2"},{"floor":10,"key":"Smiling Mask"},{"floor":13,"key":"Unceasing Top"}],"event_choices":[{"damage_healed":0,"gold_gain":75,"player_choice":"Gather Gold","damage_taken":11,"max_hp_gain":0,"max_hp_loss":0,"event_name":"World of Goop","floor":2,"gold_loss":0},{"damage_healed":0,"gold_gain":0,"player_choice":"Entered Light","damage_taken":18,"max_hp_gain":0,"max_hp_loss":0,"event_name":"Shining Light","floor":3,"gold_loss":0,"cards_upgraded":["Defend_R","Strike_R"]}],"is_beta":false,"boss_relics":[],"items_purged_floors":[4],"is_endless":false,"potions_floor_spawned":[1,8,10,12],"killed_by":"Slime Boss","ascension_level":1}