{"gold_per_floor":[109,119,119,139,39,39,39,71,96,96,96,129,129,163,163,236,236,256,267,286,21,35,35,35,53,107,125,0,0,13,13,13,86,86,98,98,98,118,130,130,148,166,166,166,41,53,53,65,65,65],"floor_reached":50,"playtime":3969,"items_purged":["Strike_B","Strike_B","Strike_B"],"score":899,"play_id":"92a8346f-2245-42b5-930f-ac448122e3d3","local_time":"20190130204901","is_ascension_mode":true,"campfire_choices":[{"data":"Glacier","floor":6.0,"key":"SMITH"},{"floor":11.0,"key":"REST"},{"data":"Coolheaded","floor":15.0,"key":"SMITH"},{"floor":23.0,"key":"REST"},{"floor":32.0,"key":"REST"},{"data":"Buffer","floor":40.0,"key":"SMITH"},{"floor":44.0,"key":"REST"},{"data":"Zap","floor":47.0,"key":"SMITH"},{"floor":49.0,"key":"REST"}],"neow_cost":"NONE","seed_source_timestamp":0,"circlet_count":0,"master_deck":["AscendersBane","Strike_B+1","Defend_B","Defend_B+1","Defend_B","Zap+1","Dualcast","Glacier+1","Chill","Gash","Coolheaded+1","Ball Lightning","Coolheaded","Buffer+1","Compile Driver+1","Gash+1","Gash","Self Repair","Impatience","BootSequence","Gash","All For One","Violence","Impatience","Bandage Up","Gash","FTL+1","Stack+1","Go for the Eyes","Parasite"],"special_seed":0,"relics":["Cracked Core","NeowsBlessing","Regal Pillow","Symbiotic Virus","Pantograph","Turnip","Lizard Tail","Nloth\u0027s Gift","Oddly Smooth Stone","White Beast Statue","Anchor"],"potions_floor_usage":[50],"damage_taken":[{"damage":0.0,"enemies":"2 Louse","floor":1.0,"turns":1.0},{"damage":0.0,"enemies":"Jaw Worm","floor":2.0,"turns":1.0},{"damage":0.0,"enemies":"Small Slimes","floor":4.0,"turns":1.0},{"damage":20.0,"enemies":"3 Sentries","floor":8.0,"turns":11.0},{"damage":17.0,"enemies":"Lagavulin","floor":12.0,"turns":8.0},{"damage":15.0,"enemies":"Gremlin Nob","floor":14.0,"turns":3.0},{"damage":14.0,"enemies":"The Guardian","floor":16.0,"turns":13.0},{"damage":11.0,"enemies":"Spheric Guardian","floor":18.0,"turns":4.0},{"damage":12.0,"enemies":"Shell Parasite","floor":19.0,"turns":7.0},{"damage":20.0,"enemies":"Snake Plant","floor":20.0,"turns":6.0},{"damage":17.0,"enemies":"Centurion and Healer","floor":22.0,"turns":6.0},{"damage":22.0,"enemies":"Chosen and Byrds","floor":25.0,"turns":6.0},{"damage":0.0,"enemies":"Snecko","floor":27.0,"turns":5.0},{"damage":24.0,"enemies":"Shelled Parasite and Fungi","floor":30.0,"turns":6.0},{"damage":0.0,"enemies":"Champ","floor":33.0,"turns":12.0},{"damage":0.0,"enemies":"Orb Walker","floor":35.0,"turns":4.0},{"damage":23.0,"enemies":"3 Darklings","floor":38.0,"turns":7.0},{"damage":0.0,"enemies":"Maw","floor":39.0,"turns":6.0},{"damage":44.0,"enemies":"Spire Growth","floor":41.0,"turns":5.0},{"damage":18.0,"enemies":"3 Darklings","floor":42.0,"turns":6.0},{"damage":0.0,"enemies":"Maw","floor":46.0,"turns":6.0},{"damage":30.0,"enemies":"Writhing Mass","floor":48.0,"turns":7.0},{"damage":91,"enemies":"Time Eater","floor":50,"turns":10}],"seed_played":"-1381745102172876256","potions_obtained":[{"floor":4.0,"key":"EssenceOfSteel"},{"floor":8.0,"key":"Explosive Potion"},{"floor":12.0,"key":"Energy Potion"},{"floor":25.0,"key":"FocusPotion"},{"floor":33.0,"key":"Poison Potion"},{"floor":35.0,"key":"Dexterity Potion"},{"floor":38.0,"key":"Ancient Potion"},{"floor":39.0,"key":"SkillPotion"},{"floor":41.0,"key":"FearPotion"},{"floor":42.0,"key":"Energy Potion"}],"is_trial":false,"path_per_floor":["M","M","?","M","$","R","?","E","T","?","R","E","?","E","R","B",null,"M","M","M","$","M","R","?","M","T","M","?","$","M","?","R","B",null,"M","?","?","M","M","R","M","M","T","R","$","M","R","M","R","B"],"character_chosen":"DEFECT","items_purchased":["Gash","Self Repair","Impatience"],"campfire_rested":5,"item_purchase_floors":[5,21,21],"current_hp_per_floor":[64,64,64,64,64,64,64,44,44,37,71,54,40,25,25,36,62,51,39,19,19,9,45,45,30,30,30,30,30,13,13,49,71,71,71,71,61,42,46,46,6,42,42,71,71,71,71,41,71,0],"gold":65,"neow_bonus":"THREE_ENEMY_KILL","is_prod":false,"is_daily":false,"chose_seed":false,"campfire_upgraded":4,"win_rate":0,"timestamp":1548899341,"path_taken":["M","M","?","M","$","R","?","E","T","?","R","E","?","E","R","BOSS","M","M","M","$","M","R","?","?","T","M","?","?","M","?","R","BOSS","M","?","?","M","M","R","M","M","T","R","?","M","R","M","R","BOSS"],"build_version":"2019-01-23","purchased_purges":3,"victory":false,"max_hp_per_floor":[71,71,71,71,71,71,71,71,71,71,71,71,71,71,71,71,71,71,71,71,71,71,71,71,71,71,71,71,71,71,71,71,71,71,71,71,71,71,71,71,71,71,71,71,71,71,71,71,71,71],"card_choices":[{"not_picked":["Coolheaded","Doom and Gloom"],"picked":"Glacier","floor":1.0},{"not_picked":["Tempest","Force Field"],"picked":"Chill","floor":2.0},{"not_picked":["Force Field","Beam Cell","Stack"],"picked":"SKIP","floor":4.0},{"not_picked":["Genetic Algorithm","Skim"],"picked":"Coolheaded","floor":8.0},{"not_picked":["Barrage","Reboot"],"picked":"Ball Lightning","floor":12.0},{"not_picked":["Turbo","Beam Cell"],"picked":"Coolheaded","floor":14.0},{"not_picked":["Meteor Strike","Thunder Strike"],"picked":"Buffer","floor":16.0},{"not_picked":["Rip and Tear","Skim+1"],"picked":"Compile Driver+1","floor":18.0},{"not_picked":["Sunder","Darkness"],"picked":"Gash+1","floor":19.0},{"not_picked":["Chill","Turbo"],"picked":"Gash","floor":20.0},{"not_picked":["Conserve Battery+1","Reboot"],"picked":"BootSequence","floor":22.0},{"not_picked":["Undo","Coolheaded"],"picked":"Gash","floor":25.0},{"not_picked":["Rip and Tear","Rebound","Redo"],"picked":"SKIP","floor":27.0},{"not_picked":["Coolheaded","Skim","Creative AI"],"picked":"SKIP","floor":30.0},{"not_picked":["Creative AI","Biased Cognition"],"picked":"All For One","floor":33.0},{"not_picked":["Hello World","Storm","Sweeping Beam"],"picked":"SKIP","floor":35.0},{"not_picked":["Trip","Madness"],"picked":"Violence","floor":37.0},{"not_picked":["Dramatic Entrance","Finesse"],"picked":"Impatience","floor":37.0},{"not_picked":["Deep Breath","Forethought"],"picked":"Bandage Up","floor":37.0},{"not_picked":["Compile Driver","Cold Snap"],"picked":"Gash","floor":38.0},{"not_picked":["Loop","Cold Snap"],"picked":"FTL+1","floor":39.0},{"not_picked":["Gash","Creative AI"],"picked":"Stack+1","floor":41.0},{"not_picked":["FTL","Force Field"],"picked":"Go for the Eyes","floor":42.0},{"not_picked":["Coolheaded","Double Energy","Chaos"],"picked":"SKIP","floor":46.0},{"not_picked":["Hologram","Genetic Algorithm","Ball Lightning"],"picked":"SKIP","floor":48.0}],"player_experience":497002,"relics_obtained":[{"floor":8.0,"key":"Regal Pillow"},{"floor":9.0,"key":"Vajra"},{"floor":12.0,"key":"Pantograph"},{"floor":14.0,"key":"Turnip"},{"floor":26.0,"key":"Oddly Smooth Stone"},{"floor":43.0,"key":"Anchor"}],"event_choices":[{"cards_removed":["Defend_B"],"damage_healed":0.0,"max_hp_gain":0.0,"max_hp_loss":0.0,"gold_gain":0.0,"event_name":"Living Wall","player_choice":"Forget","floor":3.0,"gold_loss":0.0,"damage_taken":0.0},{"damage_healed":0.0,"max_hp_gain":0.0,"max_hp_loss":0.0,"gold_gain":0.0,"event_name":"The Cleric","player_choice":"Leave","floor":7.0,"gold_loss":0.0,"damage_taken":0.0},{"damage_healed":0.0,"max_hp_gain":0.0,"max_hp_loss":0.0,"gold_gain":0.0,"event_name":"Scrap Ooze","player_choice":"Success","floor":10.0,"gold_loss":0.0,"damage_taken":7.0,"relics_obtained":["Symbiotic Virus"]},{"damage_healed":0.0,"max_hp_gain":0.0,"max_hp_loss":0.0,"gold_gain":0.0,"event_name":"Shining Light","player_choice":"Entered Light","floor":13.0,"gold_loss":0.0,"damage_taken":14.0,"cards_upgraded":["Defend_B","Strike_B"]},{"damage_healed":0.0,"max_hp_gain":0.0,"max_hp_loss":0.0,"gold_gain":0.0,"event_name":"N\u0027loth","player_choice":"Traded Relic","floor":24.0,"relics_lost":["Vajra"],"gold_loss":0.0,"damage_taken":0.0,"relics_obtained":["Nloth\u0027s Gift"]},{"damage_healed":0.0,"max_hp_gain":0.0,"max_hp_loss":0.0,"gold_gain":0.0,"event_name":"Masked Bandits","player_choice":"Paid Fearfully","floor":28.0,"gold_loss":125.0,"damage_taken":0.0},{"damage_healed":0.0,"max_hp_gain":0.0,"max_hp_loss":0.0,"gold_gain":0.0,"event_name":"Beggar","player_choice":"Ignored","floor":31.0,"gold_loss":0.0,"damage_taken":0.0},{"damage_healed":0.0,"max_hp_gain":0.0,"max_hp_loss":0.0,"gold_gain":0.0,"event_name":"Mysterious Sphere","player_choice":"Ignored","floor":36.0,"gold_loss":0.0,"damage_taken":0.0},{"damage_healed":0.0,"max_hp_gain":0.0,"max_hp_loss":0.0,"gold_gain":0.0,"event_name":"SensoryStone","player_choice":"Memory 3","floor":37.0,"gold_loss":0.0,"damage_taken":10.0}],"is_beta":false,"boss_relics":[{"not_picked":["Orrery","Ectoplasm"],"picked":"Lizard Tail"},{"not_picked":["FrozenCore","Busted Crown"],"picked":"White Beast Statue"}],"items_purged_floors":[5,21,45],"is_endless":false,"potions_floor_spawned":[4,8,12,22,25,27,33,35,38,39,41,42,46,48],"killed_by":"Time Eater","ascension_level":14}