{"gold_per_floor":[113,131,155,155,174,174,190,223,246,246,266,266,137,157,157,234,234,234,234,234,25,25,25,25,25,25,25,25,25,25,25,25,25,25,25,25,25,25,25,25,25,25,25,25,25,25,25,25,25,25],"floor_reached":50,"playtime":1943,"items_purged":["Regret"],"score":1048,"play_id":"b1e676a0-a615-4652-9b5c-1dabc4772bde","local_time":"20190318232135","is_ascension_mode":true,"campfire_choices":[{"data":"Carnage","floor":6,"key":"SMITH"},{"data":"Anger","floor":12,"key":"SMITH"},{"data":"Iron Wave","floor":15,"key":"SMITH"},{"data":"Double Tap","floor":23,"key":"SMITH"},{"floor":25,"key":"REST"},{"floor":32,"key":"REST"},{"floor":40,"key":"REST"},{"data":"Demon Form","floor":42,"key":"SMITH"},{"data":"Shrug It Off","floor":44,"key":"SMITH"},{"floor":47,"key":"REST"},{"floor":49,"key":"REST"}],"neow_cost":"TEN_PERCENT_HP_LOSS","seed_source_timestamp":1015657509101286,"circlet_count":0,"master_deck":["AscendersBane","Strike_R+1","Strike_R+1","Strike_R+1","Strike_R+1","Defend_R+1","Defend_R+1","Defend_R+1","Defend_R+1","Bash+1","Offering+1","Anger+1","Carnage+1","Iron Wave+1","Seeing Red","Exhume","Shrug It Off+1","Double Tap+1","Cleave+1","Demon Form+1","Pummel","Warcry+1","Shrug It Off","Whirlwind+1"],"relics":["Burning Blood","Bag of Marbles","War Paint","Red Skull","Whetstone","Bag of Preparation","Ectoplasm","Red Mask","Bronze Scales","White Beast Statue","Regal Pillow","Happy Flower","MawBank"],"potions_floor_usage":[8,8,16,19,33,33,35,38,39,45,45,50,50],"damage_taken":[{"damage":7,"enemies":"Cultist","floor":1,"turns":3},{"damage":6,"enemies":"Small Slimes","floor":2,"turns":2},{"damage":7,"enemies":"Jaw Worm","floor":5,"turns":3},{"damage":0,"enemies":"Looter","floor":7,"turns":1},{"damage":14,"enemies":"Lagavulin","floor":8,"turns":3},{"damage":5,"enemies":"Large Slime","floor":11,"turns":4},{"damage":0,"enemies":"Blue Slaver","floor":14,"turns":1},{"damage":6,"enemies":"Slime Boss","floor":16,"turns":5},{"damage":18,"enemies":"Shell Parasite","floor":18,"turns":3},{"damage":12,"enemies":"Masked Bandits","floor":19,"turns":2},{"damage":0,"enemies":"Chosen","floor":20,"turns":3},{"damage":12,"enemies":"Snake Plant","floor":22,"turns":2},{"damage":33,"enemies":"Cultist and Chosen","floor":24,"turns":4},{"damage":6,"enemies":"Snecko","floor":29,"turns":1},{"damage":73,"enemies":"Collector","floor":33,"turns":8},{"damage":6,"enemies":"Orb Walker","floor":35,"turns":2},{"damage":9,"enemies":"3 Shapes","floor":36,"turns":3},{"damage":21,"enemies":"Transient","floor":38,"turns":6},{"damage":18,"enemies":"3 Darklings","floor":39,"turns":3},{"damage":6,"enemies":"4 Shapes","floor":41,"turns":9},{"damage":57,"enemies":"Giant Head","floor":45,"turns":6},{"damage":27,"enemies":"Sphere and 2 Shapes","floor":48,"turns":8},{"damage":58,"enemies":"Awakened One","floor":50,"turns":5}],"seed_played":"-171050699353681963","potions_obtained":[{"floor":2,"key":"FearPotion"},{"floor":7,"key":"Block Potion"},{"floor":11,"key":"Regen Potion"},{"floor":16,"key":"PowerPotion"},{"floor":33,"key":"EntropicBrew"},{"floor":36,"key":"FearPotion"},{"floor":38,"key":"Block Potion"},{"floor":39,"key":"FearPotion"},{"floor":41,"key":"Swift Potion"},{"floor":45,"key":"PowerPotion"},{"floor":48,"key":"Poison Potion"}],"is_trial":false,"path_per_floor":["M","M","T","?","M","R","M","E","T","?","M","R","$","M","R","B",null,"M","?","M","$","M","R","M","R","T","?","?","M","$","?","R","B",null,"M","M","T","M","M","R","M","R","T","R","E","$","R","M","R","B"],"character_chosen":"IRONCLAD","items_purchased":["Energy Potion","Double Tap","Dexterity Potion"],"campfire_rested":5,"item_purchase_floors":[13,21,21],"current_hp_per_floor":[67,67,67,49,48,48,54,46,46,46,47,47,47,53,53,53,64,52,46,52,52,46,46,19,39,39,39,39,39,39,39,59,7,53,53,50,50,35,23,58,58,58,58,58,7,7,42,21,56,0],"gold":25,"neow_bonus":"THREE_RARE_CARDS","is_prod":false,"is_daily":false,"chose_seed":false,"campfire_upgraded":6,"win_rate":0,"timestamp":1552918895,"path_taken":["M","?","?","?","M","R","M","E","T","?","M","R","$","M","R","BOSS","M","?","M","$","M","R","M","R","T","?","?","M","?","?","R","BOSS","M","M","?","?","M","R","M","R","T","R","E","?","R","M","R","BOSS"],"build_version":"2019-01-23","purchased_purges":1,"victory":false,"max_hp_per_floor":[68,68,68,68,68,68,68,68,68,68,68,68,68,68,68,68,68,68,68,68,68,68,68,68,68,68,68,68,68,68,68,68,68,68,68,68,68,68,68,68,68,68,68,68,68,68,68,68,68,68],"card_choices":[{"not_picked":["Berserk","Exhume"],"picked":"Offering","floor":0},{"not_picked":["Power Through","Heavy Blade"],"picked":"Anger","floor":1},{"not_picked":["Headbutt","Havoc"],"picked":"Carnage","floor":2},{"not_picked":["Flex","Rampage","Intimidate"],"picked":"SKIP","floor":5},{"not_picked":["Clash","Armaments"],"picked":"Iron Wave","floor":7},{"not_picked":["Armaments","Perfected Strike","Offering"],"picked":"SKIP","floor":8},{"not_picked":["Warcry","Entrench","Clash"],"picked":"SKIP","floor":11},{"not_picked":["True Grit","Wild Strike"],"picked":"Seeing Red","floor":14},{"not_picked":["Barricade","Limit Break"],"picked":"Exhume","floor":16},{"not_picked":["Havoc","Headbutt"],"picked":"Shrug It Off","floor":18},{"not_picked":["Twin Strike","Cleave","Rupture"],"picked":"SKIP","floor":20},{"not_picked":["Body Slam+1","Clash+1"],"picked":"Cleave+1","floor":22},{"not_picked":["Clothesline","Sword Boomerang","Uppercut"],"picked":"SKIP","floor":24},{"not_picked":["Rampage","Burning Pact","Feel No Pain"],"picked":"SKIP","floor":29},{"not_picked":["Immolate","Feed"],"picked":"Demon Form","floor":33},{"not_picked":["Havoc","Blood for Blood","Armaments"],"picked":"SKIP","floor":35},{"not_picked":["Pummel","Searing Blow+1","Power Through"],"picked":"SKIP","floor":36},{"not_picked":["Searing Blow+1","Power Through"],"picked":"Pummel","floor":36},{"not_picked":["Perfected Strike","Evolve+1","Warcry+1"],"picked":"SKIP","floor":38},{"not_picked":["Perfected Strike","Evolve+1"],"picked":"Warcry+1","floor":38},{"not_picked":["Fire Breathing+1","Metallicize","Wild Strike"],"picked":"SKIP","floor":39},{"not_picked":["True Grit","Warcry"],"picked":"Shrug It Off","floor":41},{"not_picked":["Feed","Warcry","Armaments"],"picked":"SKIP","floor":45},{"not_picked":["Flame Barrier","Body Slam"],"picked":"Whirlwind+1","floor":48}],"player_experience":744518,"relics_obtained":[{"floor":3,"key":"Bag of Marbles"},{"floor":8,"key":"Red Skull"},{"floor":9,"key":"Whetstone"},{"floor":19,"key":"Red Mask"},{"floor":26,"key":"Bronze Scales"},{"floor":37,"key":"Regal Pillow"},{"floor":43,"key":"Happy Flower"},{"floor":45,"key":"MawBank"}],"event_choices":[{"damage_healed":0,"gold_gain":0,"player_choice":"Success","damage_taken":18,"relics_obtained":["War Paint"],"max_hp_gain":0,"max_hp_loss":0,"event_name":"Scrap Ooze","floor":4,"gold_loss":0},{"damage_healed":0,"gold_gain":0,"player_choice":"Box","damage_taken":0,"relics_obtained":["Bag of Preparation"],"max_hp_gain":0,"max_hp_loss":0,"event_name":"Big Fish","floor":10,"gold_loss":0,"cards_obtained":["Regret"]},{"damage_healed":0,"gold_gain":0,"player_choice":"Fought Bandits","damage_taken":0,"max_hp_gain":0,"max_hp_loss":0,"event_name":"Masked Bandits","floor":19,"gold_loss":0},{"damage_healed":0,"gold_gain":0,"player_choice":"Simplicity","damage_taken":0,"max_hp_gain":0,"max_hp_loss":0,"event_name":"Back to Basics","floor":27,"gold_loss":0,"cards_upgraded":["Strike_R","Strike_R","Strike_R","Strike_R","Defend_R","Defend_R","Defend_R"]},{"damage_healed":0,"gold_gain":0,"player_choice":"Ignored","damage_taken":0,"max_hp_gain":0,"max_hp_loss":0,"event_name":"Ghosts","floor":28,"gold_loss":0},{"cards_removed":["Strike_R"],"damage_healed":0,"gold_gain":0,"player_choice":"Purged","damage_taken":0,"max_hp_gain":0,"max_hp_loss":0,"event_name":"Purifier","floor":31,"gold_loss":0}],"is_beta":false,"boss_relics":[{"not_picked":["Tiny House","Runic Cube"],"picked":"Ectoplasm"},{"not_picked":["Philosopher\u0027s Stone","Coffee Dripper"],"picked":"White Beast Statue"}],"items_purged_floors":[13],"is_endless":false,"potions_floor_spawned":[2,7,11,16,18,24,33,35,36,38,39,41,45,48],"killed_by":"Awakened One","ascension_level":20}