{"gold_per_floor":[113,15,32,44,64,64,80,80,107,107,122,141,197,197,197,293,293,303,320,320,124,139,139,171,171,171,183,208,220,245,271,283,400,412,440,497,609,633,664,676,703,715,727,839,851,879,891,919,931,943],"floor_reached":51,"playtime":1809,"items_purged":["Strike_R"],"score":964,"play_id":"c372696c-bae3-47f7-9a39-9b194dc9e5cc","local_time":"20190304231422","is_ascension_mode":true,"campfire_choices":[{"data":"Whirlwind","floor":6.0,"key":"SMITH"},{"data":"Seeing Red","floor":8.0,"key":"SMITH"},{"data":"Flex","floor":10.0,"key":"SMITH"},{"data":"Bash","floor":15.0,"key":"SMITH"},{"data":"Power Through","floor":23.0,"key":"SMITH"},{"floor":25.0,"key":"REST"},{"data":"Offering","floor":27.0,"key":"SMITH"},{"floor":32.0,"key":"REST"},{"floor":40.0,"key":"REST"},{"floor":42.0,"key":"DIG"},{"floor":45.0,"key":"REST"},{"floor":49.0,"key":"REST"}],"neow_cost":"NONE","seed_source_timestamp":90979323336523,"circlet_count":0,"master_deck":["Strike_R","Strike_R","Strike_R+1","Strike_R+1","Defend_R","Defend_R","Defend_R","Defend_R","Bash+1","Whirlwind+1","Flex+1","Power Through+1","Seeing Red+1","Evolve","Offering+1","Metallicize+1","Corruption+1","Thunderclap","Feel No Pain+1","Headbutt+1","Demon Form","Spot Weakness","Warcry+1","Flex+1","Whirlwind+1"],"special_seed":0,"relics":["Black Blood","Whetstone","Pen Nib","Anchor","Calipers","Lantern","Bag of Preparation","MawBank","Mark of Pain","Shovel","Bag of Marbles","Charon\u0027s Ashes","Prayer Wheel"],"potions_floor_usage":[50,50,50,50,50,50],"damage_taken":[{"damage":4.0,"enemies":"Small Slimes","floor":1.0,"turns":3.0},{"damage":7.0,"enemies":"Jaw Worm","floor":3.0,"turns":3.0},{"damage":0.0,"enemies":"2 Louse","floor":4.0,"turns":1.0},{"damage":16.0,"enemies":"Exordium Thugs","floor":5.0,"turns":4.0},{"damage":0.0,"enemies":"Exordium Wildlife","floor":7.0,"turns":2.0},{"damage":0.0,"enemies":"3 Louse","floor":11.0,"turns":1.0},{"damage":0.0,"enemies":"2 Fungi Beasts","floor":12.0,"turns":1.0},{"damage":0.0,"enemies":"Lagavulin Event","floor":13.0,"turns":2.0},{"damage":62.0,"enemies":"The Guardian","floor":16.0,"turns":8.0},{"damage":6.0,"enemies":"3 Byrds","floor":18.0,"turns":2.0},{"damage":8.0,"enemies":"Chosen","floor":19.0,"turns":3.0},{"damage":16.0,"enemies":"Centurion and Healer","floor":22.0,"turns":3.0},{"damage":41.0,"enemies":"Slavers","floor":24.0,"turns":7.0},{"damage":6.0,"enemies":"Snake Plant","floor":28.0,"turns":1.0},{"damage":19.0,"enemies":"Snecko","floor":30.0,"turns":5.0},{"damage":6.0,"enemies":"Centurion and Healer","floor":31.0,"turns":3.0},{"damage":65.0,"enemies":"Collector","floor":33.0,"turns":9.0},{"damage":6.0,"enemies":"3 Darklings","floor":35.0,"turns":1.0},{"damage":6.0,"enemies":"2 Orb Walkers","floor":36.0,"turns":1.0},{"damage":17.0,"enemies":"Orb Walker","floor":38.0,"turns":3.0},{"damage":44.0,"enemies":"Writhing Mass","floor":39.0,"turns":5.0},{"damage":15.0,"enemies":"Jaw Worm Horde","floor":41.0,"turns":3.0},{"damage":27.0,"enemies":"Mind Bloom Boss Battle","floor":44.0,"turns":5.0},{"damage":6.0,"enemies":"3 Darklings","floor":46.0,"turns":1.0},{"damage":38.0,"enemies":"4 Shapes","floor":48.0,"turns":4.0},{"damage":32,"enemies":"Donu and Deca","floor":50,"turns":4}],"seed_played":"5760394337173977004","potions_obtained":[{"floor":3.0,"key":"LiquidBronze"},{"floor":7.0,"key":"Fire Potion"},{"floor":12.0,"key":"GamblersBrew"},{"floor":16.0,"key":"GamblersBrew"},{"floor":18.0,"key":"Dexterity Potion"},{"floor":19.0,"key":"EssenceOfSteel"},{"floor":28.0,"key":"SpeedPotion"},{"floor":30.0,"key":"Fire Potion"},{"floor":33.0,"key":"SkillPotion"},{"floor":36.0,"key":"EssenceOfSteel"},{"floor":44.0,"key":"Strength Potion"},{"floor":46.0,"key":"Strength Potion"},{"floor":47.0,"key":"EntropicBrew"}],"is_trial":false,"path_per_floor":["M","$","M","M","M","R","M","R","T","R","M","M","?","T","R","B",null,"M","M","?","$","M","R","E","R","T","R","M","$","M","M","R","B",null,"M","?","?","M","M","R","M","R","T","?","R","M","?","M","R","B",null],"character_chosen":"IRONCLAD","items_purchased":["Flex","Lantern","Thunderclap"],"campfire_rested":5,"item_purchase_floors":[2,21,21],"current_hp_per_floor":[74,74,73,79,69,69,75,75,75,75,80,80,80,80,80,24,66,70,72,72,72,66,66,35,59,59,59,63,63,54,58,80,25,66,70,74,74,67,33,57,52,52,52,35,59,63,63,35,59,37],"gold":955,"neow_bonus":"RANDOM_COMMON_RELIC","is_prod":false,"is_daily":false,"chose_seed":false,"campfire_upgraded":6,"win_rate":0,"timestamp":1551708862,"path_taken":["M","$","M","M","M","R","M","R","T","R","M","M","?","?","R","BOSS","M","M","?","?","M","R","E","R","T","R","M","?","?","M","R","BOSS","M","?","?","?","M","R","?","R","T","?","R","M","?","M","R","BOSS"],"build_version":"2019-01-23","purchased_purges":1,"victory":true,"max_hp_per_floor":[80,80,80,80,80,80,80,80,80,80,80,80,80,80,80,80,80,80,80,80,80,80,80,80,80,80,80,80,80,80,80,80,80,80,80,80,80,80,80,80,80,80,80,80,80,80,80,80,80,80],"card_choices":[{"not_picked":["Twin Strike","True Grit"],"picked":"Whirlwind","floor":1.0},{"not_picked":["Headbutt","Sword Boomerang","Cleave"],"picked":"SKIP","floor":3.0},{"not_picked":["True Grit","Uppercut"],"picked":"Power Through","floor":4.0},{"not_picked":["Iron Wave","Heavy Blade"],"picked":"Seeing Red","floor":5.0},{"not_picked":["Burning Pact","Sword Boomerang","Sever Soul"],"picked":"SKIP","floor":7.0},{"not_picked":["Sword Boomerang","Rampage","Combust"],"picked":"SKIP","floor":11.0},{"not_picked":["Shrug It Off","Warcry"],"picked":"Evolve","floor":12.0},{"not_picked":["Impervious","Double Tap"],"picked":"Offering","floor":16.0},{"not_picked":["Hemokinesis","Infernal Blade"],"picked":"Metallicize+1","floor":18.0},{"not_picked":["Heavy Blade+1","True Grit"],"picked":"Corruption","floor":19.0},{"not_picked":["Hemokinesis+1","Clash","Anger+1"],"picked":"SKIP","floor":22.0},{"not_picked":["Battle Trance","Twin Strike"],"picked":"Feel No Pain+1","floor":24.0},{"not_picked":["Twin Strike","Perfected Strike","Shrug It Off"],"picked":"SKIP","floor":28.0},{"not_picked":["Whirlwind","Sword Boomerang"],"picked":"Headbutt+1","floor":30.0},{"not_picked":["Fiend Fire","Iron Wave+1","Warcry"],"picked":"SKIP","floor":31.0},{"not_picked":["Impervious","Brutality"],"picked":"Demon Form","floor":33.0},{"not_picked":["Heavy Blade","Twin Strike+1","True Grit+1"],"picked":"SKIP","floor":35.0},{"not_picked":["Shrug It Off+1","True Grit"],"picked":"Spot Weakness","floor":38.0},{"not_picked":["Armaments+1","Anger","Pommel Strike"],"picked":"SKIP","floor":39.0},{"not_picked":["Iron Wave+1","Ghostly Armor"],"picked":"Warcry+1","floor":41.0},{"not_picked":["Headbutt","Havoc+1"],"picked":"Flex+1","floor":46.0},{"not_picked":["True Grit+1","Power Through+1","Barricade"],"picked":"SKIP","floor":46.0},{"not_picked":["Shrug It Off+1","Ghostly Armor+1"],"picked":"Whirlwind+1","floor":48.0},{"not_picked":["Anger+1","Cleave+1","Clash+1"],"picked":"SKIP","floor":48.0}],"player_experience":227985,"relics_obtained":[{"floor":9.0,"key":"Pen Nib"},{"floor":14.0,"key":"Calipers"},{"floor":24.0,"key":"Bag of Preparation"},{"floor":26.0,"key":"MawBank"},{"floor":36.0,"key":"Shovel"},{"floor":42.0,"key":"Bag of Marbles"},{"floor":43.0,"key":"Charon\u0027s Ashes"},{"floor":44.0,"key":"Prayer Wheel"}],"event_choices":[{"damage_healed":0.0,"max_hp_gain":0.0,"max_hp_loss":0.0,"gold_gain":0.0,"event_name":"Dead Adventurer","player_choice":"Searched \u00272\u0027 times","floor":13.0,"gold_loss":0.0,"damage_taken":0.0,"relics_obtained":["Anchor"]},{"damage_healed":0.0,"max_hp_gain":0.0,"max_hp_loss":0.0,"gold_gain":0.0,"event_name":"Upgrade Shrine","player_choice":"Upgraded","floor":20.0,"gold_loss":0.0,"damage_taken":0.0,"cards_upgraded":["Corruption"]},{"damage_healed":0.0,"max_hp_gain":0.0,"max_hp_loss":0.0,"gold_gain":0.0,"event_name":"Mysterious Sphere","player_choice":"Fight","floor":36.0,"gold_loss":0.0,"damage_taken":0.0},{"damage_healed":0.0,"max_hp_gain":0.0,"max_hp_loss":0.0,"gold_gain":100.0,"event_name":"Golden Shrine","player_choice":"Pray","floor":37.0,"gold_loss":0.0,"damage_taken":0.0},{"damage_healed":0.0,"max_hp_gain":0.0,"max_hp_loss":0.0,"gold_gain":0.0,"event_name":"MindBloom","player_choice":"Fight","floor":44.0,"gold_loss":0.0,"damage_taken":0.0},{"damage_healed":0.0,"max_hp_gain":0.0,"max_hp_loss":0.0,"gold_gain":0.0,"event_name":"Lab","player_choice":"Got Potions","floor":47.0,"gold_loss":0.0,"damage_taken":0.0}],"is_beta":false,"boss_relics":[{"not_picked":["Pandora\u0027s Box","Astrolabe"],"picked":"Black Blood"},{"not_picked":["Runic Dome","Tiny House"],"picked":"Mark of Pain"}],"items_purged_floors":[2],"is_endless":false,"potions_floor_spawned":[3,7,12,16,18,19,28,30,33,36,44,46,48],"ascension_level":9}