{"gold_per_floor":[110,127,145,159,175,175,192,18,18,64,89,89,104,20,20,95,95,105,105,118,118,138,138,164,164,164,15,33,46,66,66],"floor_reached":31,"playtime":914,"items_purged":["Defend_G","Decay"],"score":522,"play_id":"417e172b-5b6d-4385-a051-63cbe37e3a06","local_time":"20190311000005","is_ascension_mode":true,"campfire_choices":[{"floor":6,"key":"REST"},{"floor":12,"key":"REST"},{"data":"Noxious Fumes","floor":15,"key":"SMITH"},{"floor":23,"key":"REST"}],"neow_cost":"NONE","seed_source_timestamp":281823860245500,"circlet_count":0,"master_deck":["AscendersBane","Defend_G+1","Defend_G+1","Defend_G+1","Defend_G+1","Strike_G+1","Strike_G+1","Strike_G+1","Strike_G+1","Survivor","Neutralize","Deflect","PiercingWail","Deadly Poison","Slice","Poisoned Stab","Predator","Escape Plan","Dash","Deflect","Tools of the Trade","Noxious Fumes+1","Adrenaline","Backstab","Outmaneuver+1","Backflip","Acrobatics","Bouncing Flask","Sucker Punch","Crippling Poison"],"relics":["Ring of the Snake","Snake Skull","Ornamental Fan","Eternal Feather","Bird Faced Urn","The Courier"],"potions_floor_usage":[5,16,24,29,30],"damage_taken":[{"damage":5,"enemies":"Cultist","floor":1,"turns":6},{"damage":15,"enemies":"Jaw Worm","floor":2,"turns":10},{"damage":0,"enemies":"2 Louse","floor":3,"turns":4},{"damage":19,"enemies":"Red Slaver","floor":4,"turns":5},{"damage":8,"enemies":"Lots of Slimes","floor":5,"turns":5},{"damage":0,"enemies":"3 Louse","floor":7,"turns":3},{"damage":20,"enemies":"Lagavulin","floor":11,"turns":5},{"damage":0,"enemies":"2 Fungi Beasts","floor":13,"turns":4},{"damage":18,"enemies":"Hexaghost","floor":16,"turns":10},{"damage":21,"enemies":"Spheric Guardian","floor":18,"turns":6},{"damage":12,"enemies":"2 Thieves","floor":20,"turns":4},{"damage":13,"enemies":"Sentry and Sphere","floor":22,"turns":6},{"damage":25,"enemies":"Book of Stabbing","floor":24,"turns":5},{"damage":20,"enemies":"Centurion and Healer","floor":28,"turns":6},{"damage":3,"enemies":"Snecko","floor":29,"turns":5},{"damage":9,"enemies":"Snake Plant","floor":30,"turns":5},{"damage":4,"enemies":"Centurion and Healer","floor":31,"turns":1}],"seed_played":"-285301626873088441","potions_obtained":[{"floor":4,"key":"SteroidPotion"},{"floor":7,"key":"Ancient Potion"},{"floor":16,"key":"Fruit Juice"},{"floor":18,"key":"PowerPotion"},{"floor":28,"key":"Weak Potion"}],"is_trial":false,"path_per_floor":["M","M","M","M","M","R","M","$","T","T","E","R","M","$","R","B",null,"M","?","M","?","M","R","E","?","T","$","M","M","M","M"],"character_chosen":"THE_SILENT","items_purchased":["Dash","Deflect","Noxious Fumes","Bouncing Flask"],"campfire_rested":3,"item_purchase_floors":[8,8,14,27],"current_hp_per_floor":[54,39,39,20,12,31,31,31,31,31,11,30,30,30,30,17,58,37,37,25,25,12,48,23,23,23,23,7,6,1,0],"gold":66,"neow_bonus":"TRANSFORM_CARD","is_prod":false,"is_daily":false,"chose_seed":false,"campfire_upgraded":1,"win_rate":0,"timestamp":1552230005,"path_taken":["M","M","M","M","M","R","?","$","T","?","E","R","M","?","R","BOSS","M","?","M","?","M","R","E","?","T","$","M","M","M","?"],"build_version":"2019-01-23","purchased_purges":2,"victory":false,"max_hp_per_floor":[66,66,66,66,66,66,66,66,66,66,66,66,66,66,66,71,71,71,71,71,71,71,71,71,71,71,71,71,71,71,71],"card_choices":[{"not_picked":["Dodge and Roll","Footwork"],"picked":"PiercingWail","floor":1},{"not_picked":["Setup","PiercingWail"],"picked":"Deadly Poison","floor":2},{"not_picked":["PiercingWail","Expertise"],"picked":"Slice","floor":3},{"not_picked":["Prepared","Backflip"],"picked":"Poisoned Stab","floor":4},{"not_picked":["Heel Hook","Flying Knee"],"picked":"Predator","floor":5},{"not_picked":["Prepared","Flying Knee"],"picked":"Escape Plan","floor":7},{"not_picked":["Masterful Stab","Deflect","Dodge and Roll"],"picked":"SKIP","floor":11},{"not_picked":["Dagger Throw","Sucker Punch"],"picked":"Tools of the Trade","floor":13},{"not_picked":["Venomology","Phantasmal Killer"],"picked":"Adrenaline","floor":16},{"not_picked":["Dagger Throw","Underhanded Strike"],"picked":"Backstab","floor":18},{"not_picked":["Dagger Spray","Tactician"],"picked":"Outmaneuver+1","floor":20},{"not_picked":["Dagger Throw","Acrobatics"],"picked":"Backflip","floor":22},{"not_picked":["Quick Slash","Skewer"],"picked":"Acrobatics","floor":24},{"not_picked":["Sucker Punch","Flying Knee","Deflect"],"picked":"SKIP","floor":28},{"not_picked":["Flying Knee","Deflect"],"picked":"Sucker Punch","floor":28},{"not_picked":["Deflect","Sucker Punch","Bane"],"picked":"SKIP","floor":29},{"not_picked":["Choke","Bouncing Flask"],"picked":"Crippling Poison","floor":30}],"player_experience":4505251,"relics_obtained":[{"floor":10,"key":"Snake Skull"},{"floor":11,"key":"Ornamental Fan"},{"floor":24,"key":"Bird Faced Urn"},{"floor":26,"key":"The Courier"}],"event_choices":[{"damage_healed":0,"gold_gain":0,"player_choice":"Simplicity","damage_taken":0,"max_hp_gain":0,"max_hp_loss":0,"event_name":"Back to Basics","floor":19,"gold_loss":0,"cards_upgraded":["Defend_G","Defend_G","Defend_G","Defend_G","Strike_G","Strike_G","Strike_G","Strike_G"]},{"damage_healed":0,"gold_gain":0,"player_choice":"Ignored","damage_taken":0,"max_hp_gain":0,"max_hp_loss":0,"event_name":"Vampires","floor":21,"gold_loss":0},{"damage_healed":0,"gold_gain":0,"player_choice":"Cursed","damage_taken":0,"max_hp_gain":0,"max_hp_loss":0,"event_name":"Wheel of Change","floor":25,"gold_loss":0,"cards_obtained":["Decay"]}],"is_beta":false,"boss_relics":[{"not_picked":["White Beast Statue","WristBlade"],"picked":"Eternal Feather"}],"items_purged_floors":[8,27],"is_endless":false,"potions_floor_spawned":[4,7,16,18,28],"killed_by":"Centurion and Healer","ascension_level":20}