{"gold_per_floor":[114,127,127,142,162,162,180,180,233,251,278,288,318,335,335,409,409,427,445,445,20,37,37],"floor_reached":23,"playtime":741,"items_purged":["Decay"],"score":514,"play_id":"0cf49001-92fe-4c71-9dfb-727ffe6282b8","local_time":"20190228000842","is_ascension_mode":true,"campfire_choices":[{"data":"Zap","floor":6,"key":"SMITH"},{"floor":8,"key":"REST"},{"data":"Defragment","floor":15,"key":"SMITH"}],"neow_cost":"NONE","seed_source_timestamp":1158657058682900,"circlet_count":0,"master_deck":["AscendersBane","Strike_B","Strike_B","Strike_B","Strike_B","Defend_B","Defend_B","Defend_B","Defend_B","Zap+1","Dualcast","Rebound","Streamline+1","Chill","Hologram","Doom and Gloom","Defragment+1","Compile Driver","Go for the Eyes","Meteor Strike","Turbo","Ball Lightning","Leap","Conserve Battery","Steam"],"relics":["Cracked Core","Bronze Scales","Blue Candle","Pen Nib","Nuclear Battery","Singing Bowl"],"potions_floor_usage":[4,13,16,16],"damage_taken":[{"damage":7,"enemies":"Small Slimes","floor":1,"turns":3},{"damage":0,"enemies":"Cultist","floor":2,"turns":3},{"damage":12,"enemies":"Jaw Worm","floor":4,"turns":2},{"damage":3,"enemies":"Blue Slaver","floor":5,"turns":4},{"damage":13,"enemies":"3 Louse","floor":7,"turns":2},{"damage":2,"enemies":"2 Fungi Beasts","floor":10,"turns":3},{"damage":9,"enemies":"3 Sentries","floor":11,"turns":5},{"damage":3,"enemies":"Exordium Thugs","floor":12,"turns":3},{"damage":4,"enemies":"Gremlin Nob","floor":13,"turns":3},{"damage":8,"enemies":"Blue Slaver","floor":14,"turns":2},{"damage":0,"enemies":"Slime Boss","floor":16,"turns":7},{"damage":7,"enemies":"2 Thieves","floor":18,"turns":2},{"damage":18,"enemies":"Chosen","floor":19,"turns":4},{"damage":24,"enemies":"Snake Plant","floor":22,"turns":4},{"damage":26,"enemies":"Gremlin Leader","floor":23,"turns":4}],"seed_played":"-1287958580555215065","potions_obtained":[{"floor":4,"key":"Fruit Juice"},{"floor":7,"key":"FocusPotion"},{"floor":11,"key":"FearPotion"},{"floor":13,"key":"Energy Potion"},{"floor":14,"key":"PowerPotion"}],"is_trial":false,"path_per_floor":["M","M","?","M","M","R","M","R","T","M","E","M","E","M","R","B",null,"M","M","?","$","M","E"],"character_chosen":"DEFECT","items_purchased":["Leap","Conserve Battery","Singing Bowl"],"campfire_rested":1,"item_purchase_floors":[21,21,21],"current_hp_per_floor":[64,64,64,57,54,54,41,65,65,63,54,51,47,39,39,39,72,65,47,47,47,23,0],"gold":37,"neow_bonus":"TEN_PERCENT_HP_BONUS","is_prod":false,"is_daily":false,"chose_seed":false,"campfire_upgraded":2,"win_rate":0,"timestamp":1551280122,"path_taken":["M","M","?","M","M","R","M","R","T","?","E","M","E","M","R","BOSS","M","?","?","$","M","E"],"build_version":"2019-01-23","purchased_purges":1,"victory":false,"max_hp_per_floor":[78,78,78,83,83,83,83,83,83,83,83,83,83,83,83,83,83,83,83,83,83,83,83],"card_choices":[{"not_picked":["Barrage","Compile Driver"],"picked":"Rebound","floor":1},{"not_picked":["Steam","Hologram"],"picked":"Streamline","floor":2},{"not_picked":["Streamline","Blizzard"],"picked":"Chill","floor":4},{"not_picked":["Scrape","Redo","Force Field"],"picked":"SKIP","floor":5},{"not_picked":["Steam","Turbo"],"picked":"Hologram","floor":7},{"not_picked":["Conserve Battery","Seek"],"picked":"Doom and Gloom","floor":10},{"not_picked":["Blizzard","Force Field","Hello World"],"picked":"SKIP","floor":11},{"not_picked":["Streamline","Loop"],"picked":"Defragment","floor":12},{"not_picked":["Hello World","Gash"],"picked":"Compile Driver","floor":13},{"not_picked":["Sweeping Beam","Skim"],"picked":"Go for the Eyes","floor":14},{"not_picked":["Creative AI","All For One"],"picked":"Meteor Strike","floor":16},{"not_picked":["Cold Snap","Steam"],"picked":"Turbo","floor":18},{"not_picked":["Reprogram","Compile Driver"],"picked":"Ball Lightning","floor":19},{"not_picked":["Redo","Tempest"],"picked":"Steam","floor":22}],"player_experience":4415295,"relics_obtained":[{"floor":9,"key":"Bronze Scales"},{"floor":11,"key":"Blue Candle"},{"floor":13,"key":"Pen Nib"}],"event_choices":[{"damage_healed":0,"gold_gain":0,"player_choice":"Upgraded","damage_taken":0,"max_hp_gain":0,"max_hp_loss":0,"event_name":"Upgrade Shrine","floor":3,"gold_loss":0,"cards_upgraded":["Streamline"]},{"damage_healed":0,"gold_gain":0,"player_choice":"Smashed Altar","damage_taken":0,"max_hp_gain":0,"max_hp_loss":0,"event_name":"Forgotten Altar","floor":20,"gold_loss":0,"cards_obtained":["Decay"]}],"is_beta":false,"boss_relics":[{"not_picked":["Fusion Hammer","Busted Crown"],"picked":"Nuclear Battery"}],"items_purged_floors":[21],"is_endless":false,"potions_floor_spawned":[4,7,11,12,13,14],"killed_by":"Gremlin Leader","ascension_level":20}