{"gold_per_floor":[113,130,130,143,154,154,106,126,196,121,26,46,46,56,56,132,132,143,143,143,160,4,4],"floor_reached":23,"playtime":688,"items_purged":["Strike_G","Strike_G"],"score":370,"play_id":"e1e2e921-ce0c-4a85-897c-7c49ac2e4e8c","local_time":"20190322020528","is_ascension_mode":true,"campfire_choices":[{"data":"Calculated Gamble","floor":6,"key":"SMITH"},{"data":"Skewer","floor":15,"key":"SMITH"}],"neow_cost":"NONE","seed_source_timestamp":699104311666800,"circlet_count":0,"master_deck":["AscendersBane","Defend_G","Defend_G","Strike_G","Strike_G","Survivor","Neutralize","Calculated Gamble+1","Skewer+1","Tactician","Underhanded Strike","Outmaneuver","Tactician","Backflip","After Image","Acrobatics"],"relics":["Ring of the Snake","Oddly Smooth Stone","Singing Bowl","Empty Cage","Pear"],"potions_floor_usage":[16,16,21,23],"damage_taken":[{"damage":1,"enemies":"Jaw Worm","floor":1,"turns":7},{"damage":0,"enemies":"Cultist","floor":2,"turns":5},{"damage":0,"enemies":"Small Slimes","floor":4,"turns":5},{"damage":5,"enemies":"Red Slaver","floor":5,"turns":4},{"damage":19,"enemies":"Exordium Thugs","floor":7,"turns":6},{"damage":3,"enemies":"Blue Slaver","floor":8,"turns":4},{"damage":3,"enemies":"2 Fungi Beasts","floor":12,"turns":2},{"damage":0,"enemies":"3 Louse","floor":14,"turns":3},{"damage":25,"enemies":"Slime Boss","floor":16,"turns":13},{"damage":29,"enemies":"Shell Parasite","floor":18,"turns":9},{"damage":14,"enemies":"3 Byrds","floor":21,"turns":7},{"damage":25,"enemies":"Slavers","floor":23,"turns":2}],"seed_played":"8185367489375114113","potions_obtained":[{"floor":4,"key":"SpeedPotion"},{"floor":8,"key":"Energy Potion"},{"floor":16,"key":"SteroidPotion"},{"floor":18,"key":"Fire Potion"}],"is_trial":false,"path_per_floor":["M","M","?","M","M","R","M","M","T","$","$","M","?","M","R","B",null,"M","$","?","M","$","E"],"character_chosen":"THE_SILENT","items_purchased":["Tactician","Backflip","Acrobatics"],"campfire_rested":0,"item_purchase_floors":[11,11,22],"current_hp_per_floor":[58,58,58,58,53,53,34,31,31,31,31,30,30,30,30,5,52,25,25,35,23,23,0],"gold":4,"neow_bonus":"RANDOM_COMMON_RELIC","is_prod":false,"is_daily":false,"chose_seed":false,"campfire_upgraded":2,"win_rate":0,"timestamp":1553187928,"path_taken":["M","M","?","M","M","R","?","M","T","?","$","?","?","M","R","BOSS","M","$","?","?","$","E"],"build_version":"2019-01-23","purchased_purges":2,"victory":false,"max_hp_per_floor":[66,66,66,66,66,66,66,66,66,66,66,68,68,68,68,68,68,70,70,80,82,82,82],"card_choices":[{"not_picked":["Bane","Prepared"],"picked":"Calculated Gamble","floor":1},{"not_picked":["Footwork","Outmaneuver"],"picked":"Skewer","floor":2},{"not_picked":["Terror","Cloak And Dagger"],"picked":"Tactician","floor":4},{"not_picked":["Flechettes","Finisher","Accuracy"],"picked":"SKIP","floor":5},{"not_picked":["Quick Slash","Slice"],"picked":"Underhanded Strike","floor":7},{"not_picked":["PiercingWail","Cloak And Dagger"],"picked":"Outmaneuver","floor":8},{"not_picked":["Endless Agony","Quick Slash","Night Terror"],"picked":"Singing Bowl","floor":12},{"not_picked":["Outmaneuver","Poisoned Stab"],"picked":"Well Laid Plans","floor":14},{"not_picked":["Tools of the Trade","Die Die Die"],"picked":"After Image","floor":16},{"not_picked":["Slice","Blade Dance","Poisoned Stab"],"picked":"Singing Bowl","floor":18},{"not_picked":["Flechettes","Dagger Spray","Underhanded Strike"],"picked":"Singing Bowl","floor":21}],"player_experience":4585558,"relics_obtained":[{"floor":9,"key":"Singing Bowl"}],"event_choices":[{"cards_removed":["Defend_G"],"damage_healed":0,"gold_gain":0,"player_choice":"Purged","damage_taken":0,"max_hp_gain":0,"max_hp_loss":0,"event_name":"Purifier","floor":3,"gold_loss":0},{"cards_removed":["Defend_G"],"damage_healed":0,"gold_gain":0,"player_choice":"Offered Basic","damage_taken":0,"max_hp_gain":0,"max_hp_loss":0,"event_name":"Bonfire Elementals","floor":13,"gold_loss":0},{"cards_removed":["Well Laid Plans"],"damage_healed":0,"gold_gain":0,"player_choice":"Gave Card","damage_taken":0,"relics_obtained":["Pear"],"max_hp_gain":0,"max_hp_loss":0,"event_name":"WeMeetAgain","floor":20,"gold_loss":0}],"is_beta":false,"boss_relics":[{"not_picked":["Philosopher\u0027s Stone","Runic Pyramid"],"picked":"Empty Cage"}],"items_purged_floors":[10,22],"is_endless":false,"potions_floor_spawned":[4,8,12,16,18],"killed_by":"Slavers","ascension_level":20}