{"gold_per_floor":[112,112,112,122,72,72,72,90,114,126,150,191,203,52,68,68,173,173,189,222,222,7,17,17,48,60,83,83,83,83,83,102,131,131,229,229,246,246,186,186,86,86,102,24,24,24,24,24,24,246,264,264,264,264,264,21,54,54],"floor_reached":58,"playtime":2244,"items_purged":["Decay","FTL"],"score":689,"play_id":"1b81c91d-14ab-442d-a562-757171c0b11a","local_time":"20190208010245","is_ascension_mode":false,"campfire_choices":[{"data":"Defragment","floor":6,"key":"SMITH"},{"data":"Sunder","floor":13,"key":"SMITH"},{"data":"Biased Cognition","floor":16,"key":"SMITH"},{"data":"Self Repair","floor":24,"key":"SMITH"},{"data":"Capacitor","floor":31,"key":"SMITH"},{"data":"Capacitor","floor":34,"key":"SMITH"},{"floor":42,"key":"RECALL"},{"data":"Fission","floor":49,"key":"SMITH"},{"floor":52,"key":"REST"},{"data":"Static Discharge","floor":55,"key":"SMITH"}],"neow_cost":"NONE","seed_source_timestamp":711734878196700,"circlet_count":0,"master_deck":["Cold Snap","Defragment+1","Leap","Leap","Biased Cognition+1","Ball Lightning","Ball Lightning","Capacitor+1","Self Repair+1","Sunder+1","Capacitor+1","Core Surge","Stack","Meteor Strike","Steam+1","Steam+1","Creative AI","White Noise","Static Discharge+1","Storm","Rainbow","Genetic Algorithm","Rainbow","Loop+1","Double Energy","Glacier","Fission+1","FTL","Beam Cell","Panacea","Turbo+1"],"relics":["Snecko Eye","Bag of Marbles","MawBank","Dream Catcher","Calling Bell","Happy Flower","Pear","Turnip","Red Mask","Centennial Puzzle","Ancient Tea Set","Juzu Bracelet","Runic Dome","DataDisk","Bottled Tornado"],"potions_floor_usage":[20,20,33,37,51,53,58],"damage_taken":[{"damage":1,"enemies":"Jaw Worm","floor":1,"turns":3},{"damage":0,"enemies":"Small Slimes","floor":4,"turns":3},{"damage":0,"enemies":"Cultist","floor":8,"turns":2},{"damage":2,"enemies":"Looter","floor":11,"turns":3},{"damage":7,"enemies":"Gremlin Nob","floor":12,"turns":3},{"damage":0,"enemies":"Large Slime","floor":15,"turns":2},{"damage":38,"enemies":"Hexaghost","floor":17,"turns":7},{"damage":21,"enemies":"Shell Parasite","floor":19,"turns":4},{"damage":16,"enemies":"Masked Bandits","floor":20,"turns":3},{"damage":2,"enemies":"3 Byrds","floor":23,"turns":5},{"damage":3,"enemies":"Gremlin Leader","floor":25,"turns":7},{"damage":11,"enemies":"Sentry and Sphere","floor":26,"turns":4},{"damage":0,"enemies":"Snecko","floor":32,"turns":3},{"damage":14,"enemies":"Slavers","floor":33,"turns":3},{"damage":21,"enemies":"Collector","floor":35,"turns":5},{"damage":17,"enemies":"3 Darklings","floor":37,"turns":4},{"damage":0,"enemies":"3 Shapes","floor":43,"turns":3},{"damage":21,"enemies":"Jaw Worm Horde","floor":51,"turns":4},{"damage":25,"enemies":"Awakened One","floor":53,"turns":19},{"damage":25,"enemies":"Shield and Spear","floor":57,"turns":4},{"damage":57,"enemies":"The Heart","floor":58,"turns":3}],"seed_played":"5543973629330084189","potions_obtained":[{"floor":8,"key":"Block Potion"},{"floor":11,"key":"Poison Potion"},{"floor":15,"key":"Strength Potion"},{"floor":23,"key":"Dexterity Potion"},{"floor":25,"key":"LiquidBronze"},{"floor":33,"key":"SteroidPotion"},{"floor":37,"key":"Energy Potion"}],"is_trial":false,"path_per_floor":["M","?","?","M","?","R","?","M","T","T","M","E","R","$","M","R","B",null,"M","?","?","$","M","R","E","M","T","T","?","$","R","M","E","R","B",null,"M","?","?","?","$","R","M","$","T","T","$","?","R","?","M","R","B",null,"R","$","E","B"],"character_chosen":"DEFECT","items_purchased":["Core Surge","Creative AI","Glacier","DataDisk","Panacea"],"campfire_rested":1,"item_purchase_floors":[14,22,44,56,56],"current_hp_per_floor":[74,62,75,75,75,75,75,75,75,75,73,73,73,73,73,73,42,85,71,55,55,55,60,60,77,76,76,76,76,76,76,85,81,81,70,85,68,68,68,68,68,68,78,78,78,78,78,78,78,78,67,82,67,82,82,82,57,0],"gold":54,"neow_bonus":"BOSS_RELIC","is_prod":false,"is_daily":false,"chose_seed":false,"campfire_upgraded":8,"win_rate":0,"timestamp":1549555365,"path_taken":["M","?","?","?","?","R","?","M","T","M","E","R","?","M","R","BOSS","M","?","?","$","?","R","E","M","T","?","$","R","M","E","R","BOSS","M","?","?","?","$","R","M","$","T","?","?","R","?","M","R","BOSS","R","$","E","BOSS"],"build_version":"2019-01-23","purchased_purges":2,"victory":false,"max_hp_per_floor":[75,75,75,75,75,75,75,75,75,75,75,75,75,75,75,75,75,85,85,85,85,85,85,85,85,85,85,85,85,85,85,85,85,85,85,85,85,85,82,82,82,82,82,82,82,82,82,82,82,82,82,82,82,82,82,82,82,82],"card_choices":[{"not_picked":["Streamline","Stack"],"picked":"Capacitor","floor":1},{"not_picked":["Cold Snap","Fusion"],"picked":"Go for the Eyes","floor":4},{"not_picked":["Chaos","Auto Shields"],"picked":"Self Repair","floor":8},{"not_picked":["Sweeping Beam","Defragment"],"picked":"Sunder","floor":11},{"not_picked":["Leap","Loop"],"picked":"Capacitor","floor":12},{"not_picked":["Leap","Hologram"],"picked":"Stack","floor":15},{"not_picked":["Thunder Strike","Amplify"],"picked":"Meteor Strike","floor":17},{"not_picked":["Sweeping Beam","Darkness"],"picked":"Steam+1","floor":19},{"not_picked":["Sweeping Beam+1","Leap+1"],"picked":"Steam+1","floor":20},{"not_picked":["Auto Shields","Compile Driver"],"picked":"White Noise","floor":23},{"not_picked":["Rebound","Melter+1"],"picked":"Static Discharge","floor":25},{"not_picked":["Compile Driver","Conserve Battery"],"picked":"Storm","floor":26},{"not_picked":["Coolheaded","Ball Lightning"],"picked":"Rainbow","floor":32},{"not_picked":["Barrage","Coolheaded"],"picked":"Genetic Algorithm","floor":33},{"not_picked":["Biased Cognition","Core Surge"],"picked":"Rainbow","floor":35},{"not_picked":["Undo","Conserve Battery"],"picked":"Loop","floor":37},{"not_picked":["Auto Shields","Melter"],"picked":"Double Energy","floor":43},{"not_picked":["Reinforced Body+1","Ball Lightning"],"picked":"FTL","floor":51},{"not_picked":["Streamline+1","Barrage+1"],"picked":"Beam Cell","floor":52},{"not_picked":["Hologram+1","Rebound"],"picked":"Turbo+1","floor":57}],"player_experience":4217470,"relics_obtained":[{"floor":9,"key":"MawBank"},{"floor":12,"key":"Dream Catcher"},{"floor":18,"key":"Happy Flower"},{"floor":18,"key":"Pear"},{"floor":18,"key":"Turnip"},{"floor":20,"key":"Red Mask"},{"floor":25,"key":"Centennial Puzzle"},{"floor":27,"key":"Ancient Tea Set"},{"floor":33,"key":"Juzu Bracelet"},{"floor":57,"key":"Bottled Tornado"}],"event_choices":[{"damage_healed":0,"gold_gain":0,"player_choice":"Success","damage_taken":12,"relics_obtained":["Bag of Marbles"],"max_hp_gain":0,"max_hp_loss":0,"event_name":"Scrap Ooze","floor":2,"gold_loss":0},{"cards_removed":["BootSequence"],"damage_healed":13,"gold_gain":0,"player_choice":"Offered Uncommon","damage_taken":0,"max_hp_gain":0,"max_hp_loss":0,"event_name":"Bonfire Elementals","floor":3,"gold_loss":0},{"cards_removed":["Go for the Eyes"],"damage_healed":0,"gold_gain":0,"player_choice":"Card Removal","damage_taken":0,"max_hp_gain":0,"max_hp_loss":0,"event_name":"The Cleric","floor":5,"gold_loss":50},{"cards_removed":["Beam Cell"],"damage_healed":0,"gold_gain":0,"player_choice":"Forget","damage_taken":0,"max_hp_gain":0,"max_hp_loss":0,"event_name":"Living Wall","floor":7,"gold_loss":0},{"damage_healed":0,"gold_gain":0,"player_choice":"Fought Bandits","damage_taken":0,"max_hp_gain":0,"max_hp_loss":0,"event_name":"Masked Bandits","floor":20,"gold_loss":0},{"cards_removed":["Pain"],"damage_healed":0,"gold_gain":0,"player_choice":"Elegance","damage_taken":0,"max_hp_gain":0,"max_hp_loss":0,"event_name":"Back to Basics","floor":21,"gold_loss":0},{"damage_healed":0,"gold_gain":0,"player_choice":"Ignored","damage_taken":0,"max_hp_gain":0,"max_hp_loss":0,"event_name":"Ghosts","floor":29,"gold_loss":0},{"damage_healed":0,"gold_gain":0,"player_choice":"Memory 1","damage_taken":0,"max_hp_gain":0,"max_hp_loss":0,"event_name":"SensoryStone","floor":38,"gold_loss":0},{"cards_removed":["Parasite"],"damage_healed":0,"gold_gain":0,"player_choice":"Single Remove","damage_taken":0,"max_hp_gain":0,"max_hp_loss":0,"event_name":"Designer","floor":39,"gold_loss":60},{"damage_healed":0,"gold_gain":0,"player_choice":"Upgraded","damage_taken":0,"max_hp_gain":0,"max_hp_loss":0,"event_name":"Upgrade Shrine","floor":40,"gold_loss":0,"cards_upgraded":["Loop"]},{"damage_healed":0,"gold_gain":0,"player_choice":"1 cards matched","damage_taken":0,"max_hp_gain":0,"max_hp_loss":0,"event_name":"Match and Keep!","floor":48,"gold_loss":0,"cards_obtained":["Fission"]},{"damage_healed":0,"gold_gain":222,"player_choice":"Wore Mask","damage_taken":0,"max_hp_gain":0,"max_hp_loss":0,"event_name":"Tomb of Lord Red Mask","floor":50,"gold_loss":0}],"is_beta":false,"boss_relics":[{"not_picked":["Black Star","Fusion Hammer"],"picked":"Calling Bell"},{"not_picked":["Busted Crown","Nuclear Battery"],"picked":"Runic Dome"}],"items_purged_floors":[22,41],"is_endless":false,"potions_floor_spawned":[8,11,15,23,25,33,35,37,43],"killed_by":"The Heart","ascension_level":0}