{"gold_per_floor":[112,122,197,197,51,84,84,122,122,47,71,71,96,117,117,117],"floor_reached":16,"playtime":627,"items_purged":["Strike_R"],"score":169,"play_id":"092bf472-e71d-452d-a418-f383e8f09bab","local_time":"20190220135256","is_ascension_mode":true,"campfire_choices":[{"data":"Entrench","floor":7,"key":"SMITH"},{"data":"Body Slam","floor":12,"key":"SMITH"},{"data":"Bash","floor":15,"key":"SMITH"}],"neow_cost":"NONE","seed_source_timestamp":14320576476881,"circlet_count":0,"master_deck":["Strike_R","Strike_R","Strike_R","Strike_R","Defend_R","Defend_R","Defend_R","Defend_R","Bash+1","Shrug It Off","Entrench+1","Wild Strike","Body Slam+1","Shrug It Off"],"relics":["Burning Blood","NeowsBlessing","Golden Idol","Orichalcum","Darkstone Periapt","Calipers","Question Card"],"potions_floor_usage":[8,14],"damage_taken":[{"damage":0,"enemies":"Jaw Worm","floor":1,"turns":1},{"damage":0,"enemies":"2 Louse","floor":2,"turns":1},{"damage":0,"enemies":"Lagavulin","floor":6,"turns":1},{"damage":26,"enemies":"Gremlin Nob","floor":8,"turns":5},{"damage":6,"enemies":"Small Slimes","floor":11,"turns":3},{"damage":10,"enemies":"Blue Slaver","floor":13,"turns":4},{"damage":0,"enemies":"Gremlin Gang","floor":14,"turns":7},{"damage":45,"enemies":"Slime Boss","floor":16,"turns":9}],"seed_played":"-6955183215591180992","potions_obtained":[{"floor":6,"key":"BloodPotion"},{"floor":13,"key":"Block Potion"}],"is_trial":false,"path_per_floor":["M","M","?","?","$","E","R","E","T","$","M","R","M","M","R","B"],"character_chosen":"IRONCLAD","items_purchased":["Orichalcum"],"campfire_rested":0,"item_purchase_floors":[5],"current_hp_per_floor":[80,80,69,49,49,55,55,43,43,43,43,43,39,45,45,0],"gold":117,"neow_bonus":"THREE_ENEMY_KILL","is_prod":false,"is_daily":false,"chose_seed":false,"campfire_upgraded":3,"win_rate":0,"timestamp":1550638376,"path_taken":["M","M","?","?","$","E","R","E","T","$","M","R","M","M","R","BOSS"],"build_version":"2019-01-23","purchased_purges":1,"victory":false,"max_hp_per_floor":[80,80,80,80,80,80,80,80,80,80,80,80,80,80,80,80],"card_choices":[{"not_picked":["Uppercut","Pommel Strike"],"picked":"Shrug It Off","floor":1},{"not_picked":["Body Slam","Blood for Blood"],"picked":"Entrench","floor":2},{"not_picked":["Berserk","Twin Strike","Dual Wield"],"picked":"SKIP","floor":6},{"not_picked":["Clash","Combust"],"picked":"Wild Strike","floor":8},{"not_picked":["Sword Boomerang","Perfected Strike","Spot Weakness"],"picked":"Body Slam","floor":11},{"not_picked":["Anger","Wild Strike","Entrench","Blood for Blood"],"picked":"SKIP","floor":13},{"not_picked":["Cleave","Anger","Blood for Blood"],"picked":"Shrug It Off","floor":14}],"player_experience":153797,"relics_obtained":[{"floor":6,"key":"Darkstone Periapt"},{"floor":8,"key":"Calipers"},{"floor":9,"key":"Question Card"}],"event_choices":[{"damage_healed":0,"gold_gain":75,"player_choice":"Gather Gold","damage_taken":11,"max_hp_gain":0,"max_hp_loss":0,"event_name":"World of Goop","floor":3,"gold_loss":0},{"damage_healed":0,"gold_gain":0,"player_choice":"Take Damage","damage_taken":20,"relics_obtained":["Golden Idol"],"max_hp_gain":0,"max_hp_loss":0,"event_name":"Golden Idol","floor":4,"gold_loss":0}],"is_beta":false,"boss_relics":[],"items_purged_floors":[10],"is_endless":false,"potions_floor_spawned":[6,13],"killed_by":"Slime Boss","ascension_level":5}