{"gold_per_floor":[116,116,130,142,142,172,172,201,273,306,306,321,331,22,22,22],"floor_reached":16,"playtime":567,"items_purged":[],"score":210,"play_id":"66e24915-51bd-4a0e-b988-d8014f17e139","local_time":"20190202004421","is_ascension_mode":true,"campfire_choices":[{"floor":7,"key":"REST"},{"floor":11,"key":"REST"},{"data":"Recycle","floor":15,"key":"SMITH"}],"neow_cost":"TEN_PERCENT_HP_LOSS","seed_source_timestamp":193906839835600,"circlet_count":0,"master_deck":["AscendersBane","Strike_B","Strike_B","Strike_B","Defend_B","Defend_B","Defend_B","Defend_B","Zap","Dualcast","Trip+1","Impatience","Streamline","Conserve Battery+1","Ball Lightning","Hologram","Recycle+1","FTL","Heatsinks","Storm"],"relics":["Cracked Core","Girya","War Paint","Singing Bowl","Mummified Hand","Juzu Bracelet","Pantograph"],"potions_floor_usage":[10,12,16],"damage_taken":[{"damage":0,"enemies":"2 Louse","floor":1,"turns":3},{"damage":7,"enemies":"Jaw Worm","floor":3,"turns":2},{"damage":0,"enemies":"Cultist","floor":4,"turns":3},{"damage":22,"enemies":"Gremlin Nob","floor":6,"turns":4},{"damage":5,"enemies":"Lagavulin","floor":8,"turns":7},{"damage":26,"enemies":"Gremlin Nob","floor":10,"turns":5},{"damage":15,"enemies":"Lots of Slimes","floor":12,"turns":4},{"damage":9,"enemies":"2 Fungi Beasts","floor":13,"turns":3},{"damage":33,"enemies":"Hexaghost","floor":16,"turns":7}],"seed_played":"7384322156512991197","potions_obtained":[{"floor":6,"key":"FocusPotion"},{"floor":8,"key":"Energy Potion"},{"floor":10,"key":"FearPotion"}],"is_trial":false,"path_per_floor":["M","?","M","M","?","E","R","E","T","E","R","M","M","$","R","B"],"character_chosen":"DEFECT","items_purchased":["Pantograph","Storm"],"campfire_rested":2,"item_purchase_floors":[14,14],"current_hp_per_floor":[64,53,46,46,39,17,36,33,33,7,26,11,2,2,2,0],"gold":22,"neow_bonus":"RANDOM_COLORLESS_2","is_prod":false,"is_daily":false,"chose_seed":false,"campfire_upgraded":1,"win_rate":0,"timestamp":1549035861,"path_taken":["M","?","M","M","?","E","R","E","T","E","R","M","M","?","R","BOSS"],"build_version":"2019-01-23","purchased_purges":0,"victory":false,"max_hp_per_floor":[64,64,64,64,64,64,64,66,66,66,66,66,66,66,66,66],"card_choices":[{"not_picked":["Coolheaded","Storm"],"picked":"Streamline","floor":1},{"not_picked":["Steam","Rebound"],"picked":"Conserve Battery","floor":3},{"not_picked":["Rebound","Aggregate"],"picked":"Ball Lightning","floor":4},{"not_picked":["Beam Cell","Rebound"],"picked":"Hologram","floor":6},{"not_picked":["Go for the Eyes","Consume"],"picked":"Recycle","floor":10},{"not_picked":["Streamline","Skim"],"picked":"FTL","floor":12},{"not_picked":["Chaos","Capacitor"],"picked":"Heatsinks","floor":13}],"player_experience":4183657,"relics_obtained":[{"floor":6,"key":"War Paint"},{"floor":8,"key":"Singing Bowl"},{"floor":9,"key":"Mummified Hand"},{"floor":10,"key":"Juzu Bracelet"}],"event_choices":[{"damage_healed":0,"gold_gain":0,"player_choice":"Success","damage_taken":11,"relics_obtained":["Girya"],"max_hp_gain":0,"max_hp_loss":0,"event_name":"Scrap Ooze","floor":2,"gold_loss":0},{"cards_removed":["Strike_B"],"damage_healed":0,"gold_gain":0,"player_choice":"Card Removal","damage_taken":7,"max_hp_gain":0,"max_hp_loss":0,"event_name":"Golden Wing","floor":5,"gold_loss":0}],"is_beta":false,"boss_relics":[],"items_purged_floors":[],"is_endless":false,"potions_floor_spawned":[6,8,10],"killed_by":"Hexaghost","ascension_level":15}