{"gold_per_floor":[11,86,102,119,135,166,166,177,256,269,269,269],"floor_reached":12,"playtime":278,"items_purged":[],"score":164,"play_id":"f0293ce0-0ab3-4fa3-9b91-2a1e1937feff","local_time":"20190117014752","is_ascension_mode":true,"campfire_choices":[{"floor":7,"key":"REST"}],"neow_cost":"NO_GOLD","seed_source_timestamp":547427639871213,"circlet_count":0,"master_deck":["AscendersBane","Strike_B","Strike_B","Strike_B","Strike_B","Defend_B","Defend_B","Defend_B","Defend_B","Zap","Dualcast","Sweeping Beam","Leap","Streamline","Capacitor","Doom and Gloom","Reinforced Body+1","Steam+1"],"relics":["Cracked Core","Toxic Egg 2","Bottled Flame"],"potions_floor_usage":[6],"damage_taken":[{"damage":2,"enemies":"Jaw Worm","floor":1,"turns":3},{"damage":0,"enemies":"Small Slimes","floor":3,"turns":2},{"damage":0,"enemies":"2 Louse","floor":4,"turns":3},{"damage":7,"enemies":"Exordium Wildlife","floor":5,"turns":5},{"damage":27,"enemies":"Gremlin Nob","floor":6,"turns":4},{"damage":3,"enemies":"Looter","floor":8,"turns":4},{"damage":17,"enemies":"3 Louse","floor":10,"turns":2},{"damage":56,"enemies":"Gremlin Nob","floor":12,"turns":4}],"seed_played":"-1648142171573640220","potions_obtained":[{"floor":5,"key":"SneckoOil"},{"floor":6,"key":"Strength Potion"},{"floor":8,"key":"Energy Potion"}],"is_trial":false,"path_per_floor":["M","?","M","M","M","E","R","M","T","M","?","?"],"character_chosen":"DEFECT","items_purchased":[],"campfire_rested":1,"item_purchase_floors":[],"current_hp_per_floor":[76,65,65,65,58,31,56,53,53,36,36,0],"gold":269,"neow_bonus":"TWENTY_PERCENT_HP_BONUS","is_prod":false,"is_daily":false,"chose_seed":false,"campfire_upgraded":0,"win_rate":0,"timestamp":1547657272,"path_taken":["M","?","M","M","M","E","R","M","T","M","?","?"],"build_version":"2019-01-10","purchased_purges":0,"victory":false,"max_hp_per_floor":[85,85,85,85,85,85,85,85,85,85,85,85],"card_choices":[{"not_picked":["Beam Cell","Conserve Battery"],"picked":"Sweeping Beam","floor":1},{"not_picked":["Heatsinks","Force Field"],"picked":"Leap","floor":3},{"not_picked":["Recycle","Conserve Battery"],"picked":"Streamline","floor":4},{"not_picked":["Redo","Chaos"],"picked":"Capacitor","floor":5},{"not_picked":["Blizzard","Force Field"],"picked":"Doom and Gloom","floor":6},{"not_picked":["Lockon","Go for the Eyes"],"picked":"Reinforced Body+1","floor":8},{"not_picked":["Force Field+1","Go for the Eyes"],"picked":"Steam+1","floor":10}],"player_experience":4107652,"relics_obtained":[{"floor":6,"key":"Toxic Egg 2"},{"floor":9,"key":"Bottled Flame"}],"event_choices":[{"damage_healed":0,"gold_gain":75,"player_choice":"Gather Gold","damage_taken":11,"max_hp_gain":0,"max_hp_loss":0,"event_name":"World of Goop","floor":2,"gold_loss":0},{"damage_healed":0,"gold_gain":0,"player_choice":"Ignored","damage_taken":0,"max_hp_gain":0,"max_hp_loss":0,"event_name":"Liars Game","floor":11,"gold_loss":0},{"damage_healed":0,"gold_gain":0,"player_choice":"Searched \u00271\u0027 times","damage_taken":0,"max_hp_gain":0,"max_hp_loss":0,"event_name":"Dead Adventurer","floor":12,"gold_loss":0}],"is_beta":false,"boss_relics":[],"items_purged_floors":[],"is_endless":false,"potions_floor_spawned":[5,6,8],"killed_by":"Gremlin Nob","ascension_level":20}