{"gold_per_floor":[117,132,150,150,160,494,514,548,548,581,595,607,607,270,270,372,372,382,297,317,331,23,50,62,76,102,127,152,164,108,108,108,207,207,220,265,265,265,22,22,52,62,107,107,120,70,70,70,70,70],"floor_reached":51,"playtime":2634,"items_purged":["Strike_B","Strike_B","Defend_B","Defend_B"],"score":1012,"play_id":"e8e6fa31-c592-4c79-9a58-2b795cf53d0d","local_time":"20190111220630","is_ascension_mode":true,"campfire_choices":[{"floor":15,"key":"REST"},{"data":"Apotheosis","floor":32,"key":"SMITH"},{"data":"Strike_B","floor":40,"key":"PURGE"},{"data":"Strike_B","floor":47,"key":"PURGE"},{"data":"Doubt","floor":49,"key":"PURGE"}],"neow_cost":"NONE","seed_source_timestamp":96363739956735,"circlet_count":0,"master_deck":["Defend_B","Zap","Dualcast","Loop","Biased Cognition","BootSequence","Cold Snap","Coolheaded","Cold Snap","White Noise","Ball Lightning","Glacier","Apotheosis+1","Electrodynamics","Coolheaded","Seek","Sunder+1","Go for the Eyes+1","Blizzard","Ball Lightning","Defragment","Conserve Battery+1","Compile Driver","Seek+1","Auto Shields+1","Self Repair","Rainbow","Skim","Leap","Hologram","Chaos+1"],"special_seed":0,"relics":["Cracked Core","NeowsBlessing","Old Coin","Smiling Mask","Mercury Hourglass","Question Card","Sozu","Matryoshka","Runic Capacitor","Shuriken","MawBank","Centennial Puzzle","Fusion Hammer","Peace Pipe","Art of War","DataDisk","Bag of Preparation","Dream Catcher"],"potions_floor_usage":[10,16,24],"damage_taken":[{"damage":0.0,"enemies":"2 Louse","floor":1.0,"turns":1.0},{"damage":0.0,"enemies":"Cultist","floor":2.0,"turns":1.0},{"damage":0.0,"enemies":"Jaw Worm","floor":3.0,"turns":1.0},{"damage":21.0,"enemies":"Exordium Thugs","floor":5.0,"turns":4.0},{"damage":18.0,"enemies":"3 Sentries","floor":6.0,"turns":6.0},{"damage":1.0,"enemies":"Exordium Wildlife","floor":7.0,"turns":4.0},{"damage":17.0,"enemies":"Lagavulin","floor":8.0,"turns":7.0},{"damage":13,"enemies":"Gremlin Nob","floor":10,"turns":3},{"damage":0,"enemies":"2 Fungi Beasts","floor":11,"turns":3},{"damage":0,"enemies":"Red Slaver","floor":12,"turns":3},{"damage":6,"enemies":"Hexaghost","floor":16,"turns":6},{"damage":0,"enemies":"Chosen","floor":18,"turns":4},{"damage":0,"enemies":"3 Byrds","floor":20,"turns":2},{"damage":0,"enemies":"Centurion and Healer","floor":21,"turns":6},{"damage":20,"enemies":"Book of Stabbing","floor":23,"turns":6},{"damage":8,"enemies":"Snecko","floor":24,"turns":4},{"damage":14,"enemies":"Snake Plant","floor":25,"turns":4},{"damage":10,"enemies":"Centurion and Healer","floor":27,"turns":5},{"damage":4,"enemies":"Sentry and Sphere","floor":28,"turns":4},{"damage":30,"enemies":"Collector","floor":33,"turns":8},{"damage":3,"enemies":"3 Darklings","floor":35,"turns":2},{"damage":41,"enemies":"2 Orb Walkers","floor":36,"turns":4},{"damage":27,"enemies":"Nemesis","floor":41,"turns":5},{"damage":0,"enemies":"Orb Walker","floor":42,"turns":3},{"damage":0,"enemies":"Maw","floor":45,"turns":6},{"damage":38,"enemies":"Time Eater","floor":50,"turns":9}],"seed_played":"-2118627626450734492","potions_obtained":[{"floor":2.0,"key":"Strength Potion"},{"floor":3.0,"key":"Fruit Juice"},{"floor":7.0,"key":"Explosive Potion"},{"floor":10,"key":"AttackPotion"},{"floor":11,"key":"Energy Potion"}],"is_trial":false,"path_per_floor":["M","M","M","?","M","E","M","E","T","E","M","M","?","$","R","B",null,"M","?","M","M","$","E","M","M","T","M","M","?","$","?","R","B",null,"M","?","?","?","$","R","E","M","T","?","M","$","R","?","R","B",null],"character_chosen":"DEFECT","items_purchased":["Apotheosis","Electrodynamics","Coolheaded","Runic Capacitor","Ball Lightning","Self Repair","Hologram","Art of War"],"campfire_rested":1,"item_purchase_floors":[14,14,14,22,22,30,39,39],"current_hp_per_floor":[68,68,68,68,52,34,33,16,16,3,3,3,3,3,27,21,65,65,65,65,65,65,45,37,23,23,13,9,35,35,35,35,15,64,61,30,30,30,30,30,23,23,23,80,80,80,80,80,80,52],"gold":70,"neow_bonus":"THREE_ENEMY_KILL","is_prod":false,"is_daily":false,"chose_seed":false,"campfire_upgraded":1,"win_rate":0,"timestamp":1547262390,"path_taken":["M","M","M","?","M","E","M","E","T","E","?","M","?","$","R","BOSS","M","?","M","M","$","E","M","M","T","M","M","?","$","?","R","BOSS","M","?","?","?","$","R","E","?","T","?","M","$","R","?","R","BOSS"],"build_version":"2019-01-10","purchased_purges":4,"victory":true,"max_hp_per_floor":[75,75,75,75,80,80,80,80,80,80,80,80,80,80,80,80,80,80,80,80,80,80,80,80,80,80,80,80,80,80,80,80,80,80,80,80,80,80,80,80,80,80,80,80,80,80,80,80,80,80],"card_choices":[{"not_picked":["Sweeping Beam","Gash"],"picked":"Loop","floor":1.0},{"not_picked":["Go for the Eyes","Consume"],"picked":"Biased Cognition","floor":2.0},{"not_picked":["Undo","Rebound"],"picked":"BootSequence","floor":3.0},{"not_picked":["Gash","Double Energy"],"picked":"Cold Snap","floor":5.0},{"not_picked":["Hologram","Streamline"],"picked":"Coolheaded","floor":6.0},{"not_picked":["Beam Cell","Leap"],"picked":"Cold Snap","floor":7.0},{"not_picked":["Hyperbeam","Sweeping Beam"],"picked":"White Noise","floor":8.0},{"not_picked":["Reprogram","Multi-Cast","Steam"],"picked":"SKIP","floor":10},{"not_picked":["Streamline","Turbo","Stack"],"picked":"Ball Lightning","floor":11},{"not_picked":["Leap","Gash","Barrage"],"picked":"Glacier","floor":12},{"not_picked":["Core Surge","Creative AI","All For One"],"picked":"Seek","floor":16},{"not_picked":["Gash","Turbo","Steam"],"picked":"Sunder+1","floor":18},{"not_picked":["Sweeping Beam","Redo","Streamline"],"picked":"Go for the Eyes+1","floor":20},{"not_picked":["Steam+1","Turbo","Cold Snap"],"picked":"Blizzard","floor":21},{"not_picked":["Go for the Eyes","Redo","Capacitor"],"picked":"Defragment","floor":23},{"not_picked":["Streamline","Steam","Go for the Eyes+1"],"picked":"Conserve Battery+1","floor":24},{"not_picked":["Leap","Hologram","Reprogram"],"picked":"Compile Driver","floor":25},{"not_picked":["Melter+1","Leap+1","Fusion"],"picked":"Seek","floor":27},{"not_picked":["Beam Cell+1","Doom and Gloom","Stack+1"],"picked":"Auto Shields+1","floor":28},{"not_picked":["Hyperbeam","All For One","Fission"],"picked":"Rainbow","floor":33},{"not_picked":["Stack","Cold Snap","Conserve Battery+1"],"picked":"Skim","floor":35},{"not_picked":["Go for the Eyes+1","Storm","Redo+1"],"picked":"Leap","floor":36},{"not_picked":["Hologram","Redo+1","Self Repair","Recycle+1"],"picked":"SKIP","floor":41},{"not_picked":["Rebound+1","Streamline","Aggregate"],"picked":"Chaos+1","floor":42},{"not_picked":["Stack","Rebound","Conserve Battery","BootSequence+1"],"picked":"SKIP","floor":45}],"player_experience":353927,"relics_obtained":[{"floor":6.0,"key":"Old Coin"},{"floor":8.0,"key":"Smiling Mask"},{"floor":9.0,"key":"Mercury Hourglass"},{"floor":10,"key":"Question Card"},{"floor":23,"key":"Shuriken"},{"floor":26,"key":"MawBank"},{"floor":26,"key":"Centennial Puzzle"},{"floor":36,"key":"Peace Pipe"},{"floor":41,"key":"DataDisk"},{"floor":43,"key":"Bag of Preparation"},{"floor":43,"key":"Dream Catcher"}],"event_choices":[{"cards_removed":["Defend_B"],"damage_healed":0.0,"max_hp_gain":0.0,"max_hp_loss":0.0,"gold_gain":0.0,"event_name":"Purifier","player_choice":"Purged","floor":4.0,"gold_loss":0.0,"damage_taken":0.0},{"damage_healed":0,"gold_gain":0,"player_choice":"Fled","damage_taken":0,"max_hp_gain":0,"max_hp_loss":0,"event_name":"Scrap Ooze","floor":13,"gold_loss":0},{"damage_healed":0,"gold_gain":0,"player_choice":"Obtained Relic","damage_taken":0,"relics_obtained":["Matryoshka"],"max_hp_gain":0,"max_hp_loss":0,"event_name":"Addict","floor":19,"gold_loss":85},{"damage_healed":26,"gold_gain":0,"player_choice":"Heal","damage_taken":0,"max_hp_gain":0,"max_hp_loss":0,"event_name":"The Library","floor":29,"gold_loss":0},{"damage_healed":0,"gold_gain":0,"player_choice":"Got Potions","damage_taken":0,"max_hp_gain":0,"max_hp_loss":0,"event_name":"Lab","floor":31,"gold_loss":0},{"damage_healed":0,"gold_gain":0,"player_choice":"Fight","damage_taken":0,"max_hp_gain":0,"max_hp_loss":0,"event_name":"Mysterious Sphere","floor":36,"gold_loss":0},{"damage_healed":0,"gold_gain":0,"player_choice":"Ignored","damage_taken":0,"max_hp_gain":0,"max_hp_loss":0,"event_name":"The Moai Head","floor":37,"gold_loss":0},{"damage_healed":0,"gold_gain":0,"player_choice":"0 cards matched","damage_taken":0,"max_hp_gain":0,"max_hp_loss":0,"event_name":"Match and Keep!","floor":38,"gold_loss":0,"cards_obtained":[]},{"damage_healed":57,"gold_gain":0,"player_choice":"Heal","damage_taken":0,"max_hp_gain":0,"max_hp_loss":0,"event_name":"MindBloom","floor":44,"gold_loss":0,"cards_obtained":["Doubt"]},{"damage_healed":0,"gold_gain":0,"player_choice":"Upgraded","damage_taken":0,"max_hp_gain":0,"max_hp_loss":0,"event_name":"Upgrade Shrine","floor":48,"gold_loss":0,"cards_upgraded":["Seek"]}],"is_beta":false,"boss_relics":[{"not_picked":["Cursed Key","FrozenCore"],"picked":"Sozu"},{"not_picked":["Snecko Eye","Tiny House"],"picked":"Fusion Hammer"}],"items_purged_floors":[14,22,39,46],"is_endless":false,"potions_floor_spawned":[2,3,7,10,11,20,24,25,33,41,42],"ascension_level":8}