{"gold_per_floor":[116,116,132,132,152,152,178,198,225,225,238,249,249,265,265,363,363,380,380,450,469,6,6,0,16,16,16,16,33,33,53,53,150,150,164,182,282,282,282,282,282],"floor_reached":41,"playtime":2695,"items_purged":["Strike_B"],"score":432,"play_id":"a64003d7-aac0-47ca-b3a5-e9a7821a92b3","local_time":"20190126233847","is_ascension_mode":true,"campfire_choices":[{"floor":6,"key":"REST"},{"floor":13,"key":"REST"},{"data":"Static Discharge","floor":15,"key":"SMITH"},{"data":"Recycle","floor":23,"key":"SMITH"},{"data":"Defend_B","floor":27,"key":"SMITH"},{"data":"Static Discharge","floor":30,"key":"SMITH"},{"data":"Dualcast","floor":32,"key":"SMITH"},{"data":"Electrodynamics","floor":40,"key":"SMITH"}],"neow_cost":"PERCENT_DAMAGE","seed_source_timestamp":39428366451600,"circlet_count":0,"master_deck":["Strike_B+1","Strike_B+1","Strike_B+1","Defend_B+1","Defend_B+1","Defend_B+1","Defend_B+1","Zap+1","Dualcast+1","Rebound","Melter","Ball Lightning","Self Repair+1","Sunder","Static Discharge+1","Streamline","Loop","Seek","Coolheaded","Skim","Cold Snap","Darkness","Static Discharge+1","Ball Lightning","Recycle+1","Leap","Storm","Sweeping Beam+1","Electrodynamics+1","Turbo+1"],"relics":["Cracked Core","Emotion Chip","Centennial Puzzle","Pen Nib","Orrery","Molten Egg 2","Mango","Cables","Inserter","Du-Vu Doll"],"potions_floor_usage":[8,8,16,33,37],"damage_taken":[{"damage":4,"enemies":"Jaw Worm","floor":1,"turns":4},{"damage":7,"enemies":"2 Louse","floor":3,"turns":2},{"damage":6,"enemies":"Cultist","floor":5,"turns":3},{"damage":16,"enemies":"Lagavulin","floor":7,"turns":4},{"damage":12,"enemies":"Exordium Thugs","floor":8,"turns":4},{"damage":13,"enemies":"3 Louse","floor":11,"turns":2},{"damage":11,"enemies":"Blue Slaver","floor":12,"turns":3},{"damage":14,"enemies":"Exordium Wildlife","floor":14,"turns":4},{"damage":28,"enemies":"The Guardian","floor":16,"turns":8},{"damage":3,"enemies":"3 Byrds","floor":18,"turns":2},{"damage":6,"enemies":"Spheric Guardian","floor":21,"turns":3},{"damage":15,"enemies":"Cultist and Chosen","floor":25,"turns":4},{"damage":21,"enemies":"Snake Plant","floor":29,"turns":3},{"damage":22,"enemies":"Centurion and Healer","floor":31,"turns":4},{"damage":52,"enemies":"Automaton","floor":33,"turns":7},{"damage":3,"enemies":"3 Shapes","floor":35,"turns":2},{"damage":7,"enemies":"Orb Walker","floor":36,"turns":2},{"damage":35,"enemies":"Mind Bloom Boss Battle","floor":37,"turns":6},{"damage":56,"enemies":"Transient","floor":41,"turns":5}],"seed_played":"2432065781420576582","potions_obtained":[{"floor":5,"key":"Poison Potion"},{"floor":7,"key":"SpeedPotion"},{"floor":14,"key":"Poison Potion"},{"floor":25,"key":"Ancient Potion"},{"floor":31,"key":"EssenceOfSteel"}],"is_trial":false,"path_per_floor":["M","?","M","?","M","R","E","M","T","?","M","M","R","M","R","B",null,"M","?","T","M","$","R","?","M","T","R","?","M","R","M","R","B",null,"M","M","?","?","?","R","M"],"character_chosen":"DEFECT","items_purchased":["Mango","Leap","Storm"],"campfire_rested":2,"item_purchase_floors":[22,22,22],"current_hp_per_floor":[50,50,43,43,37,59,43,38,38,38,35,34,56,52,52,34,75,72,72,72,75,89,89,89,84,84,84,84,73,73,61,61,19,89,86,79,54,54,54,54,0],"gold":282,"neow_bonus":"ONE_RARE_RELIC","is_prod":false,"is_daily":false,"chose_seed":false,"campfire_upgraded":6,"win_rate":0,"timestamp":1548542327,"path_taken":["M","?","M","?","M","R","E","M","T","?","?","M","R","M","R","BOSS","M","?","?","M","$","R","?","M","T","R","?","M","R","?","R","BOSS","M","M","?","?","?","R","?"],"build_version":"2019-01-23","purchased_purges":1,"victory":false,"max_hp_per_floor":[75,75,75,75,75,75,75,75,75,75,75,75,75,75,75,75,75,75,75,75,75,89,89,89,89,89,89,89,89,89,89,89,89,89,89,89,89,85,85,85,85],"card_choices":[{"not_picked":["Steam","Aggregate"],"picked":"Rebound","floor":1},{"not_picked":["Compile Driver","Hologram"],"picked":"Melter","floor":3},{"not_picked":["Sweeping Beam","Hologram"],"picked":"Ball Lightning","floor":5},{"not_picked":["Rebound","Streamline"],"picked":"Self Repair","floor":7},{"not_picked":["Tempest","Compile Driver"],"picked":"Sunder","floor":8},{"not_picked":["Steam","Leap"],"picked":"Static Discharge","floor":11},{"not_picked":["Sunder","Compile Driver"],"picked":"Streamline","floor":12},{"not_picked":["Beam Cell","Doom and Gloom"],"picked":"Loop","floor":14},{"not_picked":["Buffer","Reboot"],"picked":"Seek","floor":16},{"not_picked":["Turbo","Gash"],"picked":"Coolheaded","floor":17},{"not_picked":["Redo","Loop"],"picked":"Skim","floor":17},{"not_picked":["Streamline","Rebound"],"picked":"Cold Snap","floor":17},{"not_picked":["BootSequence","Barrage"],"picked":"Darkness","floor":17},{"not_picked":["Rebound","Reboot"],"picked":"Static Discharge","floor":18},{"not_picked":["Compile Driver+1","Hologram"],"picked":"Recycle","floor":21},{"not_picked":["Compile Driver+1","Rip and Tear+1"],"picked":"Sweeping Beam+1","floor":25},{"not_picked":["Redo","Rebound+1","Steam Power+1"],"picked":"SKIP","floor":29},{"not_picked":["Compile Driver+1","Sweeping Beam+1","Skim"],"picked":"SKIP","floor":31},{"not_picked":["Hyperbeam+1","Echo Form"],"picked":"Electrodynamics","floor":33},{"not_picked":["Heatsinks+1","Ball Lightning+1"],"picked":"Turbo+1","floor":35},{"not_picked":["Sweeping Beam+1","Heatsinks","Biased Cognition"],"picked":"SKIP","floor":36}],"player_experience":288826,"relics_obtained":[{"floor":7,"key":"Centennial Puzzle"},{"floor":9,"key":"Pen Nib"},{"floor":20,"key":"Molten Egg 2"},{"floor":26,"key":"Cables"},{"floor":37,"key":"Du-Vu Doll"}],"event_choices":[{"damage_healed":0,"gold_gain":0,"player_choice":"Ignored","damage_taken":0,"max_hp_gain":0,"max_hp_loss":0,"event_name":"Liars Game","floor":2,"gold_loss":0},{"damage_healed":0,"gold_gain":0,"player_choice":"Grow","damage_taken":0,"max_hp_gain":0,"max_hp_loss":0,"event_name":"Living Wall","floor":4,"gold_loss":0,"cards_upgraded":["Zap"]},{"damage_healed":0,"gold_gain":0,"player_choice":"Forge","damage_taken":0,"max_hp_gain":0,"max_hp_loss":0,"event_name":"Accursed Blacksmith","floor":10,"gold_loss":0,"cards_upgraded":["Self Repair"]},{"damage_healed":0,"gold_gain":0,"player_choice":"Read","damage_taken":0,"max_hp_gain":0,"max_hp_loss":0,"event_name":"The Library","floor":19,"gold_loss":0,"cards_obtained":["Ball Lightning"]},{"damage_healed":0,"gold_gain":0,"player_choice":"Paid Fearfully","damage_taken":0,"max_hp_gain":0,"max_hp_loss":0,"event_name":"Masked Bandits","floor":24,"gold_loss":6},{"damage_healed":0,"gold_gain":0,"player_choice":"Simplicity","damage_taken":0,"max_hp_gain":0,"max_hp_loss":0,"event_name":"Back to Basics","floor":28,"gold_loss":0,"cards_upgraded":["Strike_B","Strike_B","Strike_B","Defend_B","Defend_B","Defend_B"]},{"damage_healed":0,"gold_gain":0,"player_choice":"Fight","damage_taken":0,"max_hp_gain":0,"max_hp_loss":0,"event_name":"MindBloom","floor":37,"gold_loss":0},{"damage_healed":0,"gold_gain":0,"player_choice":"Max HP","damage_taken":0,"max_hp_gain":0,"max_hp_loss":4,"event_name":"Winding Halls","floor":38,"gold_loss":0},{"damage_healed":0,"gold_gain":0,"player_choice":"Ignored","damage_taken":0,"max_hp_gain":0,"max_hp_loss":0,"event_name":"Mysterious Sphere","floor":39,"gold_loss":0}],"is_beta":false,"boss_relics":[{"not_picked":["Snecko Eye","Black Star"],"picked":"Orrery"},{"not_picked":["Runic Pyramid","White Beast Statue"],"picked":"Inserter"}],"items_purged_floors":[22],"is_endless":false,"potions_floor_spawned":[5,7,14,25,31],"killed_by":"Transient","ascension_level":2}