{"gold_per_floor":[113,131,147,147,4,64,76,151,177,194,211,211,232,232],"floor_reached":14,"playtime":493,"items_purged":["Strike_B"],"score":110,"play_id":"b31c104a-1ff4-4f7f-bbc2-a47dfdec66dc","local_time":"20190105165734","is_ascension_mode":true,"campfire_choices":[{"floor":12,"key":"REST"}],"neow_cost":"TEN_PERCENT_HP_LOSS","seed_source_timestamp":1279731338118802,"circlet_count":0,"master_deck":["Strike_B","Strike_B","Strike_B","Defend_B","Defend_B+1","Defend_B","Defend_B","Zap","Dualcast","Cold Snap","Defragment","Sunder+1","Loop","Leap","Doom and Gloom","Capacitor","Streamline","Compile Driver"],"special_seed":0,"relics":["Cracked Core","Emotion Chip","Tiny Chest","Odd Mushroom"],"potions_floor_usage":[6,13],"damage_taken":[{"damage":7.0,"enemies":"Jaw Worm","floor":1.0,"turns":2.0},{"damage":8,"enemies":"Small Slimes","floor":2,"turns":3},{"damage":0,"enemies":"2 Louse","floor":3,"turns":2},{"damage":13,"enemies":"Gremlin Nob","floor":6,"turns":4},{"damage":0,"enemies":"Gremlin Gang","floor":7,"turns":5},{"damage":5,"enemies":"Exordium Wildlife","floor":10,"turns":4},{"damage":6,"enemies":"3 Louse","floor":11,"turns":3},{"damage":14,"enemies":"The Mushroom Lair","floor":13,"turns":3},{"damage":5,"enemies":"3 Sentries","floor":14,"turns":2}],"seed_played":"4026958395016811569","potions_obtained":[{"floor":2,"key":"PowerPotion"},{"floor":11,"key":"AttackPotion"}],"is_trial":false,"path_per_floor":["M","M","M","?","$","E","M","?","T","M","M","R","?","E"],"character_chosen":"DEFECT","items_purchased":["Loop"],"campfire_rested":1,"item_purchase_floors":[5],"current_hp_per_floor":[61,53,53,39,39,26,26,15,15,10,4,24,10,5],"gold":232,"neow_bonus":"ONE_RARE_RELIC","is_prod":false,"is_daily":false,"chose_seed":false,"campfire_upgraded":0,"win_rate":0,"timestamp":1546725454,"path_taken":["M","M","M","?","$","E","M","?","T","M","M","R","?","E"],"build_version":"2019-01-03v4","purchased_purges":1,"victory":false,"max_hp_per_floor":[68,68,68,68,68,68,68,68,68,68,68,68,68,68],"card_choices":[{"not_picked":["Gash","Undo"],"picked":"Cold Snap","floor":1},{"not_picked":["Static Discharge","Blizzard"],"picked":"Defragment","floor":2},{"not_picked":["Melter","Force Field"],"picked":"Sunder","floor":3},{"not_picked":["Barrage","Steam"],"picked":"Leap","floor":6},{"not_picked":["Chaos","Leap"],"picked":"Doom and Gloom","floor":7},{"not_picked":["Coolheaded","Recycle"],"picked":"Capacitor","floor":10},{"not_picked":["Heatsinks","Skim"],"picked":"Streamline","floor":11},{"not_picked":["Turbo","Rebound"],"picked":"Compile Driver","floor":13}],"player_experience":279561,"relics_obtained":[{"floor":6,"key":"Tiny Chest"},{"floor":13,"key":"Odd Mushroom"}],"event_choices":[{"damage_healed":0,"gold_gain":0,"player_choice":"Entered Light","damage_taken":14,"max_hp_gain":0,"max_hp_loss":0,"event_name":"Shining Light","floor":4,"gold_loss":0,"cards_upgraded":["Sunder","Defend_B"]},{"damage_healed":0,"gold_gain":75,"player_choice":"Gather Gold","damage_taken":11,"max_hp_gain":0,"max_hp_loss":0,"event_name":"World of Goop","floor":8,"gold_loss":0},{"damage_healed":0,"gold_gain":0,"player_choice":"Fought Mushrooms","damage_taken":0,"max_hp_gain":0,"max_hp_loss":0,"event_name":"Mushrooms","floor":13,"gold_loss":0}],"is_beta":false,"boss_relics":[],"items_purged_floors":[5],"is_endless":false,"potions_floor_spawned":[2,11],"killed_by":"3 Sentries","ascension_level":4}