{"gold_per_floor":[113,132,147,161,180,211,211,211,237,256,274,288,288,303,303,400,400,416,516,287,300,111,140,140,140,140,153,0,0,17,17,17,119,119,133,144,0,20,20],"floor_reached":39,"playtime":3532,"items_purged":[],"score":432,"play_id":"e1d592ed-e442-4b0b-b3a5-e6e23dec7ba8","local_time":"20190122210042","is_ascension_mode":false,"campfire_choices":[{"data":"Rainbow","floor":8.0,"key":"SMITH"},{"floor":13.0,"key":"REST"},{"floor":15.0,"key":"REST"},{"floor":24,"key":"REST"},{"data":"Apotheosis","floor":32,"key":"SMITH"}],"neow_cost":"NONE","seed_source_timestamp":0,"circlet_count":0,"master_deck":["Defend_B","Defend_B","Defend_B","Zap","Dualcast","Coolheaded","Cold Snap","Heatsinks","Rebound","Fusion","Rainbow+1","Conserve Battery","Compile Driver","Redo","Self Repair","Machine Learning","Leap","Capacitor","Streamline+1","Apotheosis+1","Doom and Gloom","Loop","Bite","Bite","Bite","Bite","Bite","Electrodynamics","Aggregate+1","Stack+1"],"special_seed":0,"relics":["Cracked Core","Ancient Tea Set","Whetstone","Eternal Feather","Mango","Pantograph","Lee\u0027s Waffle","Anchor","MutagenicStrength","Mercury Hourglass","Red Mask"],"potions_floor_usage":[35,38,38],"damage_taken":[{"damage":1.0,"enemies":"Cultist","floor":1.0,"turns":3.0},{"damage":3.0,"enemies":"Small Slimes","floor":2.0,"turns":4.0},{"damage":3.0,"enemies":"2 Louse","floor":3.0,"turns":2.0},{"damage":9.0,"enemies":"Looter","floor":4.0,"turns":3.0},{"damage":4.0,"enemies":"2 Fungi Beasts","floor":5.0,"turns":3.0},{"damage":20.0,"enemies":"3 Sentries","floor":6.0,"turns":6.0},{"damage":14.0,"enemies":"Exordium Wildlife","floor":10.0,"turns":4.0},{"damage":4.0,"enemies":"3 Louse","floor":11.0,"turns":3.0},{"damage":5.0,"enemies":"2 Fungi Beasts","floor":12.0,"turns":3.0},{"damage":0.0,"enemies":"Exordium Wildlife","floor":14.0,"turns":4.0},{"damage":27.0,"enemies":"The Guardian","floor":16.0,"turns":11.0},{"damage":21.0,"enemies":"Spheric Guardian","floor":18.0,"turns":5.0},{"damage":50.0,"enemies":"Colosseum Slavers","floor":19.0,"turns":7.0},{"damage":20.0,"enemies":"Colosseum Nobs","floor":19.0,"turns":7.0},{"damage":6.0,"enemies":"Chosen","floor":21.0,"turns":6.0},{"damage":72,"enemies":"Gremlin Leader","floor":23,"turns":7},{"damage":6,"enemies":"Snake Plant","floor":27,"turns":3},{"damage":18,"enemies":"Cultist and Chosen","floor":30,"turns":6},{"damage":57,"enemies":"Automaton","floor":33,"turns":10},{"damage":17,"enemies":"3 Darklings","floor":35,"turns":3},{"damage":32,"enemies":"Orb Walker","floor":36,"turns":4},{"damage":25,"enemies":"Jaw Worm Horde","floor":38,"turns":4},{"damage":18,"enemies":"3 Darklings","floor":39,"turns":2}],"seed_played":"-9043347974326549065","potions_obtained":[{"floor":1.0,"key":"AttackPotion"},{"floor":4.0,"key":"Block Potion"},{"floor":10.0,"key":"SkillPotion"},{"floor":12.0,"key":"Fire Potion"},{"floor":14.0,"key":"SkillPotion"},{"floor":18.0,"key":"Fire Potion"},{"floor":19.0,"key":"Energy Potion"},{"floor":33,"key":"LiquidBronze"},{"floor":35,"key":"Explosive Potion"},{"floor":36,"key":"Strength Potion"}],"is_trial":false,"path_per_floor":["M","M","M","M","M","E","?","R","T","M","M","M","R","M","R","B",null,"M","?","$","M","$","E","R","?","T","M","?","?","M","?","R","B",null,"M","M","?","M","M"],"character_chosen":"DEFECT","items_purchased":["Lee\u0027s Waffle","Capacitor","Apotheosis"],"campfire_rested":3,"item_purchase_floors":[20,20,22],"current_hp_per_floor":[81,78,75,66,62,42,35,35,35,21,17,12,36,36,60,40,82,68,26,103,103,103,41,86,86,86,80,80,72,67,54,69,51,77,60,33,33,12,0],"gold":20,"neow_bonus":"TEN_PERCENT_HP_BONUS","is_prod":false,"is_daily":false,"chose_seed":false,"campfire_upgraded":2,"win_rate":0,"timestamp":1548187242,"path_taken":["M","M","?","M","M","E","?","R","T","M","M","M","R","M","R","BOSS","M","?","$","M","$","E","R","?","T","M","?","?","M","?","R","BOSS","M","M","?","M","M"],"build_version":"2019-01-17v2","purchased_purges":0,"victory":false,"max_hp_per_floor":[82,82,82,82,82,82,82,82,82,82,82,82,82,82,82,82,82,82,96,103,103,103,103,103,103,103,103,103,72,72,77,77,77,77,77,77,77,77,77],"card_choices":[{"not_picked":["Blizzard","Turbo"],"picked":"Coolheaded","floor":1.0},{"not_picked":["Reprogram","Steam"],"picked":"Cold Snap","floor":2.0},{"not_picked":["Compile Driver","Loop"],"picked":"Heatsinks","floor":3.0},{"not_picked":["Leap","Defragment"],"picked":"Rebound","floor":4.0},{"not_picked":["Leap","Compile Driver"],"picked":"Fusion","floor":5.0},{"not_picked":["Streamline","Sunder"],"picked":"Rainbow","floor":6.0},{"not_picked":["Force Field","Rip and Tear"],"picked":"Conserve Battery","floor":10.0},{"not_picked":["Lockon","Stack"],"picked":"Compile Driver","floor":11.0},{"not_picked":["Go for the Eyes","Loop"],"picked":"Redo","floor":12.0},{"not_picked":["Storm","Double Energy"],"picked":"Self Repair","floor":14.0},{"not_picked":["Thunder Strike","All For One"],"picked":"Machine Learning","floor":16.0},{"not_picked":["Stack","Hologram","Sweeping Beam"],"picked":"SKIP","floor":18.0},{"not_picked":["Steam","Stack"],"picked":"Leap","floor":19.0},{"not_picked":["Reprogram","Turbo"],"picked":"Streamline+1","floor":21.0},{"not_picked":["Coolheaded+1","Fission"],"picked":"Doom and Gloom","floor":23},{"not_picked":["Recycle","BootSequence"],"picked":"Loop","floor":27},{"not_picked":["Coolheaded+1","Gash","Ball Lightning"],"picked":"SKIP","floor":30},{"not_picked":["Buffer","Meteor Strike"],"picked":"Electrodynamics","floor":33},{"not_picked":["Hologram","FTL","Go for the Eyes+1"],"picked":"SKIP","floor":35},{"not_picked":["Gash","Rebound"],"picked":"Aggregate+1","floor":36},{"not_picked":["Hologram","Redo"],"picked":"Stack+1","floor":38}],"player_experience":245606,"relics_obtained":[{"floor":6.0,"key":"Ancient Tea Set"},{"floor":9.0,"key":"Whetstone"},{"floor":19.0,"key":"Mango"},{"floor":19.0,"key":"Pantograph"},{"floor":23,"key":"Anchor"},{"floor":26,"key":"Mercury Hourglass"}],"event_choices":[{"cards_removed":["Defend_B"],"damage_healed":0.0,"max_hp_gain":0.0,"max_hp_loss":0.0,"gold_gain":0.0,"event_name":"Golden Wing","player_choice":"Card Removal","floor":7.0,"gold_loss":0.0,"damage_taken":7.0},{"damage_healed":0.0,"max_hp_gain":0.0,"max_hp_loss":0.0,"gold_gain":0.0,"event_name":"Colosseum","player_choice":"Fight","floor":19.0,"gold_loss":0.0,"damage_taken":0.0},{"damage_healed":0.0,"max_hp_gain":0.0,"max_hp_loss":0.0,"gold_gain":0.0,"event_name":"Colosseum","player_choice":"Fought Nobs","floor":19.0,"gold_loss":0.0,"damage_taken":0.0},{"damage_healed":0,"gold_gain":0,"player_choice":"Inject Mutagens","damage_taken":0,"relics_obtained":["MutagenicStrength"],"max_hp_gain":0,"max_hp_loss":0,"event_name":"Drug Dealer","floor":25,"gold_loss":0},{"damage_healed":0,"gold_gain":0,"player_choice":"Paid Fearfully","damage_taken":0,"max_hp_gain":0,"max_hp_loss":0,"event_name":"Masked Bandits","floor":28,"gold_loss":153},{"damage_healed":0,"gold_gain":0,"player_choice":"Became a vampire","damage_taken":0,"max_hp_gain":0,"max_hp_loss":31,"event_name":"Vampires","floor":29,"gold_loss":0,"cards_obtained":["Bite","Bite","Bite","Bite","Bite"]},{"damage_healed":0,"gold_gain":0,"player_choice":"Shed Blood","damage_taken":18,"max_hp_gain":5,"max_hp_loss":0,"event_name":"Forgotten Altar","floor":31,"gold_loss":0},{"damage_healed":0,"gold_gain":0,"player_choice":"Paid","damage_taken":0,"relics_obtained":["Red Mask"],"max_hp_gain":0,"max_hp_loss":0,"event_name":"Tomb of Lord Red Mask","floor":37,"gold_loss":144}],"is_beta":false,"boss_relics":[{"not_picked":["Coffee Dripper","FrozenCore"],"picked":"Eternal Feather"},{"not_picked":["Pandora\u0027s Box","Cursed Key","Black Star"]}],"items_purged_floors":[],"is_endless":false,"potions_floor_spawned":[1,4,10,12,14,18,19,33,35,36],"killed_by":"3 Darklings","ascension_level":0}