{"gold_per_floor":[118,131,144,144,156,156,189,202,202,217,217,249,249,265,265,342,342,354,354,354,364,364],"floor_reached":22,"playtime":897,"items_purged":[],"score":396,"play_id":"a4c082c8-32e9-4bbe-bf6f-97ed558515fc","local_time":"20190314002915","is_ascension_mode":true,"campfire_choices":[{"data":"Beam Cell","floor":6,"key":"SMITH"},{"floor":11,"key":"REST"},{"data":"White Noise","floor":13,"key":"SMITH"},{"data":"Zap","floor":15,"key":"SMITH"}],"neow_cost":"NONE","seed_source_timestamp":1914804446000,"circlet_count":0,"master_deck":["AscendersBane","Zap+1","Dualcast","Beam Cell+1","Conserve Battery","Core Surge","Barrage","Cold Snap","Chill","Streamline","White Noise+1","Hologram","Biased Cognition","Heatsinks","Thunder Strike","Steam","Consume","Consume","Undo","Undo","Heatsinks","Self Repair","Turbo","Turbo"],"relics":["Cracked Core","Art of War","Bag of Preparation","Oddly Smooth Stone","Pandora\u0027s Box"],"potions_floor_usage":[12,12,16,22,22],"damage_taken":[{"damage":12,"enemies":"Small Slimes","floor":1,"turns":4},{"damage":1,"enemies":"2 Louse","floor":2,"turns":4},{"damage":0,"enemies":"Jaw Worm","floor":3,"turns":4},{"damage":10,"enemies":"Lots of Slimes","floor":5,"turns":4},{"damage":34,"enemies":"Lagavulin","floor":7,"turns":8},{"damage":9,"enemies":"Blue Slaver","floor":8,"turns":3},{"damage":1,"enemies":"3 Louse","floor":10,"turns":3},{"damage":5,"enemies":"3 Sentries","floor":12,"turns":6},{"damage":6,"enemies":"Large Slime","floor":14,"turns":5},{"damage":33,"enemies":"Slime Boss","floor":16,"turns":12},{"damage":0,"enemies":"3 Byrds","floor":18,"turns":5},{"damage":4,"enemies":"Shell Parasite","floor":21,"turns":5},{"damage":28,"enemies":"Colosseum Slavers","floor":22,"turns":4},{"damage":18,"enemies":"Colosseum Nobs","floor":22,"turns":4}],"seed_played":"5559007946485144097","potions_obtained":[{"floor":8,"key":"Explosive Potion"},{"floor":10,"key":"Energy Potion"},{"floor":12,"key":"Weak Potion"},{"floor":14,"key":"FairyPotion"},{"floor":16,"key":"Poison Potion"},{"floor":18,"key":"AttackPotion"}],"is_trial":false,"path_per_floor":["M","M","M","?","M","R","E","M","T","M","R","E","R","M","R","B",null,"M","?","?","M","?"],"character_chosen":"DEFECT","items_purchased":[],"campfire_rested":1,"item_purchase_floors":[],"current_hp_per_floor":[59,58,58,78,68,68,34,25,25,24,47,42,42,36,36,3,59,59,59,59,62,16],"gold":364,"neow_bonus":"TEN_PERCENT_HP_BONUS","is_prod":false,"is_daily":false,"chose_seed":false,"campfire_upgraded":3,"win_rate":0,"timestamp":1552490955,"path_taken":["M","M","M","?","M","R","E","M","T","M","R","E","R","M","R","BOSS","M","?","?","M","?"],"build_version":"2019-01-23","purchased_purges":0,"victory":false,"max_hp_per_floor":[78,78,78,78,78,78,78,78,78,78,78,78,78,78,78,78,78,78,78,78,78,78],"card_choices":[{"not_picked":["Go for the Eyes","Stack"],"picked":"Beam Cell","floor":1},{"not_picked":["Redo","Steam"],"picked":"Conserve Battery","floor":2},{"not_picked":["Turbo","Hologram"],"picked":"Core Surge","floor":3},{"not_picked":["Go for the Eyes","Compile Driver"],"picked":"Barrage","floor":5},{"not_picked":["Coolheaded","Barrage"],"picked":"Cold Snap","floor":7},{"not_picked":["Beam Cell","Go for the Eyes"],"picked":"Chill","floor":8},{"not_picked":["Turbo","Chaos"],"picked":"Streamline","floor":10},{"not_picked":["Stack","Thunder Strike"],"picked":"White Noise","floor":12},{"not_picked":["White Noise","Redo"],"picked":"Hologram","floor":14},{"not_picked":["Fission","Machine Learning"],"picked":"Biased Cognition","floor":16},{"not_picked":["Sweeping Beam","Redo"],"picked":"Self Repair","floor":18},{"not_picked":["Cold Snap","Stack"],"picked":"Turbo","floor":21}],"player_experience":4533428,"relics_obtained":[{"floor":7,"key":"Art of War"},{"floor":9,"key":"Bag of Preparation"},{"floor":12,"key":"Oddly Smooth Stone"}],"event_choices":[{"damage_healed":26,"gold_gain":0,"player_choice":"Banana","damage_taken":0,"max_hp_gain":0,"max_hp_loss":0,"event_name":"Big Fish","floor":4,"gold_loss":0},{"damage_healed":0,"gold_gain":0,"player_choice":"Ignored","damage_taken":0,"max_hp_gain":0,"max_hp_loss":0,"event_name":"Ghosts","floor":19,"gold_loss":0},{"damage_healed":0,"gold_gain":0,"player_choice":"Read","damage_taken":0,"max_hp_gain":0,"max_hp_loss":0,"event_name":"The Library","floor":20,"gold_loss":0,"cards_obtained":["Turbo"]},{"damage_healed":0,"gold_gain":0,"player_choice":"Fight","damage_taken":0,"max_hp_gain":0,"max_hp_loss":0,"event_name":"Colosseum","floor":22,"gold_loss":0},{"damage_healed":0,"gold_gain":0,"player_choice":"Fought Nobs","damage_taken":0,"max_hp_gain":0,"max_hp_loss":0,"event_name":"Colosseum","floor":22,"gold_loss":0}],"is_beta":false,"boss_relics":[{"not_picked":["Eternal Feather","Ectoplasm"],"picked":"Pandora\u0027s Box"}],"items_purged_floors":[],"is_endless":false,"potions_floor_spawned":[8,10,12,14,16,18,21],"killed_by":"Colosseum Nobs","ascension_level":20}