{"gold_per_floor":[14,26,46,63,81,81,6,31,31,45,45,45],"floor_reached":12,"playtime":326,"items_purged":["Strike_G"],"score":164,"play_id":"2d408c0e-6270-4d36-9f1a-d31111ef0791","local_time":"20190305013513","is_ascension_mode":true,"campfire_choices":[{"data":"Bouncing Flask","floor":6,"key":"SMITH"},{"data":"All Out Attack","floor":11,"key":"SMITH"}],"neow_cost":"NO_GOLD","seed_source_timestamp":1596266458973800,"circlet_count":0,"master_deck":["AscendersBane","Defend_G","Defend_G","Defend_G","Defend_G","Defend_G","Strike_G","Strike_G","Strike_G","Strike_G","Survivor","Neutralize","Adrenaline","Bouncing Flask+1","Poisoned Stab","Dagger Spray","Backflip","Deadly Poison","Noxious Fumes","All Out Attack+1"],"relics":["Ring of the Snake","Juzu Bracelet","Gremlin Horn"],"potions_floor_usage":[4,5],"damage_taken":[{"damage":1,"enemies":"2 Louse","floor":1,"turns":3},{"damage":4,"enemies":"Cultist","floor":2,"turns":4},{"damage":7,"enemies":"Jaw Worm","floor":3,"turns":3},{"damage":0,"enemies":"2 Fungi Beasts","floor":4,"turns":3},{"damage":0,"enemies":"3 Louse","floor":5,"turns":2},{"damage":15,"enemies":"Lagavulin","floor":8,"turns":7},{"damage":5,"enemies":"Blue Slaver","floor":10,"turns":3},{"damage":41,"enemies":"Gremlin Nob","floor":12,"turns":3}],"seed_played":"-1684951110839718222","potions_obtained":[{"floor":1,"key":"Regen Potion"},{"floor":2,"key":"Fire Potion"}],"is_trial":false,"path_per_floor":["M","M","M","M","M","R","$","E","T","M","R","E"],"character_chosen":"THE_SILENT","items_purchased":[],"campfire_rested":0,"item_purchase_floors":[],"current_hp_per_floor":[58,54,47,59,59,59,59,44,44,39,39,0],"gold":45,"neow_bonus":"THREE_RARE_CARDS","is_prod":false,"is_daily":false,"chose_seed":false,"campfire_upgraded":2,"win_rate":0,"timestamp":1551717313,"path_taken":["M","M","M","M","M","R","$","E","T","M","R","E"],"build_version":"2019-01-23","purchased_purges":1,"victory":false,"max_hp_per_floor":[66,66,66,66,66,66,66,66,66,66,66,66],"card_choices":[{"not_picked":["A Thousand Cuts","Burst"],"picked":"Adrenaline","floor":0},{"not_picked":["Dodge and Roll","Poisoned Stab"],"picked":"Bouncing Flask","floor":1},{"not_picked":["Endless Agony","Outmaneuver"],"picked":"Poisoned Stab","floor":2},{"not_picked":["Backflip","Deflect"],"picked":"Dagger Spray","floor":3},{"not_picked":["All Out Attack","Masterful Stab"],"picked":"Backflip","floor":4},{"not_picked":["Cloak And Dagger","Blur"],"picked":"Deadly Poison","floor":5},{"not_picked":["Dagger Spray","Terror"],"picked":"Noxious Fumes","floor":8},{"not_picked":["Masterful Stab","Escape Plan"],"picked":"All Out Attack","floor":10}],"player_experience":4469208,"relics_obtained":[{"floor":8,"key":"Juzu Bracelet"},{"floor":9,"key":"Gremlin Horn"}],"event_choices":[],"is_beta":false,"boss_relics":[],"items_purged_floors":[7],"is_endless":false,"potions_floor_spawned":[1,2,3],"killed_by":"Gremlin Nob","ascension_level":20}