{"gold_per_floor":[109,117,129,142,142,167,167,12,12,33,33,50,67,89,89,89],"floor_reached":16,"playtime":320,"items_purged":[],"score":275,"play_id":"56d9e00a-5226-4bf7-aa02-888e57a8077a","local_time":"20190130003629","is_ascension_mode":true,"campfire_choices":[{"floor":7,"key":"REST"},{"floor":11,"key":"REST"},{"data":"Bash","floor":15,"key":"SMITH"}],"neow_cost":"","seed_source_timestamp":0,"circlet_count":0,"master_deck":["AscendersBane","Strike_R","Strike_R","Strike_R","Strike_R","Strike_R","Defend_R","Defend_R","Defend_R","Defend_R","Bash+1","Pummel","Pommel Strike","Anger","Perfected Strike+1","Pain","Second Wind","Bludgeon","True Grit","Pummel+1","Seeing Red","Blood for Blood"],"relics":["Burning Blood","AscMod:CursedFlame","AscMod:MegaStarOfAscension","AscMod:CursedBank","WarpedTongs","PreservedInsect","Darkstone Periapt","Pear","Whetstone"],"potions_floor_usage":[6,10,14,16],"damage_taken":[{"damage":9,"enemies":"Jaw Worm","floor":1,"turns":5},{"damage":6,"enemies":"Cultist","floor":2,"turns":3},{"damage":7,"enemies":"Small Slimes","floor":3,"turns":4},{"damage":14,"enemies":"Red Slaver","floor":4,"turns":2},{"damage":26,"enemies":"3 Sentries","floor":6,"turns":6},{"damage":21,"enemies":"Lagavulin","floor":10,"turns":3},{"damage":14,"enemies":"Lots of Slimes","floor":12,"turns":5},{"damage":11,"enemies":"3 Louse","floor":13,"turns":6},{"damage":19,"enemies":"3 Sentries","floor":14,"turns":9},{"damage":34,"enemies":"Slime Boss","floor":16,"turns":6}],"seed_played":"-7873131760306764584","potions_obtained":[{"floor":1,"key":"SteroidPotion"},{"floor":2,"key":"Fire Potion"},{"floor":10,"key":"Regen Potion"},{"floor":12,"key":"BloodPotion"}],"is_trial":true,"path_per_floor":["M","M","M","M","?","E","R","$","T","E","R","M","M","E","R","B"],"character_chosen":"IRONCLAD","items_purchased":["Bludgeon"],"campfire_rested":2,"item_purchase_floors":[8],"current_hp_per_floor":[64,63,61,52,52,31,49,49,49,41,61,52,46,38,38,16],"gold":89,"neow_bonus":"","is_prod":false,"is_daily":false,"chose_seed":false,"campfire_upgraded":1,"win_rate":0,"timestamp":1548776189,"path_taken":["M","M","M","M","?","E","R","?","T","E","R","M","?","E","R","BOSS"],"build_version":"2019-01-23","purchased_purges":0,"victory":false,"max_hp_per_floor":[75,75,75,75,75,75,75,75,75,85,85,85,85,85,85,85],"card_choices":[{"not_picked":["Second Wind","Flex"],"picked":"Pummel","floor":1},{"not_picked":["Bloodletting","Fire Breathing"],"picked":"Pommel Strike","floor":2},{"not_picked":["Searing Blow","Sword Boomerang"],"picked":"Anger","floor":3},{"not_picked":["Dark Embrace","Second Wind"],"picked":"Perfected Strike","floor":4},{"not_picked":["Heavy Blade","Armaments"],"picked":"Second Wind","floor":6},{"not_picked":["Corruption","Armaments"],"picked":"True Grit","floor":10},{"not_picked":["Pommel Strike","Infernal Blade"],"picked":"Pummel","floor":12},{"not_picked":["Clash","Anger"],"picked":"Seeing Red","floor":13},{"not_picked":["True Grit","Cleave"],"picked":"Blood for Blood","floor":14}],"player_experience":4164217,"relics_obtained":[{"floor":6,"key":"PreservedInsect"},{"floor":9,"key":"Darkstone Periapt"},{"floor":10,"key":"Pear"},{"floor":14,"key":"Whetstone"}],"event_choices":[{"damage_healed":0,"gold_gain":0,"player_choice":"Rummage","damage_taken":0,"relics_obtained":["WarpedTongs"],"max_hp_gain":0,"max_hp_loss":0,"event_name":"Accursed Blacksmith","floor":5,"gold_loss":0,"cards_obtained":["Pain"]}],"is_beta":false,"boss_relics":[],"items_purged_floors":[],"is_endless":false,"potions_floor_spawned":[1,2,10,12,13],"killed_by":"Slime Boss","ascension_level":25}