{"gold_per_floor":[113,113,12,12,26,26,54,74,98,110,122,169,194,221,233,318,380,365,377,389,415,461,473,485],"floor_reached":24,"playtime":744,"items_purged":["Strike_G"],"score":408,"play_id":"794ec22c-9071-4786-ad25-a595ed04743d","local_time":"20190305012845","is_ascension_mode":true,"campfire_choices":[{"data":"Deadly Poison","floor":6,"key":"SMITH"},{"floor":11,"key":"REST"},{"data":"Concentrate","floor":15,"key":"SMITH"},{"data":"Expertise","floor":23,"key":"SMITH"}],"neow_cost":"NONE","seed_source_timestamp":1595460090291500,"circlet_count":0,"master_deck":["AscendersBane","Defend_G","Defend_G","Defend_G","Strike_G","Strike_G","Strike_G","Survivor","Neutralize","Underhanded Strike+1","Dagger Throw","Deadly Poison+1","Expertise+1","Concentrate+1","Leg Sweep+1","Caltrops","Venomology+1","PiercingWail+1","Backflip+1","Ghostly+1","Ghostly+1","Ghostly+1","Catalyst+1","Reflex+1"],"relics":["Ring of the Snake","Boot","Oddly Smooth Stone","MawBank","Toxic Egg 2","Tiny House","Red Mask"],"potions_floor_usage":[12,18,21,22,22,22],"damage_taken":[{"damage":2,"enemies":"Jaw Worm","floor":1,"turns":5},{"damage":0,"enemies":"2 Louse","floor":5,"turns":3},{"damage":44,"enemies":"3 Sentries","floor":7,"turns":13},{"damage":0,"enemies":"Cultist","floor":8,"turns":2},{"damage":6,"enemies":"Gremlin Nob","floor":12,"turns":3},{"damage":0,"enemies":"Blue Slaver","floor":13,"turns":4},{"damage":0,"enemies":"2 Fungi Beasts","floor":14,"turns":3},{"damage":11,"enemies":"The Guardian","floor":16,"turns":9},{"damage":14,"enemies":"2 Thieves","floor":18,"turns":5},{"damage":1,"enemies":"Chosen","floor":21,"turns":6},{"damage":11,"enemies":"Masked Bandits","floor":22,"turns":6},{"damage":29,"enemies":"Slavers","floor":24,"turns":6}],"seed_played":"-3597355665748259115","potions_obtained":[{"floor":1,"key":"Weak Potion"},{"floor":8,"key":"Swift Potion"},{"floor":13,"key":"Energy Potion"}],"is_trial":false,"path_per_floor":["M","?","$","?","M","R","E","M","T","?","R","E","M","M","R","B",null,"M","?","?","M","?","R","E"],"character_chosen":"THE_SILENT","items_purchased":["Dagger Throw"],"campfire_rested":1,"item_purchase_floors":[3],"current_hp_per_floor":[57,57,57,57,57,57,13,13,13,13,32,26,26,26,26,15,58,44,35,35,34,23,23,0],"gold":485,"neow_bonus":"REMOVE_CARD","is_prod":false,"is_daily":false,"chose_seed":false,"campfire_upgraded":3,"win_rate":0,"timestamp":1551716925,"path_taken":["M","?","$","?","M","R","E","?","T","?","R","E","M","M","R","BOSS","M","?","?","?","?","R","E"],"build_version":"2019-01-23","purchased_purges":1,"victory":false,"max_hp_per_floor":[66,66,66,66,66,66,66,66,66,66,66,66,66,66,66,66,71,71,35,35,35,35,35,35],"card_choices":[{"not_picked":["Well Laid Plans","Prepared"],"picked":"Calculated Gamble","floor":1},{"not_picked":["Sucker Punch","Leg Sweep"],"picked":"Deadly Poison","floor":5},{"not_picked":["Dodge and Roll","Dagger Spray"],"picked":"Expertise","floor":7},{"not_picked":["Escape Plan","Prepared"],"picked":"Concentrate","floor":8},{"not_picked":["Blade Dance","Poisoned Stab"],"picked":"Leg Sweep","floor":12},{"not_picked":["Bane","Quick Slash"],"picked":"Caltrops","floor":13},{"not_picked":["Slice","Quick Slash","Sucker Punch"],"picked":"SKIP","floor":14},{"not_picked":["Unload","After Image"],"picked":"Venomology+1","floor":16},{"not_picked":["Deadly Poison+1","Masterful Stab"],"picked":"PiercingWail+1","floor":17},{"not_picked":["Escape Plan+1","Cloak And Dagger+1"],"picked":"Backflip+1","floor":18},{"not_picked":["Envenom","Deflect+1"],"picked":"Catalyst+1","floor":21},{"not_picked":["Caltrops","Backflip+1"],"picked":"Reflex+1","floor":22}],"player_experience":4468464,"relics_obtained":[{"floor":7,"key":"Oddly Smooth Stone"},{"floor":9,"key":"MawBank"},{"floor":12,"key":"Toxic Egg 2"},{"floor":22,"key":"Red Mask"}],"event_choices":[{"damage_healed":0,"gold_gain":0,"cards_transformed":["Strike_G"],"player_choice":"Change","damage_taken":0,"max_hp_gain":0,"max_hp_loss":0,"event_name":"Living Wall","floor":2,"gold_loss":0,"cards_obtained":["Underhanded Strike"]},{"cards_removed":["Calculated Gamble"],"damage_healed":0,"gold_gain":0,"player_choice":"Gave Card","damage_taken":0,"relics_obtained":["Boot"],"max_hp_gain":0,"max_hp_loss":0,"event_name":"WeMeetAgain","floor":4,"gold_loss":0},{"damage_healed":0,"gold_gain":0,"player_choice":"Ignored","damage_taken":0,"max_hp_gain":0,"max_hp_loss":0,"event_name":"Shining Light","floor":10,"gold_loss":0},{"damage_healed":0,"gold_gain":0,"player_choice":"Became a Ghost","damage_taken":0,"max_hp_gain":0,"max_hp_loss":36,"event_name":"Ghosts","floor":19,"gold_loss":0,"cards_obtained":["Ghostly","Ghostly","Ghostly"]},{"cards_removed":["Defend_G"],"damage_healed":0,"gold_gain":0,"player_choice":"Offered Basic","damage_taken":0,"max_hp_gain":0,"max_hp_loss":0,"event_name":"Bonfire Elementals","floor":20,"gold_loss":0},{"damage_healed":0,"gold_gain":0,"player_choice":"Fought Bandits","damage_taken":0,"max_hp_gain":0,"max_hp_loss":0,"event_name":"Masked Bandits","floor":22,"gold_loss":0}],"is_beta":false,"boss_relics":[{"not_picked":["Eternal Feather","Runic Pyramid"],"picked":"Tiny House"}],"items_purged_floors":[3],"is_endless":false,"potions_floor_spawned":[1,8,13],"killed_by":"Slavers","ascension_level":20}