{"gold_per_floor":[20,20,32,46,63,63,81,81,105,105,120,148,148,148,148,219,219,219,219,159,159,159,159,159,159,159,159,159,159,159,159,159,159],"floor_reached":33,"playtime":2173,"items_purged":[],"score":567,"play_id":"fb340526-e5bd-45e5-8978-c7325bfdc166","local_time":"20190321232936","is_ascension_mode":true,"campfire_choices":[{"floor":6.0,"key":"REST"},{"floor":10.0,"key":"REST"},{"floor":13.0,"key":"REST"},{"data":"Brutality","floor":15.0,"key":"SMITH"},{"floor":23.0,"key":"REST"},{"floor":30.0,"key":"REST"},{"floor":32.0,"key":"REST"}],"neow_cost":"NO_GOLD","seed_source_timestamp":31190467010618,"circlet_count":0,"master_deck":["AscendersBane","Defend_R","Defend_R","Defend_R","Bash","Offering","Flame Barrier","Bloodletting","Armaments","Brutality+1","Spot Weakness","Limit Break","Rampage","Warcry","Fiend Fire","Reaper","Clothesline","Bite","Bite","Bite","Bite","Bite","Reckless Charge+1","Sever Soul","Rupture","Havoc+1","Wild Strike","Corruption"],"special_seed":0,"relics":["Burning Blood","Juzu Bracelet","Ectoplasm","Omamori","Bronze Scales"],"potions_floor_usage":[],"damage_taken":[{"damage":6.0,"enemies":"Small Slimes","floor":1.0,"turns":4.0},{"damage":6.0,"enemies":"2 Louse","floor":3.0,"turns":3.0},{"damage":6.0,"enemies":"Cultist","floor":4.0,"turns":4.0},{"damage":27.0,"enemies":"Lots of Slimes","floor":5.0,"turns":5.0},{"damage":23.0,"enemies":"Large Slime","floor":7.0,"turns":7.0},{"damage":11.0,"enemies":"Blue Slaver","floor":11.0,"turns":3.0},{"damage":25.0,"enemies":"Lagavulin","floor":12.0,"turns":7.0},{"damage":14.0,"enemies":"Slime Boss","floor":16.0,"turns":6.0},{"damage":9.0,"enemies":"Chosen","floor":18.0,"turns":4.0},{"damage":22.0,"enemies":"2 Thieves","floor":20.0,"turns":4.0},{"damage":44.0,"enemies":"Centurion and Healer","floor":22.0,"turns":6.0},{"damage":32.0,"enemies":"Snecko","floor":24.0,"turns":4.0},{"damage":31.0,"enemies":"Snake Plant","floor":25.0,"turns":2.0},{"damage":64.0,"enemies":"3 Cultists","floor":28.0,"turns":6.0},{"damage":46.0,"enemies":"Shelled Parasite and Fungi","floor":31.0,"turns":5.0},{"damage":75,"enemies":"Collector","floor":33,"turns":7}],"seed_played":"-5224633381269759142","potions_obtained":[{"floor":1.0,"key":"Swift Potion"},{"floor":5.0,"key":"Explosive Potion"},{"floor":7.0,"key":"SpeedPotion"},{"floor":16.0,"key":"SteroidPotion"},{"floor":20.0,"key":"Dexterity Potion"},{"floor":24.0,"key":"Fruit Juice"}],"is_trial":false,"path_per_floor":["M","?","M","M","M","R","M","?","T","R","M","E","R","?","R","B",null,"M","?","M","?","M","R","M","M","T","?","M","T","R","M","R","B"],"character_chosen":"IRONCLAD","items_purchased":[],"campfire_rested":6,"item_purchase_floors":[],"current_hp_per_floor":[68,68,68,68,47,69,52,52,52,74,69,50,72,72,72,66,73,73,73,75,54,44,68,50,34,34,51,21,21,46,24,49,0],"gold":159,"neow_bonus":"THREE_RARE_CARDS","is_prod":false,"is_daily":false,"chose_seed":false,"campfire_upgraded":1,"win_rate":0,"timestamp":1553178576,"path_taken":["M","?","M","M","M","R","M","?","T","R","M","E","R","?","R","BOSS","M","?","M","?","M","R","M","M","T","?","M","?","R","M","R","BOSS"],"build_version":"2019-01-23","purchased_purges":0,"victory":false,"max_hp_per_floor":[75,75,75,75,75,75,75,75,75,75,75,75,75,75,75,75,75,75,75,75,80,80,80,80,85,85,85,85,85,85,85,85,85],"card_choices":[{"not_picked":["Exhume","Bludgeon"],"picked":"Offering","floor":0.0},{"not_picked":["True Grit","Cleave"],"picked":"Flame Barrier","floor":1.0},{"not_picked":["Shrug It Off","Havoc"],"picked":"Bloodletting","floor":3.0},{"not_picked":["Clothesline","Iron Wave"],"picked":"Armaments","floor":4.0},{"not_picked":["Flex","Sword Boomerang"],"picked":"Brutality","floor":5.0},{"not_picked":["Twin Strike","Sword Boomerang"],"picked":"Spot Weakness","floor":7.0},{"not_picked":["Clash","Iron Wave"],"picked":"Rampage","floor":11.0},{"not_picked":["Twin Strike","Thunderclap"],"picked":"Warcry","floor":12.0},{"not_picked":["Brutality","Barricade"],"picked":"Reaper","floor":16.0},{"not_picked":["Iron Wave","Sword Boomerang"],"picked":"Clothesline","floor":18.0},{"not_picked":["Pommel Strike","Ghostly Armor"],"picked":"Reckless Charge+1","floor":20.0},{"not_picked":["Anger","Armaments"],"picked":"Sever Soul","floor":22.0},{"not_picked":["Havoc","Flex"],"picked":"Rupture","floor":24.0},{"not_picked":["Clothesline","Demon Form"],"picked":"Havoc+1","floor":25.0},{"not_picked":["Perfected Strike+1","Clothesline"],"picked":"Wild Strike","floor":28.0},{"not_picked":["Shockwave","Shrug It Off"],"picked":"Corruption","floor":31.0}],"player_experience":1065092,"relics_obtained":[{"floor":9.0,"key":"Juzu Bracelet"},{"floor":12.0,"key":"Blood Vial"},{"floor":26.0,"key":"Omamori"},{"floor":29.0,"key":"Bronze Scales"}],"event_choices":[{"damage_healed":0.0,"max_hp_gain":0.0,"max_hp_loss":0.0,"gold_gain":0.0,"event_name":"The Cleric","player_choice":"Leave","floor":2.0,"gold_loss":0.0,"damage_taken":0.0},{"damage_healed":0.0,"max_hp_gain":0.0,"max_hp_loss":0.0,"gold_gain":0.0,"cards_transformed":["Strike_R"],"event_name":"Transmorgrifier","player_choice":"Transformed","floor":8.0,"gold_loss":0.0,"damage_taken":0.0,"cards_obtained":["Limit Break"]},{"damage_healed":0.0,"max_hp_gain":0.0,"max_hp_loss":0.0,"gold_gain":0.0,"cards_transformed":["Defend_R"],"event_name":"Transmorgrifier","player_choice":"Transformed","floor":14.0,"gold_loss":0.0,"damage_taken":0.0,"cards_obtained":["Fiend Fire"]},{"damage_healed":0.0,"max_hp_gain":0.0,"max_hp_loss":0.0,"gold_gain":0.0,"event_name":"Vampires","player_choice":"Became a vampire (Vial)","floor":19.0,"relics_lost":["Blood Vial"],"gold_loss":0.0,"damage_taken":0.0,"cards_obtained":["Bite","Bite","Bite","Bite","Bite"]},{"damage_healed":0.0,"max_hp_gain":5.0,"max_hp_loss":0.0,"gold_gain":0.0,"event_name":"Forgotten Altar","player_choice":"Shed Blood","floor":21.0,"gold_loss":0.0,"damage_taken":26.0},{"damage_healed":17.0,"max_hp_gain":0.0,"max_hp_loss":0.0,"gold_gain":0.0,"event_name":"The Library","player_choice":"Heal","floor":27.0,"gold_loss":0.0,"damage_taken":0.0}],"is_beta":false,"boss_relics":[{"not_picked":["White Beast Statue","Philosopher\u0027s Stone"],"picked":"Ectoplasm"}],"items_purged_floors":[],"is_endless":false,"potions_floor_spawned":[1,5,7,16,20,24],"killed_by":"Collector","ascension_level":16}