{"gold_per_floor":[112,126,54,86,115,127,158,170,182,194,225,266,7,7,7,84,84,84,84,84,84,84,84,84,84,84,84,84,84,84,84,84,84,84,84,84,84,30,30,30,30,30],"floor_reached":42,"playtime":2844,"items_purged":[],"score":890,"play_id":"683ea338-2c7a-47b0-a009-64f80db4fd9c","local_time":"20190322140518","is_ascension_mode":true,"campfire_choices":[{"data":"Evolve","floor":6.0,"key":"SMITH"},{"floor":8.0,"key":"REST"},{"data":"Power Through","floor":10.0,"key":"SMITH"},{"floor":15.0,"key":"REST"},{"data":"Limit Break","floor":24.0,"key":"SMITH"},{"data":"Armaments","floor":27.0,"key":"SMITH"},{"data":"Dark Embrace","floor":32.0,"key":"SMITH"},{"data":"Second Wind","floor":40.0,"key":"SMITH"}],"neow_cost":"NONE","seed_source_timestamp":12490798022279,"circlet_count":0,"master_deck":["AscendersBane","Strike_R","Strike_R","Strike_R","Strike_R","Strike_R","Defend_R","Defend_R","Defend_R","Defend_R","Bash","Shrug It Off","Power Through+1","Inflame","Evolve+1","Shrug It Off","Offering","Battle Trance","Cleave","Limit Break+1","Armaments+1","Flex+1","Heavy Blade","Infernal Blade+1","Feel No Pain","Shrug It Off","Dark Embrace+1","Fiend Fire","Second Wind+1","Clothesline+1","Headbutt","Metallicize","Feed","Dual Wield"],"special_seed":0,"relics":["Burning Blood","NeowsBlessing","MawBank","Red Skull","Mercury Hourglass","MealTicket","Ancient Tea Set","Ectoplasm","Meat on the Bone","Gremlin Horn","Red Mask","Orrery"],"potions_floor_usage":[],"damage_taken":[{"damage":0.0,"enemies":"2 Louse","floor":1.0,"turns":1.0},{"damage":0.0,"enemies":"Cultist","floor":2.0,"turns":1.0},{"damage":0.0,"enemies":"Jaw Worm","floor":4.0,"turns":1.0},{"damage":4.0,"enemies":"Looter","floor":5.0,"turns":4.0},{"damage":42.0,"enemies":"2 Fungi Beasts","floor":7.0,"turns":7.0},{"damage":12.0,"enemies":"Lots of Slimes","floor":11.0,"turns":8.0},{"damage":14.0,"enemies":"3 Sentries","floor":12.0,"turns":12.0},{"damage":18.0,"enemies":"Slime Boss","floor":16.0,"turns":9.0},{"damage":23.0,"enemies":"Spheric Guardian","floor":18.0,"turns":6.0},{"damage":15.0,"enemies":"Shell Parasite","floor":19.0,"turns":8.0},{"damage":13.0,"enemies":"Snecko","floor":21.0,"turns":5.0},{"damage":6.0,"enemies":"Cultist and Chosen","floor":22.0,"turns":7.0},{"damage":16.0,"enemies":"Book of Stabbing","floor":23.0,"turns":6.0},{"damage":30.0,"enemies":"Masked Bandits","floor":28.0,"turns":4.0},{"damage":6.0,"enemies":"3 Cultists","floor":30.0,"turns":4.0},{"damage":6.0,"enemies":"Centurion and Healer","floor":31.0,"turns":2.0},{"damage":32.0,"enemies":"Champ","floor":33.0,"turns":7.0},{"damage":27.0,"enemies":"3 Darklings","floor":35.0,"turns":5.0},{"damage":23.0,"enemies":"Orb Walker","floor":37.0,"turns":4.0},{"damage":46.0,"enemies":"Maw","floor":39.0,"turns":10.0},{"damage":76,"enemies":"Giant Head","floor":42,"turns":7}],"seed_played":"-4611230290140230681","potions_obtained":[{"floor":4.0,"key":"Strength Potion"},{"floor":5.0,"key":"Block Potion"},{"floor":22.0,"key":"AttackPotion"},{"floor":30.0,"key":"Poison Potion"},{"floor":31.0,"key":"Fire Potion"},{"floor":33.0,"key":"Energy Potion"}],"is_trial":false,"path_per_floor":["M","M","?","M","M","R","M","R","T","R","M","E","$","?","R","B",null,"M","M","$","M","M","E","R","?","T","R","?","?","M","M","R","B",null,"M","$","M","$","M","R","$","E"],"character_chosen":"IRONCLAD","items_purchased":["MealTicket","Cleave","Block Potion"],"campfire_rested":2,"item_purchase_floors":[13,13,38],"current_hp_per_floor":[74,75,75,75,75,75,39,61,61,61,55,47,47,36,58,46,68,51,42,57,50,50,40,40,40,40,40,28,28,40,52,52,38,66,45,60,55,70,42,42,57,0],"gold":30,"neow_bonus":"THREE_ENEMY_KILL","is_prod":false,"is_daily":false,"chose_seed":false,"campfire_upgraded":6,"win_rate":0,"timestamp":1553231118,"path_taken":["M","M","?","M","M","R","?","R","T","R","M","E","$","?","R","BOSS","M","M","$","M","M","E","R","?","T","R","?","?","M","M","R","BOSS","M","$","M","$","?","R","$","E"],"build_version":"2019-01-23","purchased_purges":0,"victory":false,"max_hp_per_floor":[75,75,75,75,75,75,75,75,75,75,75,75,75,75,75,75,75,75,75,75,75,75,75,75,75,75,75,75,75,75,75,75,75,75,75,75,75,75,75,75,75,75],"card_choices":[{"not_picked":["Havoc","Wild Strike"],"picked":"Shrug It Off","floor":1.0},{"not_picked":["Blood for Blood","Armaments"],"picked":"Power Through","floor":2.0},{"not_picked":["Carnage","Warcry"],"picked":"Inflame","floor":4.0},{"not_picked":["Intimidate","Anger"],"picked":"Evolve","floor":5.0},{"not_picked":["Havoc","Iron Wave"],"picked":"Shrug It Off","floor":7.0},{"not_picked":["Burning Pact","Sentinel"],"picked":"Offering","floor":11.0},{"not_picked":["Dropkick","Shrug It Off"],"picked":"Battle Trance","floor":12.0},{"not_picked":["Offering","Immolate"],"picked":"Limit Break","floor":16.0},{"not_picked":["Perfected Strike","Havoc"],"picked":"Armaments","floor":18.0},{"not_picked":["Burning Pact","Infernal Blade","Cleave"],"picked":"SKIP","floor":19.0},{"not_picked":["Thunderclap","Body Slam"],"picked":"Flex+1","floor":21.0},{"not_picked":["Cleave","Pommel Strike"],"picked":"Heavy Blade","floor":22.0},{"not_picked":["Flex","Rage"],"picked":"Infernal Blade+1","floor":23.0},{"not_picked":["Warcry","Intimidate"],"picked":"Shrug It Off","floor":28.0},{"not_picked":["Armaments+1","Evolve"],"picked":"Dark Embrace","floor":30.0},{"not_picked":["Dropkick","Iron Wave","Pommel Strike"],"picked":"SKIP","floor":31.0},{"not_picked":["Juggernaut","Dark Embrace"],"picked":"Fiend Fire","floor":33.0},{"not_picked":["Reckless Charge","Heavy Blade"],"picked":"Second Wind","floor":34.0},{"not_picked":["Flex","Carnage"],"picked":"Clothesline+1","floor":34.0},{"not_picked":["True Grit","Perfected Strike"],"picked":"Headbutt","floor":34.0},{"not_picked":["Iron Wave","Carnage"],"picked":"Metallicize","floor":34.0},{"not_picked":["Carnage+1","Sword Boomerang"],"picked":"Feed","floor":35.0},{"not_picked":["Intimidate","Armaments"],"picked":"Dual Wield","floor":37.0},{"not_picked":["Sword Boomerang","Hemokinesis","Wild Strike"],"picked":"SKIP","floor":39.0}],"player_experience":388645,"relics_obtained":[{"floor":9.0,"key":"Red Skull"},{"floor":12.0,"key":"Mercury Hourglass"},{"floor":23.0,"key":"Meat on the Bone"},{"floor":26.0,"key":"Gremlin Horn"},{"floor":28.0,"key":"Red Mask"}],"event_choices":[{"damage_healed":0.0,"max_hp_gain":0.0,"max_hp_loss":0.0,"gold_gain":0.0,"event_name":"WeMeetAgain","player_choice":"Paid Gold","floor":3.0,"gold_loss":72.0,"damage_taken":0.0,"relics_obtained":["MawBank"]},{"damage_healed":0.0,"max_hp_gain":0.0,"max_hp_loss":0.0,"gold_gain":0.0,"event_name":"Scrap Ooze","player_choice":"Success","floor":14.0,"gold_loss":0.0,"damage_taken":11.0,"relics_obtained":["Ancient Tea Set"]},{"damage_healed":0.0,"max_hp_gain":0.0,"max_hp_loss":0.0,"gold_gain":0.0,"event_name":"The Library","player_choice":"Read","floor":25.0,"gold_loss":0.0,"damage_taken":0.0,"cards_obtained":["Feel No Pain"]},{"damage_healed":0.0,"max_hp_gain":0.0,"max_hp_loss":0.0,"gold_gain":0.0,"event_name":"Masked Bandits","player_choice":"Fought Bandits","floor":28.0,"gold_loss":0.0,"damage_taken":0.0},{"damage_healed":0.0,"max_hp_gain":0.0,"max_hp_loss":0.0,"gold_gain":50.0,"event_name":"Golden Shrine","player_choice":"Pray","floor":29.0,"gold_loss":0.0,"damage_taken":0.0}],"is_beta":false,"boss_relics":[{"not_picked":["Pandora\u0027s Box","Snecko Eye"],"picked":"Ectoplasm"},{"not_picked":["Black Star","Sozu"],"picked":"Orrery"}],"items_purged_floors":[],"is_endless":false,"potions_floor_spawned":[4,5,11,21,22,30,31,33],"killed_by":"Giant Head","ascension_level":20}