{"gold_per_floor":[110,110,120,120,130,130,141,141,141,141,66,66,79,79,79,184,184,197,197,97,69,69],"floor_reached":22,"playtime":808,"items_purged":["Strike_R","Defend_R"],"score":174,"play_id":"a967b2b6-ff1c-42db-9baa-c8ad17ef9654","local_time":"20190223020731","is_ascension_mode":false,"campfire_choices":[{"data":"Bash","floor":6,"key":"SMITH"},{"data":"Shrug It Off","floor":8,"key":"SMITH"},{"data":"Shrug It Off","floor":12,"key":"SMITH"},{"data":"Heavy Blade","floor":15,"key":"SMITH"}],"neow_cost":"NONE","seed_source_timestamp":2416743729100,"circlet_count":0,"master_deck":["Strike_R","Strike_R","Strike_R","Defend_R","Defend_R","Bash+1","Flame Barrier","Shrug It Off+1","Flame Barrier","Shrug It Off+1","Heavy Blade+1","Limit Break"],"relics":["Coffee Dripper"],"potions_floor_usage":[16],"damage_taken":[{"damage":2,"enemies":"Small Slimes","floor":1,"turns":4},{"damage":6,"enemies":"Jaw Worm","floor":3,"turns":3},{"damage":0,"enemies":"Cultist","floor":5,"turns":3},{"damage":0,"enemies":"Looter","floor":7,"turns":4},{"damage":0,"enemies":"3 Louse","floor":13,"turns":4},{"damage":43,"enemies":"Hexaghost","floor":16,"turns":11},{"damage":21,"enemies":"Chosen","floor":18,"turns":6},{"damage":9,"enemies":"2 Thieves","floor":21,"turns":5},{"damage":0,"enemies":"Sentry and Sphere","floor":22,"turns":2}],"seed_played":"1112714861081130597","potions_obtained":[{"floor":5,"key":"Poison Potion"},{"floor":13,"key":"GamblersBrew"},{"floor":16,"key":"FearPotion"},{"floor":21,"key":"Swift Potion"}],"is_trial":false,"path_per_floor":["M","?","M","?","M","R","M","R","T","?","$","R","M","$","R","B",null,"M","?","$","M","M"],"character_chosen":"IRONCLAD","items_purchased":[],"campfire_rested":0,"item_purchase_floors":[],"current_hp_per_floor":[78,78,72,72,72,72,72,72,72,72,72,72,72,72,72,29,80,59,44,44,35,35],"gold":69,"neow_bonus":"BOSS_RELIC","is_prod":false,"is_daily":false,"chose_seed":false,"campfire_upgraded":4,"win_rate":0,"timestamp":1550884051,"path_taken":["M","?","M","?","?","R","M","R","T","?","$","R","M","$","R","BOSS","M","?","$","M","M"],"build_version":"2019-01-23","purchased_purges":2,"victory":false,"max_hp_per_floor":[80,80,80,80,80,80,80,80,80,80,80,80,80,80,80,80,80,80,85,85,85,85],"card_choices":[{"not_picked":["Armaments","True Grit"],"picked":"Flame Barrier","floor":1},{"not_picked":["Impervious","Dropkick"],"picked":"Shrug It Off","floor":3},{"not_picked":["Armaments","Spot Weakness"],"picked":"Shrug It Off","floor":5},{"not_picked":["Twin Strike","Reckless Charge","Rage"],"picked":"SKIP","floor":7},{"not_picked":["Clothesline","Dropkick"],"picked":"Heavy Blade","floor":13},{"not_picked":["Barricade","Juggernaut"],"picked":"Limit Break","floor":16},{"not_picked":["Flex+1","Bloodletting","Pommel Strike+1"],"picked":"SKIP","floor":18},{"not_picked":["Perfected Strike","Havoc","Thunderclap"],"picked":"SKIP","floor":21}],"player_experience":364915,"relics_obtained":[],"event_choices":[{"cards_removed":["Defend_R"],"damage_healed":0,"gold_gain":0,"player_choice":"Forget","damage_taken":0,"max_hp_gain":0,"max_hp_loss":0,"event_name":"Living Wall","floor":2,"gold_loss":0},{"damage_healed":0,"gold_gain":0,"cards_transformed":["Strike_R"],"player_choice":"Transformed","damage_taken":0,"max_hp_gain":0,"max_hp_loss":0,"event_name":"Transmorgrifier","floor":4,"gold_loss":0,"cards_obtained":["Flame Barrier"]},{"damage_healed":0,"gold_gain":0,"player_choice":"Ignored","damage_taken":0,"max_hp_gain":0,"max_hp_loss":0,"event_name":"Liars Game","floor":10,"gold_loss":0},{"damage_healed":0,"gold_gain":0,"player_choice":"Shed Blood","damage_taken":20,"max_hp_gain":5,"max_hp_loss":0,"event_name":"Forgotten Altar","floor":19,"gold_loss":0}],"is_beta":false,"boss_relics":[{"not_picked":["Busted Crown","Runic Cube","Runic Pyramid"]}],"items_purged_floors":[11,20],"is_endless":false,"potions_floor_spawned":[5,13,16,21],"killed_by":"Sentry and Sphere","ascension_level":0}