{"gold_per_floor":[117,117,60,76,92,92,4,36,63,94,106,106,106,125,125,199,199,211,571,581,264,283,283,309,309],"floor_reached":25,"playtime":1005,"items_purged":["Defend_B"],"score":416,"play_id":"a181cf8f-f8ff-4ef4-91b4-c00c23a7f8d2","local_time":"20190224125825","is_ascension_mode":true,"campfire_choices":[{"data":"Coolheaded","floor":6,"key":"SMITH"},{"floor":12,"key":"REST"},{"data":"Defragment","floor":15,"key":"SMITH"},{"floor":23,"key":"REST"}],"neow_cost":"NONE","seed_source_timestamp":323548256847722,"circlet_count":0,"master_deck":["AscendersBane","Strike_B","Strike_B","Defend_B","Defend_B","Defend_B","Zap","Dualcast","Ball Lightning","Coolheaded","Coolheaded+1","Defragment+1","Biased Cognition","Leap","Glacier","Cold Snap","Electrodynamics","Compile Driver","FTL","Loop","Sweeping Beam+1"],"relics":["Cracked Core","Boot","Anchor","Dodecahedron","Inserter","Membership Card","Ancient Tea Set"],"potions_floor_usage":[8,10,16,20,24,25],"damage_taken":[{"damage":1,"enemies":"2 Louse","floor":1,"turns":2},{"damage":0,"enemies":"Cultist","floor":4,"turns":3},{"damage":0,"enemies":"Small Slimes","floor":5,"turns":2},{"damage":18,"enemies":"3 Sentries","floor":8,"turns":7},{"damage":11,"enemies":"Gremlin Nob","floor":10,"turns":4},{"damage":0,"enemies":"Red Slaver","floor":11,"turns":3},{"damage":2,"enemies":"Looter","floor":14,"turns":3},{"damage":27,"enemies":"Hexaghost","floor":16,"turns":13},{"damage":1,"enemies":"Spheric Guardian","floor":18,"turns":4},{"damage":6,"enemies":"3 Byrds","floor":20,"turns":4},{"damage":0,"enemies":"Cultist and Chosen","floor":22,"turns":6},{"damage":17,"enemies":"Slavers","floor":24,"turns":4},{"damage":25,"enemies":"Shelled Parasite and Fungi","floor":25,"turns":4}],"seed_played":"6796033701478877156","potions_obtained":[{"floor":2,"key":"Fire Potion"},{"floor":2,"key":"SpeedPotion"},{"floor":4,"key":"Block Potion"},{"floor":11,"key":"FocusPotion"},{"floor":16,"key":"AttackPotion"},{"floor":18,"key":"GamblersBrew"},{"floor":20,"key":"EssenceOfSteel"},{"floor":24,"key":"PowerPotion"}],"is_trial":false,"path_per_floor":["M","?","$","M","M","R","$","E","T","E","M","R","?","M","R","B",null,"M","?","M","$","M","R","E","M"],"character_chosen":"DEFECT","items_purchased":["Coolheaded","Defragment","Membership Card","FTL","Loop"],"campfire_rested":2,"item_purchase_floors":[3,7,21,21,21],"current_hp_per_floor":[63,63,63,63,63,63,63,45,45,34,34,55,48,46,46,19,58,57,22,16,16,16,37,20,0],"gold":309,"neow_bonus":"REMOVE_CARD","is_prod":false,"is_daily":false,"chose_seed":false,"campfire_upgraded":2,"win_rate":0,"timestamp":1551031105,"path_taken":["M","?","$","?","M","R","$","E","T","E","M","R","?","M","R","BOSS","M","?","M","$","M","R","E","?"],"build_version":"2019-01-23","purchased_purges":1,"victory":false,"max_hp_per_floor":[71,71,71,71,71,71,71,71,71,71,71,71,71,71,71,71,71,71,71,71,71,71,71,71,71],"card_choices":[{"not_picked":["Steam Power","Hello World"],"picked":"Ball Lightning","floor":1},{"not_picked":["Steam","Barrage","Streamline"],"picked":"SKIP","floor":4},{"not_picked":["Redo","Go for the Eyes"],"picked":"Coolheaded","floor":5},{"not_picked":["Hologram","Reprogram"],"picked":"Biased Cognition","floor":8},{"not_picked":["Melter","Stack"],"picked":"Leap","floor":10},{"not_picked":["Scrape","Fusion"],"picked":"Glacier","floor":11},{"not_picked":["Barrage","Rebound"],"picked":"Cold Snap","floor":14},{"not_picked":["Biased Cognition","Multi-Cast"],"picked":"Electrodynamics","floor":16},{"not_picked":["Steam","Redo"],"picked":"Compile Driver","floor":18},{"not_picked":["Rebound","Redo","Leap+1"],"picked":"SKIP","floor":20},{"not_picked":["Static Discharge","Ball Lightning","Hologram"],"picked":"SKIP","floor":22},{"not_picked":["Doom and Gloom","Reprogram+1"],"picked":"Sweeping Beam+1","floor":24}],"player_experience":509270,"relics_obtained":[{"floor":8,"key":"Boot"},{"floor":9,"key":"Anchor"},{"floor":10,"key":"Dodecahedron"},{"floor":24,"key":"Ancient Tea Set"}],"event_choices":[{"damage_healed":0,"gold_gain":0,"player_choice":"Got Potions","damage_taken":0,"max_hp_gain":0,"max_hp_loss":0,"event_name":"Lab","floor":2,"gold_loss":0},{"cards_removed":["Strike_B"],"damage_healed":0,"gold_gain":0,"player_choice":"Card Removal","damage_taken":7,"max_hp_gain":0,"max_hp_loss":0,"event_name":"Golden Wing","floor":13,"gold_loss":0},{"damage_healed":0,"gold_gain":360,"player_choice":"GOLD GOLD GOLD GOLD ","damage_taken":35,"max_hp_gain":0,"max_hp_loss":0,"event_name":"Knowing Skull","floor":19,"potions_obtained":[],"gold_loss":0,"cards_obtained":[]}],"is_beta":false,"boss_relics":[{"not_picked":["Ectoplasm","Calling Bell"],"picked":"Inserter"}],"items_purged_floors":[21],"is_endless":false,"potions_floor_spawned":[4,11,16,18,20,24],"killed_by":"Shelled Parasite and Fungi","ascension_level":16}