{"gold_per_floor":[117,117,42,16,16,16,60,60,85,115,127,58,58,79,79,210,210,228,168,168],"floor_reached":20,"playtime":567,"items_purged":["Defend_B"],"score":210,"play_id":"94e6fbe6-d8f8-4a69-b16b-076089b8bc92","local_time":"20190107213704","is_ascension_mode":true,"campfire_choices":[{"data":"Dualcast","floor":6.0,"key":"SMITH"},{"floor":11.0,"key":"REST"},{"data":"Fusion","floor":13.0,"key":"SMITH"},{"data":"Redo","floor":15.0,"key":"SMITH"}],"neow_cost":"NONE","seed_source_timestamp":1469124554364577,"circlet_count":0,"master_deck":["Strike_B","Strike_B","Strike_B","Defend_B","Defend_B","Defend_B","Zap","Dualcast+1","Defragment+1","Compile Driver","Fusion+1","Force Field","Streamline","Storm","Redo+1","Doom and Gloom","Buffer","Consume","Coolheaded+1"],"special_seed":0,"relics":["Sozu","Golden Idol","Omamori","Prayer Wheel","MawBank","Cursed Key"],"potions_floor_usage":[],"damage_taken":[{"damage":0.0,"enemies":"Jaw Worm","floor":1.0,"turns":3.0},{"damage":38.0,"enemies":"Gremlin Nob","floor":7.0,"turns":4.0},{"damage":10.0,"enemies":"Cultist","floor":10.0,"turns":4.0},{"damage":1.0,"enemies":"2 Louse","floor":14.0,"turns":3.0},{"damage":8.0,"enemies":"Slime Boss","floor":16.0,"turns":7.0},{"damage":21.0,"enemies":"Shell Parasite","floor":18.0,"turns":5.0},{"damage":54,"enemies":"3 Byrds","floor":20,"turns":3}],"seed_played":"7033612472434774068","potions_obtained":[],"is_trial":false,"path_per_floor":["M","?","$","$","?","R","E","?","T","M","R","$","R","M","R","B",null,"M","?","M"],"character_chosen":"DEFECT","items_purchased":["Compile Driver","Storm"],"campfire_rested":1,"item_purchase_floors":[4,12],"current_hp_per_floor":[75,75,75,75,57,57,19,19,19,9,31,31,31,30,30,22,62,41,41,0],"gold":168,"neow_bonus":"BOSS_RELIC","is_prod":false,"is_daily":false,"chose_seed":false,"campfire_upgraded":3,"win_rate":0,"timestamp":1546915024,"path_taken":["M","?","?","$","?","R","E","?","T","M","R","$","R","?","R","BOSS","M","?","?"],"build_version":"2019-01-03v4","purchased_purges":1,"victory":false,"max_hp_per_floor":[75,75,75,75,75,75,75,75,75,75,75,75,75,75,75,75,75,75,75,75],"card_choices":[{"not_picked":["Genetic Algorithm","Storm"],"picked":"Defragment","floor":1.0},{"not_picked":["Compile Driver","Redo"],"picked":"Fusion","floor":7.0},{"not_picked":["Aggregate","Undo"],"picked":"Force Field","floor":10.0},{"not_picked":["Stack","Blizzard"],"picked":"Streamline","floor":10.0},{"not_picked":["Streamline","Gash"],"picked":"Redo","floor":14.0},{"not_picked":["Compile Driver","Beam Cell"],"picked":"Doom and Gloom","floor":14.0},{"not_picked":["Core Surge","Electrodynamics"],"picked":"Buffer","floor":16.0},{"not_picked":["Barrage","Stack"],"picked":"Consume","floor":18.0},{"not_picked":["Static Discharge","Compile Driver"],"picked":"Coolheaded+1","floor":18.0}],"player_experience":318414,"relics_obtained":[{"floor":7.0,"key":"Omamori"},{"floor":9.0,"key":"MawBank"}],"event_choices":[{"damage_healed":0.0,"max_hp_gain":0.0,"max_hp_loss":0.0,"gold_gain":0.0,"event_name":"Accursed Blacksmith","player_choice":"Forge","floor":2.0,"gold_loss":0.0,"damage_taken":0.0,"cards_upgraded":["Defragment"]},{"damage_healed":0.0,"max_hp_gain":0.0,"max_hp_loss":0.0,"gold_gain":0.0,"event_name":"Golden Idol","player_choice":"Take Damage","floor":5.0,"gold_loss":0.0,"damage_taken":18.0,"relics_obtained":["Golden Idol"]},{"damage_healed":0.0,"max_hp_gain":0.0,"max_hp_loss":0.0,"gold_gain":0.0,"event_name":"Dead Adventurer","player_choice":"Searched \u00272\u0027 times","floor":8.0,"gold_loss":0.0,"damage_taken":0.0,"relics_obtained":["Prayer Wheel"]},{"cards_removed":["Strike_B"],"damage_healed":0,"gold_gain":0,"player_choice":"Single Remove","damage_taken":0,"max_hp_gain":0,"max_hp_loss":0,"event_name":"Designer","floor":19,"gold_loss":60}],"is_beta":false,"boss_relics":[{"not_picked":["Ectoplasm","Runic Dome"],"picked":"Cursed Key"}],"items_purged_floors":[3],"is_endless":false,"potions_floor_spawned":[1,10,14,16],"killed_by":"3 Byrds","ascension_level":5}