{"gold_per_floor":[118,137,137,152,166,194,214,214,238,254,254,254,265,281,281,357,357,377,395,395],"floor_reached":20,"playtime":920,"items_purged":[],"score":342,"play_id":"0750b3f0-7b40-4f54-a7cb-7d16e120bba3","local_time":"20190318192923","is_ascension_mode":true,"campfire_choices":[{"floor":8.0,"key":"REST"},{"floor":11.0,"key":"REST"},{"floor":15.0,"key":"REST"}],"neow_cost":"NONE","seed_source_timestamp":34297273474135,"circlet_count":0,"master_deck":["AscendersBane","Strike_R","Strike_R","Strike_R","Strike_R","Strike_R","Defend_R","Defend_R","Defend_R","Defend_R","Bash","Forethought","Spot Weakness","Battle Trance","Shockwave","Wild Strike","Uppercut","Shrug It Off","Iron Wave","Pain","Reaper","Anger","Limit Break","Pommel Strike","Flex"],"special_seed":0,"relics":["Burning Blood","Mango","Potion Belt","WarpedTongs","Sozu"],"potions_floor_usage":[16,20],"damage_taken":[{"damage":2.0,"enemies":"Small Slimes","floor":1.0,"turns":4.0},{"damage":8.0,"enemies":"2 Louse","floor":2.0,"turns":3.0},{"damage":7.0,"enemies":"Cultist","floor":4.0,"turns":4.0},{"damage":22.0,"enemies":"Exordium Wildlife","floor":5.0,"turns":5.0},{"damage":40.0,"enemies":"3 Sentries","floor":6.0,"turns":7.0},{"damage":32.0,"enemies":"Exordium Thugs","floor":7.0,"turns":5.0},{"damage":17.0,"enemies":"3 Louse","floor":10.0,"turns":4.0},{"damage":43.0,"enemies":"Gremlin Gang","floor":13.0,"turns":4.0},{"damage":13.0,"enemies":"Looter","floor":14.0,"turns":3.0},{"damage":82,"enemies":"Slime Boss","floor":16,"turns":11},{"damage":38,"enemies":"Chosen","floor":18,"turns":7},{"damage":34,"enemies":"3 Byrds","floor":19,"turns":5},{"damage":29,"enemies":"Snake Plant","floor":20,"turns":2}],"seed_played":"-414904564813640302","potions_obtained":[{"floor":2.0,"key":"FearPotion"},{"floor":5.0,"key":"PowerPotion"},{"floor":13.0,"key":"SkillPotion"},{"floor":14.0,"key":"FairyPotion"},{"floor":16,"key":"EssenceOfSteel"}],"is_trial":false,"path_per_floor":["M","M","?","M","M","E","M","R","T","M","R","?","M","M","R","B",null,"M","M","M"],"character_chosen":"IRONCLAD","items_purchased":[],"campfire_rested":3,"item_purchase_floors":[],"current_hp_per_floor":[72,70,75,74,58,38,12,40,40,29,57,57,20,21,49,10,73,41,29,0],"gold":395,"neow_bonus":"RANDOM_COLORLESS","is_prod":false,"is_daily":false,"chose_seed":false,"campfire_upgraded":0,"win_rate":0,"timestamp":1552904963,"path_taken":["M","M","?","M","M","E","M","R","T","M","R","?","?","M","R","BOSS","M","M","M"],"build_version":"2019-01-23","purchased_purges":0,"victory":false,"max_hp_per_floor":[75,75,80,80,80,94,94,94,94,94,94,94,94,94,94,94,94,94,94,94],"card_choices":[{"not_picked":["Metallicize","Thunderclap"],"picked":"Spot Weakness","floor":1.0},{"not_picked":["Hemokinesis","Reckless Charge"],"picked":"Battle Trance","floor":2.0},{"not_picked":["Pummel","Rampage"],"picked":"Shockwave","floor":4.0},{"not_picked":["Iron Wave","True Grit"],"picked":"Wild Strike","floor":5.0},{"not_picked":["Flex","Cleave"],"picked":"Uppercut","floor":6.0},{"not_picked":["Twin Strike","Spot Weakness"],"picked":"Shrug It Off","floor":7.0},{"not_picked":["Bloodletting","Thunderclap"],"picked":"Iron Wave","floor":10.0},{"not_picked":["Headbutt","Wild Strike"],"picked":"Reaper","floor":13.0},{"not_picked":["Spot Weakness","Clash"],"picked":"Anger","floor":14.0},{"not_picked":["Fiend Fire","Barricade"],"picked":"Limit Break","floor":16},{"not_picked":["Hemokinesis","Searing Blow+1"],"picked":"Pommel Strike","floor":18},{"not_picked":["Hemokinesis","Body Slam+1"],"picked":"Flex","floor":19}],"player_experience":354001,"relics_obtained":[{"floor":6.0,"key":"Mango"},{"floor":9.0,"key":"Potion Belt"}],"event_choices":[{"damage_healed":0.0,"max_hp_gain":5.0,"max_hp_loss":0.0,"gold_gain":0.0,"event_name":"Big Fish","player_choice":"Donut","floor":3.0,"gold_loss":0.0,"damage_taken":0.0},{"damage_healed":0.0,"max_hp_gain":0.0,"max_hp_loss":0.0,"gold_gain":0.0,"event_name":"Accursed Blacksmith","player_choice":"Rummage","floor":12.0,"gold_loss":0.0,"damage_taken":0.0,"relics_obtained":["WarpedTongs"],"cards_obtained":["Pain"]}],"is_beta":false,"boss_relics":[{"not_picked":["Runic Dome","Orrery"],"picked":"Sozu"}],"items_purged_floors":[],"is_endless":false,"potions_floor_spawned":[2,5,7,13,14,16,19],"killed_by":"Snake Plant","ascension_level":18}