{"gold_per_floor":[218,393,393,404,404,404,123,134,160,160,9,9,39,55,55,155,155,177,207,219],"floor_reached":20,"playtime":1707,"items_purged":["Strike_B","Strike_B"],"score":197,"play_id":"109b5aa6-e983-4aa3-be38-b75394a87fe8","local_time":"20190210214102","is_ascension_mode":false,"campfire_choices":[{"data":"Genetic Algorithm","floor":6,"key":"SMITH"},{"data":"Capacitor","floor":10,"key":"SMITH"},{"floor":15,"key":"REST"}],"neow_cost":"NONE","seed_source_timestamp":852982202361090,"circlet_count":0,"master_deck":["Strike_B","Defend_B","Defend_B","Defend_B","Defend_B","Zap","Dualcast","Cold Snap","Genetic Algorithm+1","Capacitor+1","Auto Shields","Hologram","Ball Lightning","Skim","Seek","Normality","Writhe","Clumsy","Coolheaded+1"],"relics":["Cracked Core","Boot","Mercury Hourglass","Calling Bell","MawBank","Question Card","Mango"],"potions_floor_usage":[],"damage_taken":[{"damage":6,"enemies":"Jaw Worm","floor":1,"turns":3},{"damage":5,"enemies":"2 Louse","floor":4,"turns":3},{"damage":4,"enemies":"Small Slimes","floor":8,"turns":4},{"damage":14,"enemies":"3 Sentries","floor":13,"turns":10},{"damage":8,"enemies":"2 Fungi Beasts","floor":14,"turns":3},{"damage":28,"enemies":"The Guardian","floor":16,"turns":15},{"damage":13,"enemies":"Chosen","floor":18,"turns":6},{"damage":38,"enemies":"3 Byrds","floor":19,"turns":4},{"damage":50,"enemies":"Masked Bandits","floor":20,"turns":4}],"seed_played":"6131593141522164550","potions_obtained":[{"floor":4,"key":"SmokeBomb"},{"floor":13,"key":"AttackPotion"},{"floor":14,"key":"Weak Potion"},{"floor":18,"key":"PowerPotion"}],"is_trial":false,"path_per_floor":["M","?","?","M","?","R","$","M","T","R","$","?","E","M","R","B",null,"M","M","?"],"character_chosen":"DEFECT","items_purchased":["Capacitor","Auto Shields","EntropicBrew","Ball Lightning"],"campfire_rested":1,"item_purchase_floors":[7,7,7,11],"current_hp_per_floor":[69,69,74,69,69,69,69,65,65,65,65,58,44,36,60,32,94,81,43,0],"gold":219,"neow_bonus":"HUNDRED_GOLD","is_prod":false,"is_daily":false,"chose_seed":false,"campfire_upgraded":2,"win_rate":0.0,"timestamp":1549802462,"path_taken":["M","?","?","?","?","R","$","M","T","R","?","?","E","M","R","BOSS","M","M","?"],"build_version":"2019-01-23","purchased_purges":2,"victory":false,"max_hp_per_floor":[75,75,80,80,80,80,80,80,80,80,80,80,80,80,80,80,94,94,94,94],"card_choices":[{"not_picked":["Coolheaded","Reinforced Body"],"picked":"Cold Snap","floor":1},{"not_picked":["Static Discharge","Steam"],"picked":"Genetic Algorithm","floor":4},{"not_picked":["Streamline","Steam"],"picked":"Hologram","floor":8},{"not_picked":["Doom and Gloom","Beam Cell","Heatsinks"],"picked":"SKIP","floor":13},{"not_picked":["Ball Lightning","Steam"],"picked":"Skim","floor":14},{"not_picked":["Creative AI","Multi-Cast"],"picked":"Seek","floor":16},{"not_picked":["Heatsinks","Cold Snap","Lockon"],"picked":"Coolheaded+1","floor":18},{"not_picked":["Skim","Static Discharge","Rip and Tear","Fusion"],"picked":"SKIP","floor":19}],"player_experience":22441,"relics_obtained":[{"floor":9,"key":"Boot"},{"floor":13,"key":"Mercury Hourglass"},{"floor":17,"key":"MawBank"},{"floor":17,"key":"Question Card"},{"floor":17,"key":"Mango"}],"event_choices":[{"damage_healed":0,"gold_gain":175,"player_choice":"AGREE","damage_taken":0,"max_hp_gain":0,"max_hp_loss":0,"event_name":"Liars Game","floor":2,"gold_loss":0,"cards_obtained":["Doubt"]},{"damage_healed":0,"gold_gain":0,"player_choice":"Donut","damage_taken":0,"max_hp_gain":5,"max_hp_loss":0,"event_name":"Big Fish","floor":3,"gold_loss":0},{"cards_removed":["Doubt"],"damage_healed":0,"gold_gain":0,"player_choice":"Forget","damage_taken":0,"max_hp_gain":0,"max_hp_loss":0,"event_name":"Living Wall","floor":5,"gold_loss":0},{"cards_removed":["Strike_B"],"damage_healed":0,"gold_gain":0,"player_choice":"Card Removal","damage_taken":7,"max_hp_gain":0,"max_hp_loss":0,"event_name":"Golden Wing","floor":12,"gold_loss":0},{"damage_healed":0,"gold_gain":0,"player_choice":"Fought Bandits","damage_taken":0,"max_hp_gain":0,"max_hp_loss":0,"event_name":"Masked Bandits","floor":20,"gold_loss":0}],"is_beta":false,"boss_relics":[{"not_picked":["Philosopher\u0027s Stone","Fusion Hammer"],"picked":"Calling Bell"}],"items_purged_floors":[7,11],"is_endless":false,"potions_floor_spawned":[4,13,14,18],"killed_by":"Masked Bandits","ascension_level":0}