{"gold_per_floor":[119,136,136,151,151,151,151,169,196,226,226,226,260,240,240,240],"floor_reached":16,"playtime":748,"items_purged":[],"score":130,"play_id":"5933816f-cb28-4634-aeee-927027d01b9b","local_time":"20190217212616","is_ascension_mode":true,"campfire_choices":[{"data":"Bash","floor":7,"key":"SMITH"},{"floor":15,"key":"REST"}],"neow_cost":"NONE","seed_source_timestamp":1691173722400,"circlet_count":0,"master_deck":["Strike_R","Strike_R","Strike_R","Strike_R","Strike_R","Defend_R","Defend_R","Defend_R","Defend_R","Bash+1","Clothesline","Iron Wave+1","Decay","Whirlwind+1","Pommel Strike","Impervious"],"relics":["Burning Blood","Dodecahedron","Juzu Bracelet","Blood Vial","Golden Idol","Strawberry"],"potions_floor_usage":[13,13,16],"damage_taken":[{"damage":11,"enemies":"2 Louse","floor":1,"turns":4},{"damage":4,"enemies":"Cultist","floor":2,"turns":3},{"damage":14,"enemies":"Jaw Worm","floor":4,"turns":3},{"damage":9,"enemies":"Blue Slaver","floor":8,"turns":3},{"damage":26,"enemies":"Gremlin Nob","floor":10,"turns":5},{"damage":36,"enemies":"3 Sentries","floor":13,"turns":6},{"damage":44,"enemies":"Hexaghost","floor":16,"turns":7}],"seed_played":"-2968005462408867114","potions_obtained":[{"floor":4,"key":"Ancient Potion"},{"floor":8,"key":"SpeedPotion"},{"floor":10,"key":"BloodPotion"},{"floor":11,"key":"Energy Potion"},{"floor":11,"key":"Dexterity Potion"},{"floor":13,"key":"SteroidPotion"},{"floor":14,"key":"Swift Potion"}],"is_trial":false,"path_per_floor":["M","M","?","M","?","T","R","M","T","E","?","?","E","?","R","B"],"character_chosen":"IRONCLAD","items_purchased":[],"campfire_rested":1,"item_purchase_floors":[],"current_hp_per_floor":[83,85,85,77,59,59,59,56,56,36,36,36,15,15,41,0],"gold":240,"neow_bonus":"TEN_PERCENT_HP_BONUS","is_prod":false,"is_daily":false,"chose_seed":false,"campfire_upgraded":1,"win_rate":0,"timestamp":1550435176,"path_taken":["M","M","?","?","?","?","R","M","T","E","?","?","E","?","R","BOSS"],"build_version":"2019-01-23","purchased_purges":0,"victory":false,"max_hp_per_floor":[88,88,88,88,88,88,88,88,88,88,88,81,88,88,88,88],"card_choices":[{"not_picked":["Sword Boomerang","Cleave"],"picked":"Clothesline","floor":1},{"not_picked":["Sword Boomerang","Seeing Red"],"picked":"Iron Wave","floor":2},{"not_picked":["Shockwave","Pummel"],"picked":"Whirlwind","floor":4},{"not_picked":["Entrench","Headbutt"],"picked":"Pommel Strike","floor":8},{"not_picked":["Twin Strike","Wild Strike"],"picked":"Impervious","floor":10},{"not_picked":["Clash","Whirlwind","Heavy Blade"],"picked":"SKIP","floor":13}],"player_experience":342235,"relics_obtained":[{"floor":6,"key":"Dodecahedron"},{"floor":9,"key":"Juzu Bracelet"},{"floor":10,"key":"Blood Vial"},{"floor":13,"key":"Strawberry"}],"event_choices":[{"damage_healed":0,"gold_gain":0,"player_choice":"Cursed","damage_taken":0,"max_hp_gain":0,"max_hp_loss":0,"event_name":"Wheel of Change","floor":3,"gold_loss":0,"cards_obtained":["Decay"]},{"damage_healed":0,"gold_gain":0,"player_choice":"Entered Light","damage_taken":18,"max_hp_gain":0,"max_hp_loss":0,"event_name":"Shining Light","floor":5,"gold_loss":0,"cards_upgraded":["Whirlwind","Iron Wave"]},{"damage_healed":0,"gold_gain":0,"player_choice":"Got Potions","damage_taken":0,"max_hp_gain":0,"max_hp_loss":0,"event_name":"Lab","floor":11,"gold_loss":0},{"damage_healed":0,"gold_gain":0,"player_choice":"Lose Max HP","damage_taken":0,"relics_obtained":["Golden Idol"],"max_hp_gain":0,"max_hp_loss":7,"event_name":"Golden Idol","floor":12,"gold_loss":0},{"damage_healed":0,"gold_gain":0,"player_choice":"Bought 1 Potion","damage_taken":0,"max_hp_gain":0,"max_hp_loss":0,"event_name":"The Woman in Blue","floor":14,"gold_loss":0}],"is_beta":false,"boss_relics":[],"items_purged_floors":[],"is_endless":false,"potions_floor_spawned":[4,8,10,13],"killed_by":"Hexaghost","ascension_level":4}