{"gold_per_floor":[114,131,131,141,141,169,169,15,39,55,55,55,20,40,40,119,119,138,188,188,205,225,225,225],"floor_reached":24,"playtime":678,"items_purged":["Strike_R"],"score":392,"play_id":"471a0c7c-91b3-4a88-9779-af88998dcc0d","local_time":"20190114012237","is_ascension_mode":true,"campfire_choices":[{"data":"Rampage","floor":7,"key":"SMITH"},{"data":"Corruption","floor":12,"key":"SMITH"},{"data":"Rage","floor":15,"key":"SMITH"},{"data":"Barricade","floor":23,"key":"SMITH"}],"neow_cost":"NONE","seed_source_timestamp":286310343825160,"circlet_count":0,"master_deck":["AscendersBane","Defend_R","Defend_R","Defend_R","Defend_R","Bash","Uppercut+1","Clash+1","Anger+1","Corruption+1","Rampage+1","Burning Pact","Flame Barrier","Flame Barrier","Shockwave","Rage+1","Barricade+1","Flame Barrier","Entrench"],"relics":["Astrolabe","Kunai","The Courier","Omamori","Sozu"],"potions_floor_usage":[6,16,18],"damage_taken":[{"damage":0,"enemies":"Cultist","floor":1,"turns":3},{"damage":0,"enemies":"Jaw Worm","floor":2,"turns":2},{"damage":0,"enemies":"Small Slimes","floor":4,"turns":2},{"damage":25,"enemies":"Lagavulin","floor":6,"turns":6},{"damage":7,"enemies":"Exordium Wildlife","floor":10,"turns":4},{"damage":0,"enemies":"Exordium Thugs","floor":14,"turns":3},{"damage":18,"enemies":"The Guardian","floor":16,"turns":11},{"damage":17,"enemies":"3 Byrds","floor":18,"turns":4},{"damage":0,"enemies":"Spheric Guardian","floor":21,"turns":5},{"damage":9,"enemies":"Snake Plant","floor":22,"turns":4},{"damage":55,"enemies":"Slavers","floor":24,"turns":4}],"seed_played":"6444625289415959381","potions_obtained":[{"floor":1,"key":"Regen Potion"},{"floor":4,"key":"BloodPotion"},{"floor":10,"key":"Weak Potion"},{"floor":16,"key":"Energy Potion"}],"is_trial":false,"path_per_floor":["M","M","?","M","T","E","R","$","T","M","?","R","$","M","R","B",null,"M","?","?","M","M","R","E"],"character_chosen":"IRONCLAD","items_purchased":["Burning Pact","Flame Barrier","Shockwave"],"campfire_rested":0,"item_purchase_floors":[8,8,13],"current_hp_per_floor":[68,68,73,73,73,56,56,56,56,49,49,49,49,49,49,31,68,63,63,63,63,54,54,0],"gold":225,"neow_bonus":"BOSS_RELIC","is_prod":false,"is_daily":false,"chose_seed":false,"campfire_upgraded":4,"win_rate":0,"timestamp":1547396557,"path_taken":["M","?","?","M","?","E","R","?","T","?","?","R","$","?","R","BOSS","M","?","?","M","?","R","E"],"build_version":"2019-01-10","purchased_purges":1,"victory":false,"max_hp_per_floor":[75,75,80,80,80,80,80,80,80,80,80,80,80,80,80,80,80,80,80,80,80,80,80,80],"card_choices":[{"not_picked":["Corruption","Iron Wave","Cleave"],"picked":"SKIP","floor":1},{"not_picked":["Iron Wave","Cleave"],"picked":"Corruption","floor":1},{"not_picked":["Iron Wave","Pommel Strike","Uppercut"],"picked":"SKIP","floor":2},{"not_picked":["Armaments","Cleave","Clash"],"picked":"SKIP","floor":4},{"not_picked":["Armaments","Cleave","Clash"],"picked":"SKIP","floor":4},{"not_picked":["Warcry","Entrench"],"picked":"Rampage","floor":6},{"not_picked":["Clothesline","Wild Strike"],"picked":"Flame Barrier","floor":10},{"not_picked":["Iron Wave","Rupture"],"picked":"Rage","floor":14},{"not_picked":["Immolate","Bludgeon"],"picked":"Barricade","floor":16},{"not_picked":["Heavy Blade","Iron Wave","Sword Boomerang"],"picked":"SKIP","floor":18},{"not_picked":["Thunderclap","Body Slam"],"picked":"Entrench","floor":21},{"not_picked":["Anger","Sword Boomerang","Searing Blow"],"picked":"SKIP","floor":22}],"player_experience":4069891,"relics_obtained":[{"floor":5,"key":"Kunai"},{"floor":6,"key":"The Courier"},{"floor":9,"key":"Omamori"}],"event_choices":[{"damage_healed":0,"gold_gain":0,"player_choice":"Donut","damage_taken":0,"max_hp_gain":5,"max_hp_loss":0,"event_name":"Big Fish","floor":3,"gold_loss":0},{"cards_removed":["Strike_R"],"damage_healed":0,"gold_gain":0,"player_choice":"Offered Basic","damage_taken":0,"max_hp_gain":0,"max_hp_loss":0,"event_name":"Bonfire Elementals","floor":11,"gold_loss":0},{"damage_healed":0,"gold_gain":50,"player_choice":"Stole From Cult","damage_taken":0,"max_hp_gain":0,"max_hp_loss":0,"event_name":"Nest","floor":19,"gold_loss":0},{"damage_healed":0,"gold_gain":0,"player_choice":"Copied","damage_taken":0,"max_hp_gain":0,"max_hp_loss":0,"event_name":"Duplicator","floor":20,"gold_loss":0,"cards_obtained":["Flame Barrier"]}],"is_beta":false,"boss_relics":[{"not_picked":["Pandora\u0027s Box","Philosopher\u0027s Stone"],"picked":"Sozu"}],"items_purged_floors":[8],"is_endless":false,"potions_floor_spawned":[1,4,10,16,22],"killed_by":"Slavers","ascension_level":20}