{"gold_per_floor":[113,113,113,128,144,144,157,82,132,132,132,57,70,85,85,162,162,172,190,201,201],"floor_reached":21,"playtime":1069,"items_purged":["Defend_B"],"score":303,"play_id":"88b25066-201e-43dc-988a-2073465ef54d","local_time":"20190308195555","is_ascension_mode":true,"campfire_choices":[{"floor":6.0,"key":"REST"},{"data":"Defragment","floor":10.0,"key":"SMITH"},{"data":"Static Discharge","floor":15.0,"key":"SMITH"}],"neow_cost":"TEN_PERCENT_HP_LOSS","seed_source_timestamp":489178454143125,"circlet_count":0,"master_deck":["AscendersBane","Strike_B","Strike_B","Defend_B","Defend_B","Zap","Dualcast","Leap","Defragment+1","Steam","Recycle","Hologram","FTL","Blizzard","Static Discharge+1","Lockon","Electrodynamics","Reprogram","Doom and Gloom","Aggregate"],"special_seed":0,"relics":["Cracked Core","Dream Catcher","Regal Pillow","Lantern","Inserter"],"potions_floor_usage":[16,19,20,21],"damage_taken":[{"damage":12.0,"enemies":"Jaw Worm","floor":1.0,"turns":4.0},{"damage":6.0,"enemies":"2 Louse","floor":4.0,"turns":2.0},{"damage":7.0,"enemies":"Small Slimes","floor":5.0,"turns":4.0},{"damage":5.0,"enemies":"3 Louse","floor":7.0,"turns":4.0},{"damage":0.0,"enemies":"Blue Slaver","floor":13.0,"turns":2.0},{"damage":6.0,"enemies":"2 Fungi Beasts","floor":14.0,"turns":3.0},{"damage":29,"enemies":"Slime Boss","floor":16,"turns":8},{"damage":7,"enemies":"3 Byrds","floor":18,"turns":3},{"damage":2,"enemies":"Spheric Guardian","floor":19,"turns":4},{"damage":33,"enemies":"Centurion and Healer","floor":20,"turns":5},{"damage":17,"enemies":"Snake Plant","floor":21,"turns":1}],"seed_played":"6500156642578694116","potions_obtained":[{"floor":5.0,"key":"SteroidPotion"},{"floor":7.0,"key":"FocusPotion"},{"floor":16,"key":"Ancient Potion"},{"floor":18,"key":"Weak Potion"},{"floor":19,"key":"Dexterity Potion"}],"is_trial":false,"path_per_floor":["M","?","?","M","M","R","M","?","T","R","T","$","M","M","R","B",null,"M","M","M","M"],"character_chosen":"DEFECT","items_purchased":[],"campfire_rested":1,"item_purchase_floors":[],"current_hp_per_floor":[52,52,52,46,39,58,53,53,53,53,53,53,53,47,47,18,53,46,44,11,0],"gold":201,"neow_bonus":"TRANSFORM_TWO_CARDS","is_prod":false,"is_daily":false,"chose_seed":false,"campfire_upgraded":2,"win_rate":0,"timestamp":1552042555,"path_taken":["M","?","?","M","M","R","M","?","T","R","?","$","M","M","R","BOSS","M","M","M","M"],"build_version":"2019-01-23","purchased_purges":1,"victory":false,"max_hp_per_floor":[64,64,64,64,64,64,64,64,64,64,64,64,64,64,64,64,64,64,64,64,64],"card_choices":[{"not_picked":["Barrage","Redo"],"picked":"Steam","floor":1.0},{"not_picked":["Beam Cell","Skim"],"picked":"Recycle","floor":4.0},{"not_picked":["Leap","Gash"],"picked":"Hologram","floor":5.0},{"not_picked":["Go for the Eyes","Barrage"],"picked":"FTL","floor":6.0},{"not_picked":["Barrage","Cold Snap"],"picked":"Blizzard","floor":7.0},{"not_picked":["Sunder","Conserve Battery"],"picked":"Static Discharge","floor":13.0},{"not_picked":["Undo","Gash"],"picked":"Lockon","floor":14.0},{"not_picked":["Meteor Strike","Reboot"],"picked":"Electrodynamics","floor":16},{"not_picked":["Gash","Lockon"],"picked":"Reprogram","floor":18},{"not_picked":["Streamline","Barrage"],"picked":"Doom and Gloom","floor":19},{"not_picked":["Recycle","Sweeping Beam"],"picked":"Aggregate","floor":20}],"player_experience":1053336,"relics_obtained":[{"floor":9.0,"key":"Regal Pillow"},{"floor":11.0,"key":"Lantern"}],"event_choices":[{"damage_healed":0.0,"max_hp_gain":0.0,"max_hp_loss":0.0,"gold_gain":0.0,"event_name":"Big Fish","player_choice":"Box","floor":2.0,"gold_loss":0.0,"damage_taken":0.0,"relics_obtained":["Dream Catcher"],"cards_obtained":["Regret"]},{"cards_removed":["Regret"],"damage_healed":0.0,"max_hp_gain":0.0,"max_hp_loss":0.0,"gold_gain":0.0,"event_name":"Living Wall","player_choice":"Forget","floor":3.0,"gold_loss":0.0,"damage_taken":0.0},{"cards_removed":["Strike_B"],"damage_healed":0.0,"max_hp_gain":0.0,"max_hp_loss":0.0,"gold_gain":0.0,"event_name":"The Cleric","player_choice":"Card Removal","floor":8.0,"gold_loss":75.0,"damage_taken":0.0}],"is_beta":false,"boss_relics":[{"not_picked":["Lizard Tail","Fusion Hammer"],"picked":"Inserter"}],"items_purged_floors":[12],"is_endless":false,"potions_floor_spawned":[5,7,16,18,19],"killed_by":"Snake Plant","ascension_level":15}