{"gold_per_floor":[110,110,5,80,100,100,128,148,223,223,243,255,255,255,255,255],"floor_reached":16,"playtime":304,"items_purged":["Strike_R"],"score":200,"play_id":"566467a2-144e-47a6-a52d-56cb06a705a2","local_time":"20190222025002","is_ascension_mode":true,"campfire_choices":[{"data":"Whirlwind","floor":6,"key":"SMITH"},{"data":"Deep Breath","floor":10,"key":"SMITH"},{"data":"Body Slam","floor":13,"key":"SMITH"},{"data":"Deep Breath","floor":15,"key":"SMITH"}],"neow_cost":"TEN_PERCENT_HP_LOSS","seed_source_timestamp":0,"circlet_count":0,"master_deck":["AscendersBane","Strike_R","Strike_R","Strike_R","Strike_R","Defend_R","Defend_R","Defend_R","Defend_R","Bash","Deep Breath+1","Deep Breath+1","Pommel Strike","Whirlwind+1","Feed","Body Slam+1"],"relics":["Burning Blood","Bronze Scales","Gremlin Horn"],"potions_floor_usage":[7,16,16],"damage_taken":[{"damage":9,"enemies":"2 Louse","floor":1,"turns":4},{"damage":8,"enemies":"Small Slimes","floor":5,"turns":3},{"damage":20,"enemies":"3 Sentries","floor":7,"turns":4},{"damage":0,"enemies":"Cultist","floor":8,"turns":3},{"damage":7,"enemies":"Looter","floor":11,"turns":3},{"damage":39,"enemies":"Exordium Thugs","floor":12,"turns":4},{"damage":24,"enemies":"Hexaghost","floor":16,"turns":7}],"seed_played":"-8397185011463599116","potions_obtained":[{"floor":1,"key":"SteroidPotion"},{"floor":5,"key":"LiquidBronze"},{"floor":12,"key":"SteroidPotion"}],"is_trial":false,"path_per_floor":["M","?","$","?","M","R","E","M","T","R","M","M","R","?","R","B"],"character_chosen":"IRONCLAD","items_purchased":["Pommel Strike"],"campfire_rested":0,"item_purchase_floors":[3],"current_hp_per_floor":[65,70,70,59,57,57,43,49,49,49,51,21,21,21,21,0],"gold":255,"neow_bonus":"RANDOM_COLORLESS_2","is_prod":false,"is_daily":false,"chose_seed":true,"campfire_upgraded":4,"win_rate":0,"timestamp":1550771402,"path_taken":["M","?","$","?","M","R","E","M","T","R","M","M","R","?","R","BOSS"],"build_version":"2019-01-23","purchased_purges":1,"victory":false,"max_hp_per_floor":[68,73,73,73,73,73,73,73,73,73,76,79,79,79,79,79],"card_choices":[{"not_picked":["Armaments","Sentinel","True Grit"],"picked":"SKIP","floor":1},{"not_picked":["Disarm","Pommel Strike"],"picked":"Whirlwind","floor":5},{"not_picked":["Armaments","Intimidate"],"picked":"Feed","floor":7},{"not_picked":["Shockwave","Wild Strike","Perfected Strike"],"picked":"SKIP","floor":8},{"not_picked":["Sword Boomerang","Shockwave","Heavy Blade"],"picked":"SKIP","floor":11},{"not_picked":["Sword Boomerang","Bloodletting"],"picked":"Body Slam","floor":12}],"player_experience":4378578,"relics_obtained":[{"floor":7,"key":"Bronze Scales"},{"floor":9,"key":"Gremlin Horn"}],"event_choices":[{"damage_healed":0,"gold_gain":0,"player_choice":"Donut","damage_taken":0,"max_hp_gain":5,"max_hp_loss":0,"event_name":"Big Fish","floor":2,"gold_loss":0},{"damage_healed":0,"gold_gain":75,"player_choice":"Gather Gold","damage_taken":11,"max_hp_gain":0,"max_hp_loss":0,"event_name":"World of Goop","floor":4,"gold_loss":0},{"damage_healed":0,"gold_gain":0,"player_choice":"Searched \u00270\u0027 times","damage_taken":0,"max_hp_gain":0,"max_hp_loss":0,"event_name":"Dead Adventurer","floor":14,"gold_loss":0}],"is_beta":false,"boss_relics":[],"items_purged_floors":[3],"is_endless":false,"potions_floor_spawned":[1,5,12],"killed_by":"Hexaghost","ascension_level":20}