{"gold_per_floor":[115,115,65,65,165,181,36,55,55,73,84,84,133,144,144,144],"floor_reached":16,"playtime":912,"items_purged":["Strike_R"],"score":97,"play_id":"7484898e-5679-483b-ad42-43a21d4b3ecd","local_time":"20190214192353","is_ascension_mode":true,"campfire_choices":[{"data":"Seeing Red","floor":12,"key":"SMITH"},{"data":"Pommel Strike","floor":15,"key":"SMITH"}],"neow_cost":"TEN_PERCENT_HP_LOSS","seed_source_timestamp":33504567507417,"circlet_count":0,"master_deck":["Strike_R","Strike_R","Defend_R","Defend_R","Defend_R","Defend_R","Bash","Pommel Strike+1","Dual Wield","Feel No Pain","Seeing Red+1","Spot Weakness"],"relics":["Burning Blood","FossilizedHelix","Potion Belt","Art of War"],"potions_floor_usage":[10,16,16],"damage_taken":[{"damage":7,"enemies":"2 Louse","floor":1,"turns":3},{"damage":0,"enemies":"Small Slimes","floor":6,"turns":4},{"damage":0,"enemies":"Cultist","floor":8,"turns":3},{"damage":7,"enemies":"Exordium Thugs","floor":10,"turns":7},{"damage":9,"enemies":"Blue Slaver","floor":11,"turns":4},{"damage":2,"enemies":"Large Slime","floor":14,"turns":7},{"damage":72,"enemies":"Hexaghost","floor":16,"turns":9}],"seed_played":"-411959943280846592","potions_obtained":[{"floor":8,"key":"Block Potion"},{"floor":11,"key":"Poison Potion"},{"floor":14,"key":"AttackPotion"}],"is_trial":false,"path_per_floor":["M","?","?","$","?","M","$","M","T","M","M","R","T","M","R","B"],"character_chosen":"IRONCLAD","items_purchased":["Feel No Pain"],"campfire_rested":0,"item_purchase_floors":[7],"current_hp_per_floor":[71,64,64,64,64,70,70,72,72,71,68,68,68,72,72,0],"gold":144,"neow_bonus":"ONE_RARE_RELIC","is_prod":false,"is_daily":false,"chose_seed":false,"campfire_upgraded":2,"win_rate":0,"timestamp":1550139833,"path_taken":["M","?","?","$","?","M","$","?","T","M","M","R","?","M","R","BOSS"],"build_version":"2019-01-23","purchased_purges":1,"victory":false,"max_hp_per_floor":[72,72,72,72,72,72,72,72,72,72,72,72,72,72,72,72],"card_choices":[{"not_picked":["Clothesline","Shockwave"],"picked":"Pommel Strike","floor":1},{"not_picked":["Twin Strike","Wild Strike"],"picked":"Dual Wield","floor":6},{"not_picked":["Anger","Clash","Clothesline"],"picked":"SKIP","floor":8},{"not_picked":["Clothesline","Anger"],"picked":"Seeing Red","floor":10},{"not_picked":["Headbutt","Entrench"],"picked":"Spot Weakness","floor":11},{"not_picked":["Havoc","Twin Strike","Wild Strike"],"picked":"SKIP","floor":14}],"player_experience":89056,"relics_obtained":[{"floor":9,"key":"Potion Belt"},{"floor":13,"key":"Art of War"}],"event_choices":[{"cards_removed":["Strike_R"],"damage_healed":0,"gold_gain":0,"player_choice":"Card Removal","damage_taken":7,"max_hp_gain":0,"max_hp_loss":0,"event_name":"Golden Wing","floor":2,"gold_loss":0},{"cards_removed":["Strike_R"],"damage_healed":0,"gold_gain":0,"player_choice":"Card Removal","damage_taken":0,"max_hp_gain":0,"max_hp_loss":0,"event_name":"The Cleric","floor":3,"gold_loss":50},{"damage_healed":0,"gold_gain":100,"player_choice":"Pray","damage_taken":0,"max_hp_gain":0,"max_hp_loss":0,"event_name":"Golden Shrine","floor":5,"gold_loss":0}],"is_beta":false,"boss_relics":[],"items_purged_floors":[7],"is_endless":false,"potions_floor_spawned":[8,11,14],"killed_by":"Hexaghost","ascension_level":1}