{"gold_per_floor":[112,112,130,8,24,24,24,24,48,65,79,79,105,116,116,220,220,238,6,16,36,36,36,51,51,51,51,71,71,102,119,119,221,221,234,234,251,351,406,406,5,5,5,5,23,23,36,51,51,51],"floor_reached":51,"playtime":912,"items_purged":["Strike_R","Strike_R"],"score":784,"play_id":"9a3def21-e796-4779-8cf1-542913f79538","local_time":"20190107233901","is_ascension_mode":false,"campfire_choices":[{"data":"Body Slam","floor":6.0,"key":"SMITH"},{"data":"Immolate","floor":8.0,"key":"SMITH"},{"data":"Shrug It Off","floor":12.0,"key":"SMITH"},{"data":"Bash","floor":15.0,"key":"SMITH"},{"data":"Sword Boomerang","floor":23.0,"key":"SMITH"},{"data":"Infernal Blade","floor":25.0,"key":"SMITH"},{"data":"Impervious","floor":27.0,"key":"SMITH"},{"floor":32.0,"key":"REST"},{"data":"Barricade","floor":40.0,"key":"SMITH"},{"data":"Strike_R","floor":42,"key":"PURGE"},{"data":"Defend_R","floor":44,"key":"PURGE"},{"data":"Defend_R","floor":49,"key":"PURGE"}],"neow_cost":"NONE","seed_source_timestamp":509257068480371,"circlet_count":0,"master_deck":["Defend_R","Defend_R","Bash+1","Infernal Blade+1","Immolate+1","Body Slam+1","Shrug It Off+1","Sword Boomerang+1","Impervious+1","Flex+1","Battle Trance+1","Burning Pact+1","Reaper","Offering","Barricade+1","Entrench+1","Fiend Fire"],"special_seed":0,"relics":["Empty Cage","Boot","Odd Mushroom","Mark of Pain","TheAbacus","Bottled Lightning","Girya","Eternal Feather","Pocketwatch","Gambling Chip","Peace Pipe","Prayer Wheel"],"potions_floor_usage":[],"damage_taken":[{"damage":5.0,"enemies":"Jaw Worm","floor":1.0,"turns":5.0},{"damage":1.0,"enemies":"Cultist","floor":3.0,"turns":3.0},{"damage":0.0,"enemies":"Small Slimes","floor":5.0,"turns":1.0},{"damage":2.0,"enemies":"Exordium Thugs","floor":10.0,"turns":2.0},{"damage":0.0,"enemies":"3 Louse","floor":11.0,"turns":1.0},{"damage":0.0,"enemies":"The Mushroom Lair","floor":13.0,"turns":2.0},{"damage":0.0,"enemies":"Blue Slaver","floor":14.0,"turns":3.0},{"damage":47.0,"enemies":"Hexaghost","floor":16.0,"turns":8.0},{"damage":10.0,"enemies":"Shell Parasite","floor":18.0,"turns":3.0},{"damage":9.0,"enemies":"2 Thieves","floor":20.0,"turns":3.0},{"damage":0.0,"enemies":"Snake Plant","floor":21.0,"turns":2.0},{"damage":10.0,"enemies":"Chosen and Byrds","floor":24.0,"turns":2.0},{"damage":1.0,"enemies":"Shelled Parasite and Fungi","floor":28.0,"turns":3.0},{"damage":21.0,"enemies":"Slavers","floor":30.0,"turns":3.0},{"damage":18.0,"enemies":"Cultist and Chosen","floor":31.0,"turns":5.0},{"damage":47.0,"enemies":"Champ","floor":33.0,"turns":7.0},{"damage":10.0,"enemies":"Orb Walker","floor":35.0,"turns":2.0},{"damage":6.0,"enemies":"3 Darklings","floor":37.0,"turns":2.0},{"damage":6.0,"enemies":"Mind Bloom Boss Battle","floor":38.0,"turns":7.0},{"damage":6.0,"enemies":"2 Orb Walkers","floor":39.0,"turns":4.0},{"damage":6,"enemies":"Sphere and 2 Shapes","floor":45,"turns":4},{"damage":6,"enemies":"Transient","floor":47,"turns":4},{"damage":14,"enemies":"Jaw Worm Horde","floor":48,"turns":4},{"damage":26,"enemies":"Awakened One","floor":50,"turns":5}],"seed_played":"2763066615707972726","potions_obtained":[{"floor":5.0,"key":"AttackPotion"},{"floor":11.0,"key":"Fire Potion"},{"floor":14.0,"key":"SteroidPotion"},{"floor":16.0,"key":"PowerPotion"},{"floor":21.0,"key":"GamblersBrew"},{"floor":24.0,"key":"Ancient Potion"},{"floor":35.0,"key":"Energy Potion"},{"floor":37.0,"key":"EssenceOfSteel"},{"floor":45,"key":"Regen Potion"}],"is_trial":false,"path_per_floor":["M","?","M","$","M","R","?","R","T","M","M","R","?","M","R","B",null,"M","$","M","M","?","R","M","R","T","R","M","?","E","M","R","B",null,"M","?","M","?","?","R","$","R","T","R","M","?","M","M","R","B",null],"character_chosen":"IRONCLAD","items_purchased":["Body Slam","Battle Trance","TheAbacus","Peace Pipe"],"campfire_rested":1,"item_purchase_floors":[4,19,19,41],"current_hp_per_floor":[75,75,74,74,74,74,74,74,74,72,72,72,72,72,72,25,80,70,70,61,61,61,61,51,51,51,51,50,50,29,12,36,4,80,80,90,90,90,84,90,90,90,90,90,90,90,84,70,79,53],"gold":51,"neow_bonus":"BOSS_RELIC","is_prod":false,"is_daily":false,"chose_seed":false,"campfire_upgraded":8,"win_rate":0,"timestamp":1546871941,"path_taken":["M","?","M","?","M","R","?","R","T","?","M","R","?","M","R","BOSS","M","$","M","M","?","R","M","R","T","R","?","?","E","M","R","BOSS","M","?","?","?","?","R","?","R","T","R","M","?","M","M","R","BOSS"],"build_version":"2019-01-03v4","purchased_purges":2,"victory":true,"max_hp_per_floor":[80,80,80,80,80,80,80,80,80,80,80,80,80,80,80,80,80,80,80,80,80,80,80,80,80,80,80,80,80,80,80,80,80,80,80,90,90,90,90,90,90,90,90,90,90,90,90,90,90,90],"card_choices":[{"not_picked":["Clothesline","Sentinel"],"picked":"Infernal Blade","floor":1.0},{"not_picked":["Flex","Hemokinesis","Blood for Blood"],"picked":"SKIP","floor":3.0},{"not_picked":["Cleave","Body Slam","Heavy Blade"],"picked":"SKIP","floor":5.0},{"not_picked":["True Grit","Wild Strike"],"picked":"Shrug It Off","floor":10.0},{"not_picked":["Shrug It Off","Fire Breathing","Rampage"],"picked":"SKIP","floor":11.0},{"not_picked":["Anger","Cleave"],"picked":"Sword Boomerang","floor":13.0},{"not_picked":["Bloodletting","True Grit"],"picked":"Bludgeon","floor":14.0},{"not_picked":["Brutality","Limit Break"],"picked":"Impervious","floor":16.0},{"not_picked":["Heavy Blade","Warcry"],"picked":"Flex+1","floor":18.0},{"not_picked":["Clash+1","Inflame","Clothesline"],"picked":"SKIP","floor":20.0},{"not_picked":["Heavy Blade","Thunderclap","Pommel Strike"],"picked":"SKIP","floor":21.0},{"not_picked":["Intimidate","Shockwave+1"],"picked":"Burning Pact+1","floor":24.0},{"not_picked":["Thunderclap","Searing Blow+1","Inflame"],"picked":"SKIP","floor":28.0},{"not_picked":["Inflame","Intimidate"],"picked":"Reaper","floor":30.0},{"not_picked":["Wild Strike","Rupture","Cleave+1"],"picked":"SKIP","floor":31.0},{"not_picked":["Feed","Reaper"],"picked":"Offering","floor":33.0},{"not_picked":["Sword Boomerang","Perfected Strike+1","Heavy Blade+1"],"picked":"SKIP","floor":35.0},{"not_picked":["Havoc","Pommel Strike+1"],"picked":"Barricade","floor":37.0},{"not_picked":["Perfected Strike","Warcry"],"picked":"Entrench+1","floor":38.0},{"not_picked":["Rupture","Infernal Blade+1"],"picked":"Fiend Fire","floor":45},{"not_picked":["True Grit","Twin Strike+1","Sword Boomerang+1"],"picked":"SKIP","floor":45},{"not_picked":["Iron Wave","Perfected Strike","Sword Boomerang"],"picked":"SKIP","floor":47},{"not_picked":["Pommel Strike+1","Feel No Pain","Infernal Blade"],"picked":"SKIP","floor":47},{"not_picked":["Sever Soul+1","Headbutt+1","Iron Wave"],"picked":"SKIP","floor":48},{"not_picked":["Ghostly Armor","Clothesline+1","Dark Embrace"],"picked":"SKIP","floor":48}],"player_experience":4005049,"relics_obtained":[{"floor":9.0,"key":"Boot"},{"floor":13.0,"key":"Odd Mushroom"},{"floor":26.0,"key":"Bottled Lightning"},{"floor":30.0,"key":"Girya"},{"floor":38.0,"key":"Pocketwatch"},{"floor":39.0,"key":"Gambling Chip"},{"floor":43,"key":"Prayer Wheel"}],"event_choices":[{"damage_healed":0.0,"max_hp_gain":0.0,"max_hp_loss":0.0,"gold_gain":0.0,"event_name":"Match and Keep!","player_choice":"1 cards matched","floor":2.0,"gold_loss":0.0,"damage_taken":0.0,"cards_obtained":["Immolate"]},{"damage_healed":0.0,"max_hp_gain":0.0,"max_hp_loss":0.0,"gold_gain":0.0,"event_name":"The Cleric","player_choice":"Leave","floor":7.0,"gold_loss":0.0,"damage_taken":0.0},{"damage_healed":0.0,"max_hp_gain":0.0,"max_hp_loss":0.0,"gold_gain":0.0,"event_name":"Mushrooms","player_choice":"Fought Mushrooms","floor":13.0,"gold_loss":0.0,"damage_taken":0.0},{"damage_healed":0.0,"max_hp_gain":0.0,"max_hp_loss":0.0,"gold_gain":0.0,"event_name":"Upgrade Shrine","player_choice":"Upgraded","floor":22.0,"gold_loss":0.0,"damage_taken":0.0,"cards_upgraded":["Battle Trance"]},{"cards_removed":["Bludgeon"],"damage_healed":0.0,"max_hp_gain":10.0,"max_hp_loss":0.0,"gold_gain":0.0,"event_name":"Bonfire Elementals","player_choice":"Offered Rare","floor":36.0,"gold_loss":0.0,"damage_taken":0.0},{"damage_healed":0.0,"max_hp_gain":0.0,"max_hp_loss":0.0,"gold_gain":0.0,"event_name":"MindBloom","player_choice":"Fight","floor":38.0,"gold_loss":0.0,"damage_taken":0.0},{"damage_healed":0.0,"max_hp_gain":0.0,"max_hp_loss":0.0,"gold_gain":0.0,"event_name":"Mysterious Sphere","player_choice":"Fight","floor":39.0,"gold_loss":0.0,"damage_taken":0.0},{"damage_healed":0,"gold_gain":0,"player_choice":"Memory 1","damage_taken":0,"max_hp_gain":0,"max_hp_loss":0,"event_name":"SensoryStone","floor":46,"gold_loss":0}],"is_beta":false,"boss_relics":[{"not_picked":["Black Star","Philosopher\u0027s Stone"],"picked":"Mark of Pain"},{"not_picked":["Fusion Hammer","Runic Cube"],"picked":"Eternal Feather"}],"items_purged_floors":[4,41],"is_endless":false,"potions_floor_spawned":[5,11,14,16,21,24,30,31,35,37,45],"ascension_level":0}