{"gold_per_floor":[99,99,99,99,99,99,99,99,99,99,99,15,15,15,15,15,15,15,15,15,15,15,15,15,15,15,15,15,15,15,15,15,15,15,15,15,15,15,15,15,15,15,15,15,15,15,15,15,15,15],"floor_reached":51,"playtime":2923,"items_purged":[],"score":1348,"play_id":"a547ad64-0746-4879-beec-b72c933983be","local_time":"20190320144114","is_ascension_mode":true,"campfire_choices":[{"data":"True Grit","floor":6.0,"key":"SMITH"},{"data":"Second Wind","floor":8.0,"key":"SMITH"},{"data":"Battle Trance","floor":10.0,"key":"SMITH"},{"data":"Flame Barrier","floor":15.0,"key":"SMITH"},{"data":"Armaments","floor":23.0,"key":"SMITH"},{"floor":28.0,"key":"REST"},{"floor":32.0,"key":"REST"},{"floor":40.0,"key":"REST"},{"data":"Demon Form","floor":47.0,"key":"SMITH"},{"floor":49.0,"key":"REST"}],"neow_cost":"NONE","seed_source_timestamp":14552629789854,"circlet_count":0,"master_deck":["AscendersBane","Strike_R+1","Strike_R+1","Strike_R+1","Defend_R+1","Defend_R+1","Defend_R+1","Defend_R+1","Bash","Battle Trance+1","Flame Barrier+1","Carnage","True Grit+1","Second Wind+1","Headbutt","Seeing Red","Feel No Pain","Double Tap","Anger","Armaments+1","Juggernaut","Clothesline","Corruption","Disarm","Burning Pact","Rage","Demon Form+1","Power Through+1","Heavy Blade+1","Bandage Up","Bandage Up","Dark Shackles","Clothesline+1","Clothesline","Reaper","Flex","Spot Weakness","Shrug It Off+1","Dual Wield+1"],"special_seed":0,"relics":["Ectoplasm","Shuriken","Sundial","Self Forming Clay","Snecko Eye","Red Mask","Enchiridion","Juzu Bracelet","Sozu","Dodecahedron","Oddly Smooth Stone"],"potions_floor_usage":[],"damage_taken":[{"damage":5.0,"enemies":"2 Louse","floor":1.0,"turns":3.0},{"damage":6.0,"enemies":"Cultist","floor":2.0,"turns":3.0},{"damage":0.0,"enemies":"Jaw Worm","floor":3.0,"turns":4.0},{"damage":5.0,"enemies":"3 Louse","floor":4.0,"turns":3.0},{"damage":0.0,"enemies":"2 Fungi Beasts","floor":7.0,"turns":3.0},{"damage":8.0,"enemies":"Exordium Wildlife","floor":11.0,"turns":5.0},{"damage":0.0,"enemies":"Large Slime","floor":13.0,"turns":7.0},{"damage":21.0,"enemies":"3 Sentries","floor":14.0,"turns":10.0},{"damage":26.0,"enemies":"The Guardian","floor":16.0,"turns":9.0},{"damage":0.0,"enemies":"3 Byrds","floor":18.0,"turns":3.0},{"damage":12.0,"enemies":"Masked Bandits","floor":19.0,"turns":4.0},{"damage":7.0,"enemies":"Shell Parasite","floor":21.0,"turns":3.0},{"damage":9.0,"enemies":"Snake Plant","floor":22.0,"turns":3.0},{"damage":2.0,"enemies":"Centurion and Healer","floor":24.0,"turns":3.0},{"damage":4.0,"enemies":"3 Cultists","floor":30.0,"turns":4.0},{"damage":0.0,"enemies":"Snake Plant","floor":31.0,"turns":2.0},{"damage":33.0,"enemies":"Automaton","floor":33.0,"turns":7.0},{"damage":7.0,"enemies":"3 Darklings","floor":35.0,"turns":6.0},{"damage":0.0,"enemies":"3 Shapes","floor":36.0,"turns":4.0},{"damage":9.0,"enemies":"3 Darklings","floor":37.0,"turns":4.0},{"damage":17.0,"enemies":"Maw","floor":39.0,"turns":7.0},{"damage":0.0,"enemies":"Giant Head","floor":41.0,"turns":6.0},{"damage":15.0,"enemies":"Writhing Mass","floor":45.0,"turns":6.0},{"damage":25.0,"enemies":"Jaw Worm Horde","floor":48.0,"turns":5.0},{"damage":31,"enemies":"Time Eater","floor":50,"turns":9}],"seed_played":"-2526758962604319763","potions_obtained":[{"floor":1.0,"key":"AttackPotion"},{"floor":2.0,"key":"SpeedPotion"},{"floor":7.0,"key":"Fruit Juice"},{"floor":22.0,"key":"Ancient Potion"},{"floor":31.0,"key":"GamblersBrew"},{"floor":33.0,"key":"Strength Potion"}],"is_trial":false,"path_per_floor":["M","M","M","M","?","R","M","R","T","R","M","$","M","E","R","B",null,"M","?","?","M","M","R","M","?","T","?","R","?","M","M","R","B",null,"M","M","M","?","M","R","E","?","T","?","M","?","R","M","R","B",null],"character_chosen":"IRONCLAD","items_purchased":["Regen Potion"],"campfire_rested":4,"item_purchase_floors":[12],"current_hp_per_floor":[63,57,57,52,52,52,57,57,57,57,49,49,49,43,43,17,64,64,52,52,45,36,36,34,13,13,13,37,37,33,33,57,24,66,59,59,50,40,31,55,65,65,65,65,58,50,50,31,55,55],"gold":15,"neow_bonus":"BOSS_RELIC","is_prod":false,"is_daily":false,"chose_seed":false,"campfire_upgraded":6,"win_rate":0,"timestamp":1553060474,"path_taken":["M","M","M","M","?","R","M","R","T","R","?","?","M","E","R","BOSS","M","?","?","M","M","R","M","?","T","?","R","?","M","M","R","BOSS","M","M","M","?","M","R","E","?","T","?","M","?","R","M","R","BOSS"],"build_version":"2019-01-23","purchased_purges":0,"victory":true,"max_hp_per_floor":[75,75,75,75,75,75,80,80,80,80,80,80,80,80,80,80,80,80,80,80,80,80,80,80,80,80,80,80,80,80,80,80,80,80,80,80,80,80,80,80,80,80,80,80,80,80,80,80,80,80],"card_choices":[{"not_picked":["Headbutt","Flame Barrier"],"picked":"Battle Trance","floor":1.0},{"not_picked":["Flex","Shrug It Off"],"picked":"Flame Barrier","floor":2.0},{"not_picked":["Body Slam","Dropkick"],"picked":"Carnage","floor":3.0},{"not_picked":["Dual Wield","Heavy Blade"],"picked":"True Grit","floor":4.0},{"not_picked":["Thunderclap","Twin Strike"],"picked":"Second Wind","floor":7.0},{"not_picked":["Fire Breathing","Bloodletting"],"picked":"Headbutt","floor":11.0},{"not_picked":["Clothesline","Havoc"],"picked":"Seeing Red","floor":13.0},{"not_picked":["Berserk","Cleave"],"picked":"Feel No Pain","floor":14.0},{"not_picked":["Brutality","Feed"],"picked":"Double Tap","floor":16.0},{"not_picked":["Heavy Blade","Wild Strike"],"picked":"Anger","floor":18.0},{"not_picked":["Body Slam","Flame Barrier"],"picked":"Armaments","floor":21.0},{"not_picked":["Clash","Dual Wield"],"picked":"Juggernaut","floor":22.0},{"not_picked":["Rampage","Armaments"],"picked":"Clothesline","floor":24.0},{"not_picked":["Clash","Infernal Blade"],"picked":"Burning Pact","floor":30.0},{"not_picked":["Armaments","Second Wind"],"picked":"Rage","floor":31.0},{"not_picked":["Juggernaut","Barricade"],"picked":"Demon Form","floor":33.0},{"not_picked":["Anger","Twin Strike+1"],"picked":"Power Through+1","floor":35.0},{"not_picked":["Cleave+1","Clothesline"],"picked":"Heavy Blade+1","floor":36.0},{"not_picked":["Anger","Perfected Strike","Iron Wave"],"picked":"SKIP","floor":37.0},{"not_picked":["Blind","PanicButton"],"picked":"Bandage Up","floor":38.0},{"not_picked":["Madness","Jack Of All Trades"],"picked":"Bandage Up","floor":38.0},{"not_picked":["Swift Strike","Flash of Steel"],"picked":"Dark Shackles","floor":38.0},{"not_picked":["Disarm","Clash+1"],"picked":"Clothesline+1","floor":39.0},{"not_picked":["Power Through","Twin Strike+1"],"picked":"Clothesline","floor":41.0},{"not_picked":["Cleave+1","Hemokinesis"],"picked":"Shrug It Off+1","floor":45.0},{"not_picked":["Iron Wave+1","Rage"],"picked":"Dual Wield+1","floor":48.0}],"player_experience":371619,"relics_obtained":[{"floor":9.0,"key":"Sundial"},{"floor":14.0,"key":"Self Forming Clay"},{"floor":19.0,"key":"Red Mask"},{"floor":25.0,"key":"Enchiridion"},{"floor":26.0,"key":"Juzu Bracelet"},{"floor":41.0,"key":"Dodecahedron"},{"floor":43.0,"key":"Oddly Smooth Stone"}],"event_choices":[{"damage_healed":0.0,"max_hp_gain":0.0,"max_hp_loss":0.0,"gold_gain":0.0,"event_name":"WeMeetAgain","player_choice":"Gave Potion","floor":5.0,"gold_loss":0.0,"damage_taken":0.0,"relics_obtained":["Shuriken"]},{"damage_healed":0.0,"max_hp_gain":0.0,"max_hp_loss":0.0,"gold_gain":0.0,"event_name":"Masked Bandits","player_choice":"Fought Bandits","floor":19.0,"gold_loss":0.0,"damage_taken":0.0},{"damage_healed":0.0,"max_hp_gain":0.0,"max_hp_loss":0.0,"gold_gain":0.0,"event_name":"Back to Basics","player_choice":"Simplicity","floor":20.0,"gold_loss":0.0,"damage_taken":0.0,"cards_upgraded":["Strike_R","Strike_R","Strike_R","Strike_R","Strike_R","Defend_R","Defend_R","Defend_R","Defend_R"]},{"damage_healed":0.0,"max_hp_gain":0.0,"max_hp_loss":0.0,"gold_gain":0.0,"event_name":"Cursed Tome","player_choice":"Obtained Book","floor":25.0,"gold_loss":0.0,"damage_taken":21.0},{"damage_healed":0.0,"max_hp_gain":0.0,"max_hp_loss":0.0,"gold_gain":0.0,"cards_transformed":["Strike_R","Strike_R"],"event_name":"Drug Dealer","player_choice":"Became Test Subject","floor":27.0,"gold_loss":0.0,"damage_taken":0.0,"cards_obtained":["Corruption","Disarm"]},{"damage_healed":0.0,"max_hp_gain":0.0,"max_hp_loss":0.0,"gold_gain":0.0,"event_name":"Beggar","player_choice":"Ignored","floor":29.0,"gold_loss":0.0,"damage_taken":0.0},{"damage_healed":0.0,"max_hp_gain":0.0,"max_hp_loss":0.0,"gold_gain":0.0,"event_name":"SensoryStone","player_choice":"Memory 3","floor":38.0,"gold_loss":0.0,"damage_taken":10.0},{"damage_healed":0.0,"max_hp_gain":0.0,"max_hp_loss":0.0,"gold_gain":0.0,"event_name":"Match and Keep!","player_choice":"3 cards matched","floor":42.0,"gold_loss":0.0,"damage_taken":0.0,"cards_obtained":["Reaper","Flex","Spot Weakness"]},{"damage_healed":0.0,"max_hp_gain":0.0,"max_hp_loss":0.0,"gold_gain":222.0,"event_name":"Tomb of Lord Red Mask","player_choice":"Wore Mask","floor":44.0,"gold_loss":0.0,"damage_taken":0.0},{"damage_healed":0.0,"max_hp_gain":0.0,"max_hp_loss":0.0,"gold_gain":50.0,"event_name":"FaceTrader","player_choice":"Touch","floor":46.0,"gold_loss":0.0,"damage_taken":8.0}],"is_beta":false,"boss_relics":[{"not_picked":["Coffee Dripper","Tiny House"],"picked":"Snecko Eye"},{"not_picked":["Astrolabe","Runic Cube"],"picked":"Sozu"}],"items_purged_floors":[],"is_endless":false,"potions_floor_spawned":[1,2,7,22,31,33,41,48],"ascension_level":18}