{"gold_per_floor":[111,131,81,81,91,91,123,123,123,123,5,64,82,36,36,131,131,131],"floor_reached":18,"playtime":1305,"items_purged":[],"score":198,"play_id":"ee6b190d-ade0-485c-80fd-f623d1e3e621","local_time":"20190322235430","is_ascension_mode":true,"campfire_choices":[{"data":"Chill","floor":6,"key":"SMITH"},{"floor":8,"key":"REST"},{"data":"Zap","floor":10,"key":"SMITH"},{"data":"Hologram","floor":15,"key":"SMITH"}],"neow_cost":"NONE","seed_source_timestamp":329779584700,"circlet_count":0,"master_deck":["Strike_B","Strike_B","Strike_B","Strike_B","Defend_B","Defend_B","Defend_B","Zap+1","Dualcast","Gash","Chill+1","Auto Shields","Hologram+1","Loop+1","Rebound","Ball Lightning","Steam","Reboot"],"relics":["FrozenCore","Frozen Egg 2","Meat on the Bone","Ginger"],"potions_floor_usage":[],"damage_taken":[{"damage":7,"enemies":"Jaw Worm","floor":1,"turns":4},{"damage":0,"enemies":"Small Slimes","floor":2,"turns":2},{"damage":5,"enemies":"2 Louse","floor":5,"turns":3},{"damage":34,"enemies":"Gremlin Nob","floor":7,"turns":4},{"damage":25,"enemies":"Gremlin Nob","floor":12,"turns":4},{"damage":10,"enemies":"Exordium Thugs","floor":13,"turns":6},{"damage":39,"enemies":"Hexaghost","floor":16,"turns":9},{"damage":4,"enemies":"3 Byrds","floor":18,"turns":2}],"seed_played":"-3477253953546495180","potions_obtained":[{"floor":2,"key":"Ancient Potion"},{"floor":16,"key":"SpeedPotion"}],"is_trial":false,"path_per_floor":["M","M","?","?","M","R","E","R","T","R","$","?","M","$","R","B",null,"M"],"character_chosen":"DEFECT","items_purchased":["Hologram","Loop+1","Steam"],"campfire_rested":1,"item_purchase_floors":[11,11,14],"current_hp_per_floor":[75,75,75,75,70,70,36,60,60,60,60,47,49,49,49,22,67,63],"gold":131,"neow_bonus":"TEN_PERCENT_HP_BONUS","is_prod":false,"is_daily":false,"chose_seed":false,"campfire_upgraded":3,"win_rate":0,"timestamp":1553295270,"path_taken":["M","M","?","?","M","R","E","R","T","R","$","?","M","$","R","BOSS","M"],"build_version":"2019-01-23","purchased_purges":0,"victory":false,"max_hp_per_floor":[82,82,82,82,82,82,82,82,82,82,82,82,82,82,82,82,82,82],"card_choices":[{"not_picked":["Go for the Eyes","Streamline"],"picked":"Gash","floor":1},{"not_picked":["Hello World","Steam"],"picked":"Chill","floor":2},{"not_picked":["Stack","Turbo","Self Repair"],"picked":"SKIP","floor":5},{"not_picked":["Lockon","Fusion"],"picked":"Auto Shields","floor":7},{"not_picked":["Hello World+1","Fusion"],"picked":"Rebound","floor":12},{"not_picked":["Auto Shields","Streamline"],"picked":"Ball Lightning","floor":13},{"not_picked":["Rainbow","Fission"],"picked":"Reboot","floor":16}],"player_experience":416443,"relics_obtained":[{"floor":7,"key":"Frozen Egg 2"},{"floor":9,"key":"Meat on the Bone"}],"event_choices":[{"cards_removed":["Defend_B"],"damage_healed":0,"gold_gain":0,"player_choice":"Card Removal","damage_taken":0,"max_hp_gain":0,"max_hp_loss":0,"event_name":"The Cleric","floor":3,"gold_loss":50},{"damage_healed":0,"gold_gain":0,"player_choice":"Ignored","damage_taken":0,"max_hp_gain":0,"max_hp_loss":0,"event_name":"Liars Game","floor":4,"gold_loss":0},{"damage_healed":0,"gold_gain":0,"player_choice":"Searched \u00272\u0027 times","damage_taken":0,"relics_obtained":["Ginger"],"max_hp_gain":0,"max_hp_loss":0,"event_name":"Dead Adventurer","floor":12,"gold_loss":0}],"is_beta":false,"boss_relics":[{"not_picked":["Fusion Hammer","Inserter"],"picked":"FrozenCore"}],"items_purged_floors":[],"is_endless":false,"potions_floor_spawned":[2,16],"killed_by":"3 Byrds","ascension_level":5}