{"gold_per_floor":[116,128,142,5,20,20,50,70,144,144,144,158,158,175,175,175],"floor_reached":16,"playtime":555,"items_purged":[],"score":198,"play_id":"b6b1f222-61fc-450d-924a-f6cf4d3590fb","local_time":"20190319131223","is_ascension_mode":true,"campfire_choices":[{"data":"Armaments","floor":6,"key":"SMITH"},{"data":"Fiend Fire","floor":11,"key":"SMITH"},{"data":"Anger","floor":13,"key":"SMITH"},{"data":"Shockwave","floor":15,"key":"SMITH"}],"neow_cost":"NONE","seed_source_timestamp":12410998757848,"circlet_count":0,"master_deck":["AscendersBane","Strike_R","Strike_R","Strike_R","Strike_R","Defend_R","Defend_R","Defend_R","Defend_R","Bash","Shockwave+1","Iron Wave","Dual Wield","Fiend Fire+1","Wild Strike","Armaments+1","Warcry","Anger+1","Ghostly Armor"],"special_seed":0,"relics":["Burning Blood","NeowsBlessing","Red Skull","Singing Bowl"],"potions_floor_usage":[5,12,16],"damage_taken":[{"damage":0.0,"enemies":"2 Louse","floor":1.0,"turns":1.0},{"damage":0.0,"enemies":"Jaw Worm","floor":2.0,"turns":1.0},{"damage":0.0,"enemies":"Cultist","floor":3.0,"turns":1.0},{"damage":10,"enemies":"Exordium Thugs","floor":5,"turns":3},{"damage":25,"enemies":"Lagavulin","floor":7,"turns":6},{"damage":8,"enemies":"2 Fungi Beasts","floor":8,"turns":3},{"damage":13,"enemies":"3 Louse","floor":12,"turns":3},{"damage":6,"enemies":"Exordium Thugs","floor":14,"turns":2},{"damage":39,"enemies":"Hexaghost","floor":16,"turns":9}],"seed_played":"-1687040583263370240","potions_obtained":[{"floor":1.0,"key":"SkillPotion"},{"floor":3.0,"key":"Fire Potion"},{"floor":7,"key":"PowerPotion"},{"floor":12,"key":"FearPotion"}],"is_trial":false,"path_per_floor":["M","M","M","$","M","R","E","M","T","?","R","M","R","M","R","B"],"character_chosen":"IRONCLAD","items_purchased":["Fiend Fire","Wild Strike"],"campfire_rested":0,"item_purchase_floors":[4,4],"current_hp_per_floor":[74,75,75,75,71,71,52,50,50,43,43,36,36,38,38,0],"gold":175,"neow_bonus":"THREE_ENEMY_KILL","is_prod":false,"is_daily":false,"chose_seed":false,"campfire_upgraded":4,"win_rate":0,"timestamp":1552968743,"path_taken":["M","M","M","$","M","R","E","M","T","?","R","M","R","M","R","BOSS"],"build_version":"2019-01-23","purchased_purges":0,"victory":false,"max_hp_per_floor":[75,75,75,75,75,75,75,75,75,75,75,75,75,77,77,77],"card_choices":[{"not_picked":["Warcry","Headbutt"],"picked":"Shockwave","floor":1.0},{"not_picked":["Twin Strike","Havoc"],"picked":"Iron Wave","floor":2.0},{"not_picked":["Clash","Ghostly Armor"],"picked":"Dual Wield","floor":3.0},{"not_picked":["Thunderclap","Cleave"],"picked":"Armaments","floor":5},{"not_picked":["Twin Strike","Thunderclap"],"picked":"Warcry","floor":7},{"not_picked":["Perfected Strike","Pommel Strike"],"picked":"Anger","floor":8},{"not_picked":["Flex","Iron Wave"],"picked":"Ghostly Armor","floor":12},{"not_picked":["Body Slam","Rupture","Pommel Strike"],"picked":"Singing Bowl","floor":14}],"player_experience":359563,"relics_obtained":[{"floor":7,"key":"Red Skull"},{"floor":9,"key":"Singing Bowl"}],"event_choices":[{"cards_removed":["Strike_R"],"damage_healed":0,"gold_gain":0,"player_choice":"Card Removal","damage_taken":7,"max_hp_gain":0,"max_hp_loss":0,"event_name":"Golden Wing","floor":10,"gold_loss":0}],"is_beta":false,"boss_relics":[],"items_purged_floors":[],"is_endless":false,"potions_floor_spawned":[1,3,7,12],"killed_by":"Hexaghost","ascension_level":18}