{"gold_per_floor":[114,114,133,58,58,58,58,71,71,71,94,169,88,124,124,247,247,241,156,256,269,282,282,296,296,296,52,52,76,92,105,105,105],"floor_reached":33,"playtime":3025,"items_purged":["Strike_R","Strike_R"],"score":272,"play_id":"28036d7b-858a-4e56-bb5a-b40ed2eaa7f7","local_time":"20190218131240","is_ascension_mode":true,"campfire_choices":[{"data":"Body Slam","floor":6.0,"key":"SMITH"},{"data":"Finesse","floor":10.0,"key":"SMITH"},{"data":"Second Wind","floor":15.0,"key":"SMITH"},{"data":"Exhume","floor":23.0,"key":"SMITH"},{"data":"Power Through","floor":25.0,"key":"SMITH"},{"data":"Entrench","floor":32,"key":"SMITH"}],"neow_cost":"NONE","seed_source_timestamp":9426709053442,"circlet_count":0,"master_deck":["Strike_R","Defend_R","Defend_R","Defend_R","Defend_R","Bash","Finesse+1","Body Slam+1","Power Through+1","Second Wind+1","Wild Strike","Exhume+1","Metallicize","Shrug It Off+1","Impervious","Headbutt","Entrench+1","Second Wind+1"],"special_seed":0,"relics":["Burning Blood","Golden Idol","Bag of Marbles","Bottled Flame","Mark of Pain","Centennial Puzzle","Pear"],"potions_floor_usage":[31],"damage_taken":[{"damage":6.0,"enemies":"Cultist","floor":1.0,"turns":3.0},{"damage":7.0,"enemies":"Jaw Worm","floor":3.0,"turns":4.0},{"damage":1.0,"enemies":"2 Louse","floor":8.0,"turns":4.0},{"damage":0.0,"enemies":"Blue Slaver","floor":11.0,"turns":3.0},{"damage":9.0,"enemies":"Lagavulin","floor":14.0,"turns":5.0},{"damage":47.0,"enemies":"The Guardian","floor":16.0,"turns":13.0},{"damage":10.0,"enemies":"2 Thieves","floor":18.0,"turns":4.0},{"damage":20.0,"enemies":"Chosen","floor":21.0,"turns":6.0},{"damage":3.0,"enemies":"Centurion and Healer","floor":22.0,"turns":5.0},{"damage":13.0,"enemies":"Snake Plant","floor":24.0,"turns":6.0},{"damage":31,"enemies":"Cultist and Chosen","floor":29,"turns":9},{"damage":21,"enemies":"Centurion and Healer","floor":30,"turns":5},{"damage":0,"enemies":"Snecko","floor":31,"turns":5},{"damage":56,"enemies":"Collector","floor":33,"turns":6}],"seed_played":"-4258741801977538587","potions_obtained":[{"floor":11.0,"key":"GamblersBrew"},{"floor":16.0,"key":"FearPotion"},{"floor":18.0,"key":"Block Potion"},{"floor":21.0,"key":"Poison Potion"},{"floor":29,"key":"BloodPotion"}],"is_trial":false,"path_per_floor":["M","?","M","$","?","R","$","M","T","R","M","?","$","E","R","B",null,"M","?","?","M","M","R","M","R","T","$","?","M","M","M","R","B"],"character_chosen":"IRONCLAD","items_purchased":["Second Wind","Impervious"],"campfire_rested":0,"item_purchase_floors":[13,27],"current_hp_per_floor":[80,60,59,59,59,59,59,64,64,64,70,59,59,56,56,15,80,76,76,76,62,65,65,58,58,68,68,68,43,28,43,43,0],"gold":105,"neow_bonus":"RANDOM_COLORLESS","is_prod":false,"is_daily":false,"chose_seed":false,"campfire_upgraded":6,"win_rate":0,"timestamp":1550463160,"path_taken":["M","?","M","$","?","R","?","M","T","R","M","?","$","E","R","BOSS","M","?","?","?","M","R","M","R","T","$","?","M","?","M","R","BOSS"],"build_version":"2019-01-23","purchased_purges":2,"victory":false,"max_hp_per_floor":[80,80,80,80,80,80,80,80,80,80,80,80,80,80,80,80,80,80,80,80,80,80,80,80,80,90,90,90,90,90,90,90,90],"card_choices":[{"not_picked":["Wild Strike","Perfected Strike","Warcry"],"picked":"SKIP","floor":1.0},{"not_picked":["Cleave","Clothesline"],"picked":"Body Slam","floor":3.0},{"not_picked":["Anger","Corruption"],"picked":"Power Through","floor":8.0},{"not_picked":["Searing Blow","Whirlwind","Anger"],"picked":"SKIP","floor":11.0},{"not_picked":["Anger","Cleave"],"picked":"Wild Strike","floor":14.0},{"not_picked":["Brutality","Berserk"],"picked":"Exhume","floor":16.0},{"not_picked":["Havoc","Bloodletting+1","Heavy Blade"],"picked":"SKIP","floor":18.0},{"not_picked":["Rupture","Iron Wave"],"picked":"Metallicize","floor":21.0},{"not_picked":["Wild Strike","Havoc+1"],"picked":"Shrug It Off+1","floor":22.0},{"not_picked":["Cleave","Armaments","Sword Boomerang"],"picked":"SKIP","floor":24.0},{"not_picked":["Fire Breathing","Sentinel+1"],"picked":"Entrench","floor":29},{"not_picked":["Rampage","Hemokinesis","Anger"],"picked":"SKIP","floor":30},{"not_picked":["Dropkick","Blood for Blood"],"picked":"Second Wind+1","floor":31}],"player_experience":125457,"relics_obtained":[{"floor":9.0,"key":"Bag of Marbles"},{"floor":14.0,"key":"Bottled Flame"},{"floor":26.0,"key":"Pear"}],"event_choices":[{"damage_healed":0.0,"max_hp_gain":0.0,"max_hp_loss":0.0,"gold_gain":0.0,"event_name":"Golden Idol","player_choice":"Take Damage","floor":2.0,"gold_loss":0.0,"damage_taken":20.0,"relics_obtained":["Golden Idol"]},{"cards_removed":["Strike_R"],"damage_healed":0.0,"max_hp_gain":0.0,"max_hp_loss":0.0,"gold_gain":0.0,"event_name":"Living Wall","player_choice":"Forget","floor":5.0,"gold_loss":0.0,"damage_taken":0.0},{"damage_healed":0.0,"max_hp_gain":0.0,"max_hp_loss":0.0,"gold_gain":75.0,"event_name":"World of Goop","player_choice":"Gather Gold","floor":12.0,"gold_loss":0.0,"damage_taken":11.0},{"damage_healed":0.0,"max_hp_gain":0.0,"max_hp_loss":0.0,"gold_gain":0.0,"event_name":"Addict","player_choice":"Obtained Relic","floor":19.0,"gold_loss":85.0,"damage_taken":0.0,"relics_obtained":["Centennial Puzzle"]},{"damage_healed":0.0,"max_hp_gain":0.0,"max_hp_loss":0.0,"gold_gain":100.0,"event_name":"Golden Shrine","player_choice":"Pray","floor":20.0,"gold_loss":0.0,"damage_taken":0.0},{"damage_healed":0.0,"max_hp_gain":0.0,"max_hp_loss":0.0,"gold_gain":0.0,"cards_transformed":["Strike_R"],"event_name":"Transmorgrifier","player_choice":"Transformed","floor":28.0,"gold_loss":0.0,"damage_taken":0.0,"cards_obtained":["Headbutt"]}],"is_beta":false,"boss_relics":[{"not_picked":["Runic Cube","Black Star"],"picked":"Mark of Pain"}],"items_purged_floors":[4,27],"is_endless":false,"potions_floor_spawned":[11,16,18,21,29],"killed_by":"Collector","ascension_level":2}