{"gold_per_floor":[111,111,129,129,304,304,318,51,51,51,51,51,68,18,18,114,114,133,133,151,151,171,201,201,234,258,275,275,54,54,74,74,169,169,188,188,203,213,8,37,90,102,153,153,169,269,269,269,269,269,269,269,98,124,124],"floor_reached":56,"playtime":6607,"items_purged":["Strike_G"],"score":1553,"play_id":"5c6654fc-5a52-4461-bb48-cc4ded8e0933","local_time":"20190214144348","is_ascension_mode":false,"campfire_choices":[{"data":"Doubt","floor":6.0,"key":"PURGE"},{"data":"Apotheosis","floor":10.0,"key":"SMITH"},{"data":"Strike_G","floor":12.0,"key":"PURGE"},{"data":"Noxious Fumes","floor":15.0,"key":"SMITH"},{"floor":24.0,"key":"RECALL"},{"data":"Strike_G","floor":28.0,"key":"PURGE"},{"data":"Strike_G","floor":30.0,"key":"PURGE"},{"data":"Defend_G","floor":32.0,"key":"PURGE"},{"floor":44.0,"key":"REST"},{"data":"Defend_G","floor":47.0,"key":"PURGE"},{"data":"Poisoned Stab+1","floor":49.0,"key":"PURGE"},{"floor":52.0,"key":"REST"}],"neow_cost":"PERCENT_DAMAGE","seed_source_timestamp":8600626616449,"circlet_count":0,"master_deck":["Defend_G","Defend_G","Defend_G","Neutralize+1","Acrobatics","Escape Plan","Apotheosis+1","Noxious Fumes+1","Tools of the Trade+1","PiercingWail+1","Catalyst","Bouncing Flask+1","Blur+1","Night Terror+1","Crippling Poison+1","Footwork","Prepared+1","PiercingWail+1"],"special_seed":0,"relics":["Ring of the Snake","Peace Pipe","Singing Bowl","Centennial Puzzle","Nloth\u0027s Gift","Bag of Preparation","Toxic Egg 2","Snake Skull","Fusion Hammer","Medical Kit","Mummified Hand","Oddly Smooth Stone","Nunchaku","Dodecahedron"],"potions_floor_usage":[55,55,55],"damage_taken":[{"damage":2.0,"enemies":"Small Slimes","floor":1.0,"turns":5.0},{"damage":0.0,"enemies":"Cultist","floor":3.0,"turns":5.0},{"damage":0.0,"enemies":"Jaw Worm","floor":7.0,"turns":4.0},{"damage":1.0,"enemies":"Large Slime","floor":13.0,"turns":6.0},{"damage":10.0,"enemies":"The Guardian","floor":16.0,"turns":13.0},{"damage":1.0,"enemies":"Chosen","floor":18.0,"turns":7.0},{"damage":4.0,"enemies":"Shell Parasite","floor":20.0,"turns":6.0},{"damage":5.0,"enemies":"Centurion and Healer","floor":22.0,"turns":8.0},{"damage":0.0,"enemies":"Book of Stabbing","floor":23.0,"turns":7.0},{"damage":19.0,"enemies":"Slavers","floor":25.0,"turns":7.0},{"damage":0.0,"enemies":"Snake Plant","floor":27.0,"turns":4.0},{"damage":7.0,"enemies":"Snecko","floor":31.0,"turns":7.0},{"damage":6.0,"enemies":"Champ","floor":33.0,"turns":8.0},{"damage":4.0,"enemies":"Orb Walker","floor":35.0,"turns":6.0},{"damage":0.0,"enemies":"3 Shapes","floor":37.0,"turns":5.0},{"damage":0.0,"enemies":"3 Darklings","floor":38.0,"turns":5.0},{"damage":43.0,"enemies":"Reptomancer","floor":40.0,"turns":5.0},{"damage":16.0,"enemies":"2 Orb Walkers","floor":41.0,"turns":6.0},{"damage":0.0,"enemies":"Sphere and 2 Shapes","floor":42.0,"turns":4.0},{"damage":0.0,"enemies":"Maw","floor":45.0,"turns":5.0},{"damage":0.0,"enemies":"Mind Bloom Boss Battle","floor":46.0,"turns":4.0},{"damage":0.0,"enemies":"Donu and Deca","floor":50.0,"turns":7.0},{"damage":0.0,"enemies":"Shield and Spear","floor":54.0,"turns":6.0},{"damage":38,"enemies":"The Heart","floor":55,"turns":6}],"seed_played":"-481014184050967056","potions_obtained":[{"floor":1.0,"key":"Energy Potion"},{"floor":7.0,"key":"Weak Potion"},{"floor":13.0,"key":"Fire Potion"},{"floor":23.0,"key":"FearPotion"},{"floor":27.0,"key":"Ancient Potion"},{"floor":31.0,"key":"Dexterity Potion"},{"floor":33.0,"key":"PowerPotion"},{"floor":40.0,"key":"EssenceOfSteel"}],"is_trial":false,"path_per_floor":["M","?","M","T","?","R","M","$","T","R","$","R","M","?","R","B",null,"M","?","M","?","M","E","R","E","T","M","R","$","R","M","R","B",null,"M","?","M","M","$","E","?","M","T","R","M","?","R","?","R","B",null,"R","$","E","B",null],"character_chosen":"THE_SILENT","items_purchased":["Apotheosis","Noxious Fumes","Snake Skull","Medical Kit","GamblersBrew","PiercingWail+1","Energy Potion"],"campfire_rested":2,"item_purchase_floors":[8,8,29,39,53,53,53],"current_hp_per_floor":[47,47,47,47,47,47,49,49,49,49,49,49,50,50,50,40,74,73,73,69,69,66,68,68,49,49,49,49,49,49,44,44,38,80,78,78,80,80,80,37,21,23,23,48,50,52,52,52,52,52,90,90,90,92,54],"gold":124,"neow_bonus":"ONE_RARE_RELIC","is_prod":false,"is_daily":false,"chose_seed":false,"campfire_upgraded":2,"win_rate":1,"timestamp":1550123028,"path_taken":["M","?","?","?","?","R","M","$","T","R","?","R","M","?","R","BOSS","M","?","M","?","?","E","R","E","T","?","R","$","R","M","R","BOSS","M","?","M","?","$","E","?","M","T","R","M","?","R","?","R","BOSS","R","$","E","BOSS"],"build_version":"2019-01-23","purchased_purges":1,"victory":true,"max_hp_per_floor":[70,70,70,70,70,70,72,72,72,72,72,72,74,74,74,74,74,74,74,74,74,76,78,78,78,78,78,78,78,78,80,80,80,80,82,82,84,84,84,84,84,86,86,86,88,90,90,90,90,90,90,90,90,92,92],"card_choices":[{"not_picked":["Accuracy","Deflect"],"picked":"Acrobatics","floor":1.0},{"not_picked":["Accuracy","Sucker Punch"],"picked":"Escape Plan","floor":3.0},{"not_picked":["Deflect","Riddle With Holes","Underhanded Strike"],"picked":"Singing Bowl","floor":7.0},{"not_picked":["Tactician","Noxious Fumes","Underhanded Strike"],"picked":"Singing Bowl","floor":13.0},{"not_picked":["Wraith Form v2","Doppelganger"],"picked":"Tools of the Trade","floor":16.0},{"not_picked":["Backstab","Endless Agony"],"picked":"PiercingWail+1","floor":18.0},{"not_picked":["Underhanded Strike+1","Quick Slash"],"picked":"Poisoned Stab+1","floor":20.0},{"not_picked":["Backstab","Masterful Stab","Cloak And Dagger"],"picked":"Singing Bowl","floor":22.0},{"not_picked":["Dagger Throw","Cloak And Dagger","Eviscerate"],"picked":"Singing Bowl","floor":23.0},{"not_picked":["Die Die Die","Noxious Fumes"],"picked":"Bouncing Flask","floor":25.0},{"not_picked":["Prepared+1","Crippling Poison+1"],"picked":"Blur+1","floor":27.0},{"not_picked":["Flying Knee","Outmaneuver+1","Blade Dance+1"],"picked":"Singing Bowl","floor":31.0},{"not_picked":["Glass Knife","Envenom"],"picked":"Night Terror+1","floor":33.0},{"not_picked":["Bane","Dagger Throw","Deflect+1"],"picked":"Singing Bowl","floor":35.0},{"not_picked":["PiercingWail+1","Blade Dance+1","Deflect+1"],"picked":"Singing Bowl","floor":37.0},{"not_picked":["Acrobatics+1","Outmaneuver+1"],"picked":"Crippling Poison+1","floor":38.0},{"not_picked":["Backstab+1","Masterful Stab"],"picked":"Footwork","floor":40.0},{"not_picked":["Quick Slash+1","Outmaneuver+1"],"picked":"Prepared+1","floor":41.0},{"not_picked":["Bane+1","Masterful Stab+1","Predator+1"],"picked":"Singing Bowl","floor":42.0},{"not_picked":["Cloak And Dagger+1","Tactician+1","Outmaneuver+1"],"picked":"Singing Bowl","floor":45.0},{"not_picked":["Phantasmal Killer+1","Deflect+1","Underhanded Strike"],"picked":"Singing Bowl","floor":46.0},{"not_picked":["Sucker Punch","Malaise+1","Acrobatics+1"],"picked":"Singing Bowl","floor":54.0}],"player_experience":82449,"relics_obtained":[{"floor":4.0,"key":"Singing Bowl"},{"floor":9.0,"key":"Centennial Puzzle"},{"floor":23.0,"key":"Bag of Preparation"},{"floor":25.0,"key":"Toxic Egg 2"},{"floor":40.0,"key":"Mummified Hand"},{"floor":43.0,"key":"Oddly Smooth Stone"},{"floor":46.0,"key":"Nunchaku"},{"floor":54.0,"key":"Dodecahedron"}],"event_choices":[{"damage_healed":0.0,"max_hp_gain":0.0,"max_hp_loss":0.0,"gold_gain":0.0,"event_name":"Upgrade Shrine","player_choice":"Upgraded","floor":2.0,"gold_loss":0.0,"damage_taken":0.0,"cards_upgraded":["Neutralize"]},{"damage_healed":0.0,"max_hp_gain":0.0,"max_hp_loss":0.0,"gold_gain":175.0,"event_name":"Liars Game","player_choice":"AGREE","floor":5.0,"gold_loss":0.0,"damage_taken":0.0,"cards_obtained":["Doubt"]},{"cards_removed":["Strike_G"],"damage_healed":0.0,"max_hp_gain":0.0,"max_hp_loss":0.0,"gold_gain":0.0,"event_name":"The Cleric","player_choice":"Card Removal","floor":14.0,"gold_loss":50.0,"damage_taken":0.0},{"damage_healed":0.0,"max_hp_gain":0.0,"max_hp_loss":0.0,"gold_gain":0.0,"event_name":"The Library","player_choice":"Read","floor":19.0,"gold_loss":0.0,"damage_taken":0.0,"cards_obtained":["Catalyst"]},{"damage_healed":0.0,"max_hp_gain":0.0,"max_hp_loss":0.0,"gold_gain":0.0,"event_name":"N\u0027loth","player_choice":"Traded Relic","floor":21.0,"relics_lost":["Lizard Tail"],"gold_loss":0.0,"damage_taken":0.0,"relics_obtained":["Nloth\u0027s Gift"]},{"damage_healed":0.0,"max_hp_gain":0.0,"max_hp_loss":0.0,"gold_gain":0.0,"event_name":"Accursed Blacksmith","player_choice":"Forge","floor":36.0,"gold_loss":0.0,"damage_taken":0.0,"cards_upgraded":["Tools of the Trade"]},{"damage_healed":0.0,"max_hp_gain":0.0,"max_hp_loss":0.0,"gold_gain":0.0,"event_name":"Mysterious Sphere","player_choice":"Fight","floor":41.0,"gold_loss":0.0,"damage_taken":0.0},{"damage_healed":0.0,"max_hp_gain":0.0,"max_hp_loss":0.0,"gold_gain":0.0,"event_name":"MindBloom","player_choice":"Fight","floor":46.0,"gold_loss":0.0,"damage_taken":0.0},{"cards_removed":["Survivor"],"damage_healed":0.0,"max_hp_gain":0.0,"max_hp_loss":0.0,"gold_gain":0.0,"event_name":"Falling","player_choice":"Removed Skill","floor":48.0,"gold_loss":0.0,"damage_taken":0.0}],"is_beta":false,"boss_relics":[{"not_picked":["Runic Pyramid","Ectoplasm"],"picked":"Lizard Tail"},{"not_picked":["Sozu","Empty Cage"],"picked":"Fusion Hammer"}],"items_purged_floors":[29],"is_endless":false,"potions_floor_spawned":[1,7,13,23,27,31,33,37,38,40,46],"ascension_level":0}