{"gold_per_floor":[113,125,125,125,136,136,161,161,187,214,228,288,305,316,316,417,417,431,431,431,52,69,69,83,83],"floor_reached":25,"playtime":2057,"items_purged":[],"score":315,"play_id":"bbf230a1-26bf-471d-9726-ef7348d70c0d","local_time":"20190223015344","is_ascension_mode":true,"campfire_choices":[{"data":"Burning Pact","floor":6.0,"key":"SMITH"},{"floor":8.0,"key":"REST"},{"floor":15.0,"key":"REST"},{"data":"Limit Break","floor":23.0,"key":"SMITH"}],"neow_cost":"NONE","seed_source_timestamp":0,"circlet_count":0,"master_deck":["Strike_R+1","Strike_R","Strike_R","Strike_R","Strike_R+1","Defend_R","Defend_R","Defend_R","Defend_R+1","Bash","Headbutt+1","Warcry","Burning Pact+1","Shrug It Off","Thunderclap","Pummel","Bludgeon","Shockwave","Feed","Exhume","Iron Wave","Dropkick","True Grit","Inflame+1","Limit Break+1","Dark Embrace","Carnage"],"special_seed":0,"relics":["Burning Blood","Whetstone","Oddly Smooth Stone","Bottled Lightning","Boot","Pear","Tiny Chest","Orrery","MutagenicStrength","Art of War"],"potions_floor_usage":[25],"damage_taken":[{"damage":1.0,"enemies":"Cultist","floor":1.0,"turns":4.0},{"damage":0.0,"enemies":"Small Slimes","floor":2.0,"turns":2.0},{"damage":0.0,"enemies":"2 Louse","floor":5.0,"turns":3.0},{"damage":24.0,"enemies":"3 Sentries","floor":7.0,"turns":9.0},{"damage":37.0,"enemies":"Gremlin Nob","floor":10.0,"turns":4.0},{"damage":12.0,"enemies":"Looter","floor":11.0,"turns":4.0},{"damage":14.0,"enemies":"3 Sentries","floor":12.0,"turns":8.0},{"damage":9.0,"enemies":"2 Fungi Beasts","floor":13.0,"turns":2.0},{"damage":0.0,"enemies":"3 Louse","floor":14.0,"turns":3.0},{"damage":65.0,"enemies":"Slime Boss","floor":16.0,"turns":12.0},{"damage":6.0,"enemies":"Chosen","floor":18.0,"turns":4.0},{"damage":9.0,"enemies":"3 Byrds","floor":22.0,"turns":5.0},{"damage":28.0,"enemies":"Snake Plant","floor":24.0,"turns":4.0},{"damage":51,"enemies":"Book of Stabbing","floor":25,"turns":4}],"seed_played":"-1707029122637564053","potions_obtained":[{"floor":7.0,"key":"PowerPotion"},{"floor":10.0,"key":"Dexterity Potion"},{"floor":12.0,"key":"AttackPotion"},{"floor":16.0,"key":"Swift Potion"},{"floor":18.0,"key":"Fire Potion"}],"is_trial":false,"path_per_floor":["M","M","?","?","M","R","E","R","T","E","M","E","M","M","R","B",null,"M","?","?","$","M","R","M","E"],"character_chosen":"IRONCLAD","items_purchased":["Limit Break","Dark Embrace","Art of War"],"campfire_rested":2,"item_purchase_floors":[21,21,21],"current_hp_per_floor":[77,80,73,57,63,63,45,69,69,48,42,34,31,37,64,8,72,72,72,72,72,72,72,50,0],"gold":83,"neow_bonus":"RANDOM_COMMON_RELIC","is_prod":false,"is_daily":false,"chose_seed":false,"campfire_upgraded":2,"win_rate":0,"timestamp":1550883224,"path_taken":["M","M","?","?","M","R","E","R","T","E","M","E","M","M","R","BOSS","M","?","?","$","M","R","M","E"],"build_version":"2019-01-23","purchased_purges":0,"victory":false,"max_hp_per_floor":[80,80,80,80,80,80,80,80,80,90,90,90,90,90,90,93,93,93,93,93,93,96,96,96,96],"card_choices":[{"not_picked":["Wild Strike","Seeing Red"],"picked":"Headbutt","floor":1.0},{"not_picked":["Sword Boomerang","Sentinel"],"picked":"Warcry","floor":2.0},{"not_picked":["Body Slam","Pummel"],"picked":"Burning Pact","floor":5.0},{"not_picked":["Cleave","Iron Wave"],"picked":"Shrug It Off","floor":7.0},{"not_picked":["Exhume","Flame Barrier"],"picked":"Thunderclap","floor":10.0},{"not_picked":["Headbutt","Clash"],"picked":"Pummel","floor":11.0},{"not_picked":["Anger","Flex"],"picked":"Bludgeon","floor":12.0},{"not_picked":["Thunderclap","Warcry"],"picked":"Shockwave","floor":13.0},{"not_picked":["Headbutt","Clash"],"picked":"Feed","floor":14.0},{"not_picked":["Impervious","Limit Break"],"picked":"Exhume","floor":16.0},{"not_picked":["Havoc","Reckless Charge"],"picked":"Iron Wave","floor":17.0},{"not_picked":["Warcry","Flame Barrier"],"picked":"Dropkick","floor":17.0},{"not_picked":["Twin Strike","Uppercut"],"picked":"True Grit","floor":17.0},{"not_picked":["Flex+1","Havoc"],"picked":"Inflame+1","floor":18.0},{"not_picked":["Exhume","Rampage","Sword Boomerang"],"picked":"SKIP","floor":22.0},{"not_picked":["Sword Boomerang","Flex"],"picked":"Carnage","floor":24.0}],"player_experience":362858,"relics_obtained":[{"floor":7.0,"key":"Bottled Lightning"},{"floor":9.0,"key":"Boot"},{"floor":10.0,"key":"Pear"},{"floor":12.0,"key":"Tiny Chest"}],"event_choices":[{"damage_healed":0.0,"max_hp_gain":0.0,"max_hp_loss":0.0,"gold_gain":0.0,"event_name":"Scrap Ooze","player_choice":"Success","floor":3.0,"gold_loss":0.0,"damage_taken":7.0,"relics_obtained":["Oddly Smooth Stone"]},{"damage_healed":0.0,"max_hp_gain":0.0,"max_hp_loss":0.0,"gold_gain":0.0,"event_name":"Shining Light","player_choice":"Entered Light","floor":4.0,"gold_loss":0.0,"damage_taken":16.0,"cards_upgraded":["Headbutt","Defend_R"]},{"damage_healed":0.0,"max_hp_gain":0.0,"max_hp_loss":0.0,"gold_gain":0.0,"event_name":"Drug Dealer","player_choice":"Inject Mutagens","floor":19.0,"gold_loss":0.0,"damage_taken":0.0,"relics_obtained":["MutagenicStrength"]},{"damage_healed":0.0,"max_hp_gain":0.0,"max_hp_loss":0.0,"gold_gain":0.0,"event_name":"Ghosts","player_choice":"Ignored","floor":20.0,"gold_loss":0.0,"damage_taken":0.0}],"is_beta":false,"boss_relics":[{"not_picked":["Runic Dome","Philosopher\u0027s Stone"],"picked":"Orrery"}],"items_purged_floors":[],"is_endless":false,"potions_floor_spawned":[7,10,12,16,18],"killed_by":"Book of Stabbing","ascension_level":6}