{"gold_per_floor":[110,123,141,291,291,291,330,330,330,355,355,376,410,431,431,527,527,540,560,560,145,169,169,184,197,197,197,197,197,97,112,112,206,206,229,252,75,408,118,151,151,181,181,196,210,210,222,251,251,251,251,251,251,15,41,41],"floor_reached":57,"playtime":3049,"items_purged":["Doubt","Defend_G","Strike_G"],"score":2883,"play_id":"0129ffa0-f9ee-440a-822a-a34606926130","local_time":"20190311010627","is_ascension_mode":true,"campfire_choices":[{"floor":6.0,"key":"REST"},{"data":"Bouncing Flask","floor":8.0,"key":"SMITH"},{"floor":11.0,"key":"REST"},{"data":"Calculated Gamble","floor":15.0,"key":"SMITH"},{"floor":23.0,"key":"REST"},{"data":"Wraith Form v2","floor":27.0,"key":"SMITH"},{"data":"Outmaneuver","floor":29.0,"key":"SMITH"},{"data":"Wraith Form v2","floor":32.0,"key":"SMITH"},{"floor":46.0,"key":"REST"},{"floor":49.0,"key":"RECALL"},{"data":"Wraith Form v2","floor":53.0,"key":"SMITH"}],"neow_cost":"NONE","seed_source_timestamp":283484577970900,"circlet_count":0,"master_deck":["AscendersBane","Defend_G","Defend_G","Defend_G","Defend_G","Strike_G+1","Strike_G","Survivor","Neutralize","Bouncing Flask+1","Poisoned Stab","Dash+1","Poisoned Stab","Leg Sweep","Dagger Throw","Outmaneuver+1","Calculated Gamble+1","Distraction","Wraith Form v2+1","Outmaneuver","Reflex","Wraith Form v2+1","Underhanded Strike+1","Underhanded Strike+1","Corpse Explosion","Malaise","Bullet Time","Burst","PiercingWail","Wraith Form v2+1","Finesse","Purity","Night Terror","Deadly Poison+1","After Image","Deadly Poison"],"special_seed":0,"relics":["Ring of the Snake","Bottled Flame","Whetstone","Pantograph","Runic Pyramid","Regal Pillow","Oddly Smooth Stone","Philosopher\u0027s Stone","Blood Vial","Bottled Lightning","Darkstone Periapt","Orichalcum","Potion Belt","Ornamental Fan"],"potions_floor_usage":[56],"damage_taken":[{"damage":7.0,"enemies":"Small Slimes","floor":1.0,"turns":4.0},{"damage":0.0,"enemies":"2 Louse","floor":2.0,"turns":2.0},{"damage":0.0,"enemies":"Cultist","floor":3.0,"turns":3.0},{"damage":22.0,"enemies":"3 Sentries","floor":7.0,"turns":8.0},{"damage":4.0,"enemies":"Exordium Wildlife","floor":10.0,"turns":3.0},{"damage":7.0,"enemies":"Large Slime","floor":12.0,"turns":4.0},{"damage":10.0,"enemies":"Lagavulin","floor":13.0,"turns":6.0},{"damage":0.0,"enemies":"2 Fungi Beasts","floor":14.0,"turns":4.0},{"damage":16.0,"enemies":"The Guardian","floor":16.0,"turns":8.0},{"damage":32.0,"enemies":"3 Byrds","floor":18.0,"turns":11.0},{"damage":3.0,"enemies":"Chosen","floor":19.0,"turns":6.0},{"damage":10.0,"enemies":"Centurion and Healer","floor":22.0,"turns":9.0},{"damage":4.0,"enemies":"3 Cultists","floor":24.0,"turns":6.0},{"damage":9.0,"enemies":"Snake Plant","floor":25.0,"turns":6.0},{"damage":1.0,"enemies":"Centurion and Healer","floor":31.0,"turns":5.0},{"damage":1.0,"enemies":"Champ","floor":33.0,"turns":14.0},{"damage":0.0,"enemies":"3 Darklings","floor":35.0,"turns":4.0},{"damage":12.0,"enemies":"3 Shapes","floor":36.0,"turns":7.0},{"damage":1.0,"enemies":"Giant Head","floor":40.0,"turns":11.0},{"damage":25.0,"enemies":"Nemesis","floor":42.0,"turns":9.0},{"damage":0.0,"enemies":"3 Darklings","floor":44.0,"turns":4.0},{"damage":0.0,"enemies":"Writhing Mass","floor":45.0,"turns":11.0},{"damage":0.0,"enemies":"4 Shapes","floor":47.0,"turns":5.0},{"damage":0.0,"enemies":"Giant Head","floor":48.0,"turns":12.0},{"damage":0.0,"enemies":"Time Eater","floor":50.0,"turns":19.0},{"damage":13.0,"enemies":"Awakened One","floor":51.0,"turns":21.0},{"damage":1.0,"enemies":"Shield and Spear","floor":55.0,"turns":13.0},{"damage":38,"enemies":"The Heart","floor":56,"turns":18}],"seed_played":"8572438502304184738","potions_obtained":[{"floor":1.0,"key":"SteroidPotion"},{"floor":3.0,"key":"GhostInAJar"},{"floor":7.0,"key":"PowerPotion"},{"floor":18.0,"key":"Energy Potion"},{"floor":25.0,"key":"Ancient Potion"},{"floor":44.0,"key":"FairyPotion"}],"is_trial":false,"path_per_floor":["M","M","M","?","?","R","E","R","T","M","R","M","E","M","R","B",null,"M","M","?","$","M","R","M","M","T","R","?","R","$","M","R","B",null,"M","M","$","?","$","E","?","E","T","M","M","R","M","E","R","B","B",null,"R","$","E","B",null],"character_chosen":"THE_SILENT","items_purchased":["Regal Pillow","Oddly Smooth Stone","Wraith Form v2","Blood Vial","After Image","Deadly Poison"],"campfire_rested":4,"item_purchase_floors":[21,21,37,39,54,54],"current_hp_per_floor":[52,52,52,52,29,48,26,26,26,22,41,34,24,24,24,33,58,26,23,23,23,13,47,43,34,34,34,34,34,34,33,33,57,64,64,52,52,52,52,53,43,20,20,22,24,58,60,62,62,66,53,63,63,63,64,28],"gold":41,"neow_bonus":"THREE_CARDS","is_prod":false,"is_daily":false,"chose_seed":false,"campfire_upgraded":6,"win_rate":0,"timestamp":1552233987,"path_taken":["M","M","M","?","?","R","E","R","T","M","R","M","E","M","R","BOSS","M","M","?","$","M","R","?","M","T","R","?","R","$","M","R","BOSS","M","M","$","?","$","E","?","E","T","?","M","R","M","E","R","BOSS","BOSS","R","$","E","BOSS"],"build_version":"2019-01-23","purchased_purges":3,"victory":true,"max_hp_per_floor":[66,66,66,66,66,66,66,66,66,66,66,66,66,66,66,66,66,66,66,66,66,66,66,66,66,66,66,66,66,66,66,66,66,66,66,66,66,66,66,66,66,66,66,66,66,66,66,66,66,66,66,66,66,66,66,66],"card_choices":[{"not_picked":["Acrobatics","Dodge and Roll"],"picked":"Bouncing Flask","floor":0.0},{"not_picked":["Acrobatics","Accuracy"],"picked":"Poisoned Stab","floor":1.0},{"not_picked":["Endless Agony","Acrobatics"],"picked":"Dash","floor":2.0},{"not_picked":["Infinite Blades","Accuracy"],"picked":"Poisoned Stab","floor":3.0},{"not_picked":["Finisher","Blade Dance"],"picked":"Leg Sweep","floor":7.0},{"not_picked":["Slice","Dagger Spray"],"picked":"Dagger Throw","floor":10.0},{"not_picked":["Skewer","Prepared"],"picked":"Outmaneuver","floor":12.0},{"not_picked":["Predator","Sucker Punch"],"picked":"Calculated Gamble","floor":13.0},{"not_picked":["Storm of Steel","Poisoned Stab"],"picked":"Distraction","floor":14.0},{"not_picked":["A Thousand Cuts","Night Terror"],"picked":"Wraith Form v2","floor":16.0},{"not_picked":["Slice","Dodge and Roll"],"picked":"Outmaneuver","floor":18.0},{"not_picked":["Predator","Accuracy"],"picked":"Reflex","floor":19.0},{"not_picked":["Well Laid Plans+1","Acrobatics"],"picked":"Underhanded Strike+1","floor":22.0},{"not_picked":["Cloak And Dagger","Blade Dance","Predator"],"picked":"SKIP","floor":24.0},{"not_picked":["Dagger Throw","Poisoned Stab"],"picked":"Underhanded Strike+1","floor":25.0},{"not_picked":["Deadly Poison","Poisoned Stab"],"picked":"Bullet Time","floor":31.0},{"not_picked":["Doppelganger","Envenom"],"picked":"Burst","floor":33.0},{"not_picked":["Underhanded Strike","Deflect","Dash"],"picked":"SKIP","floor":35.0},{"not_picked":["Flying Knee+1","Caltrops"],"picked":"PiercingWail","floor":36.0},{"not_picked":["Blade Dance","Masterful Stab","Cloak And Dagger"],"picked":"SKIP","floor":40.0},{"not_picked":["Deep Breath","Mind Blast"],"picked":"Finesse","floor":41.0},{"not_picked":["Good Instincts","Finesse"],"picked":"Purity","floor":41.0},{"not_picked":["Flechettes","Acrobatics"],"picked":"Night Terror","floor":42.0},{"not_picked":["Distraction","Setup","Quick Slash+1"],"picked":"SKIP","floor":44.0},{"not_picked":["Distraction","Setup","Quick Slash+1"],"picked":"SKIP","floor":44.0},{"not_picked":["Sucker Punch","Escape Plan+1"],"picked":"Deadly Poison+1","floor":45.0},{"not_picked":["Dagger Spray+1","Bane","Deflect"],"picked":"SKIP","floor":47.0},{"not_picked":["Grand Finale","Backflip","Bane"],"picked":"SKIP","floor":48.0},{"not_picked":["Blade Dance+1","Dagger Throw+1","Sucker Punch"],"picked":"SKIP","floor":55.0}],"player_experience":4506890,"relics_obtained":[{"floor":7.0,"key":"Bottled Flame"},{"floor":9.0,"key":"Whetstone"},{"floor":13.0,"key":"Pantograph"},{"floor":40.0,"key":"Bottled Lightning"},{"floor":42.0,"key":"Darkstone Periapt"},{"floor":43.0,"key":"Orichalcum"},{"floor":48.0,"key":"Potion Belt"},{"floor":55.0,"key":"Ornamental Fan"}],"event_choices":[{"damage_healed":0.0,"max_hp_gain":0.0,"max_hp_loss":0.0,"gold_gain":150.0,"event_name":"Liars Game","player_choice":"AGREE","floor":4.0,"gold_loss":0.0,"damage_taken":0.0,"cards_obtained":["Doubt"]},{"damage_healed":0.0,"max_hp_gain":0.0,"max_hp_loss":0.0,"gold_gain":0.0,"event_name":"Golden Idol","player_choice":"Take Damage","floor":5.0,"gold_loss":0.0,"damage_taken":23.0,"relics_obtained":["Golden Idol"]},{"damage_healed":0.0,"max_hp_gain":0.0,"max_hp_loss":0.0,"gold_gain":0.0,"event_name":"Duplicator","player_choice":"Copied","floor":20.0,"gold_loss":0.0,"damage_taken":0.0,"cards_obtained":["Wraith Form v2"]},{"damage_healed":0.0,"max_hp_gain":0.0,"max_hp_loss":0.0,"gold_gain":0.0,"cards_transformed":["Strike_G","Strike_G"],"event_name":"Drug Dealer","player_choice":"Became Test Subject","floor":28.0,"gold_loss":0.0,"damage_taken":0.0,"cards_obtained":["Corpse Explosion","Malaise"]},{"damage_healed":0.0,"max_hp_gain":0.0,"max_hp_loss":0.0,"gold_gain":333.0,"event_name":"The Moai Head","player_choice":"Gave Idol","floor":38.0,"relics_lost":["Golden Idol"],"gold_loss":0.0,"damage_taken":0.0},{"damage_healed":0.0,"max_hp_gain":0.0,"max_hp_loss":0.0,"gold_gain":0.0,"event_name":"SensoryStone","player_choice":"Memory 3","floor":41.0,"gold_loss":0.0,"damage_taken":10.0}],"is_beta":false,"boss_relics":[{"not_picked":["Eternal Feather","HoveringKite"],"picked":"Runic Pyramid"},{"not_picked":["Calling Bell","Cursed Key"],"picked":"Philosopher\u0027s Stone"}],"items_purged_floors":[21,30,39],"is_endless":false,"potions_floor_spawned":[1,3,7,14,18,25,33,35,44,47],"ascension_level":20}