{"gold_per_floor":[99,99,99,63,7,7,7,7,7,7,7,7,7,7,7,7,7,7,7,7,7,7,7,7,7,7,7,7,7,7,7,0,0,0,0,0,0,0,0,0,0,0,0,0,0,0,0,0,0,0,0,0,0,0,0,0,0,0],"floor_reached":59,"playtime":2030,"items_purged":["Quick Slash"],"score":836,"play_id":"0250fd46-19aa-4de7-9cb4-a9683442ca42","local_time":"20190220042119","is_ascension_mode":true,"campfire_choices":[{"data":"1","floor":7,"key":"LIFT"},{"data":"2","floor":16,"key":"LIFT"},{"data":"Calculated Gamble","floor":24,"key":"SMITH"},{"data":"3","floor":30,"key":"LIFT"},{"data":"Well Laid Plans","floor":34,"key":"SMITH"},{"floor":44,"key":"RECALL"},{"data":"Outmaneuver","floor":50,"key":"SMITH"},{"data":"Leg Sweep","floor":52,"key":"SMITH"},{"data":"Cloak And Dagger","floor":55,"key":"SMITH"}],"neow_cost":"NONE","seed_source_timestamp":481303028768300,"circlet_count":0,"master_deck":["Leg Sweep+1","Calculated Gamble+1","Acrobatics","Deflect","Well Laid Plans+1","Masterful Stab","After Image","Quick Slash","Backflip","Outmaneuver+1","Cloak And Dagger+1","Endless Agony","Bane+1","Slice","Envenom","Injury","Parasite","Injury","Outmaneuver+1","Slice+1","Flechettes","Envenom","Infinite Blades+1","Slice","Poisoned Stab","Terror+1","Eviscerate+1"],"relics":["Ectoplasm","Girya","Bag of Preparation","Calling Bell","Blood Vial","Paper Crane","Ice Cream","MutagenicStrength","Calipers","Letter Opener","PreservedInsect","Tingsha","Pen Nib","Runic Dome","Red Mask","Juzu Bracelet","Pear","Dead Branch","Bottled Tornado","Orichalcum"],"potions_floor_usage":[17,35,53,53,58],"damage_taken":[{"damage":0,"enemies":"2 Louse","floor":1,"turns":2},{"damage":0,"enemies":"3 Sentries","floor":6,"turns":4},{"damage":0,"enemies":"Jaw Worm","floor":8,"turns":2},{"damage":0,"enemies":"Cultist","floor":11,"turns":2},{"damage":0,"enemies":"Gremlin Gang","floor":12,"turns":3},{"damage":0,"enemies":"2 Fungi Beasts","floor":13,"turns":2},{"damage":0,"enemies":"Blue Slaver","floor":14,"turns":1},{"damage":0,"enemies":"Slime Boss","floor":17,"turns":2},{"damage":2,"enemies":"Chosen","floor":19,"turns":3},{"damage":0,"enemies":"Colosseum Slavers","floor":21,"turns":3},{"damage":2,"enemies":"Colosseum Nobs","floor":21,"turns":3},{"damage":0,"enemies":"Shell Parasite","floor":23,"turns":3},{"damage":0,"enemies":"Sentry and Sphere","floor":25,"turns":2},{"damage":2,"enemies":"Cultist and Chosen","floor":29,"turns":3},{"damage":0,"enemies":"Slavers","floor":33,"turns":3},{"damage":0,"enemies":"Collector","floor":35,"turns":5},{"damage":1,"enemies":"3 Shapes","floor":37,"turns":3},{"damage":0,"enemies":"Giant Head","floor":42,"turns":5},{"damage":4,"enemies":"Orb Walker","floor":43,"turns":2},{"damage":16,"enemies":"3 Darklings","floor":48,"turns":3},{"damage":0,"enemies":"Mind Bloom Boss Battle","floor":49,"turns":4},{"damage":8,"enemies":"Time Eater","floor":53,"turns":6},{"damage":16,"enemies":"Shield and Spear","floor":57,"turns":3},{"damage":21,"enemies":"The Heart","floor":58,"turns":5}],"seed_played":"-848554479655357685","potions_obtained":[{"floor":1,"key":"FearPotion"},{"floor":11,"key":"Weak Potion"},{"floor":12,"key":"LiquidBronze"},{"floor":23,"key":"SkillPotion"},{"floor":37,"key":"SkillPotion"},{"floor":49,"key":"SpeedPotion"}],"is_trial":false,"path_per_floor":["M","?","?","$","$","E","R","M","T","T","M","M","M","M","$","R","B",null,"M","?","?","?","M","R","M","?","T","T","M","R","T","?","E","R","B",null,"M","?","?","?","?","E","M","R","T","T","$","M","?","R","T","R","B",null,"R","$","E","B",null],"character_chosen":"THE_SILENT","items_purchased":["Backflip"],"campfire_rested":0,"item_purchase_floors":[4],"current_hp_per_floor":[74,74,67,67,67,67,67,67,67,67,67,67,67,67,67,67,71,78,76,76,76,76,78,78,78,78,78,78,76,76,76,76,78,78,82,82,81,81,81,81,78,78,74,74,84,84,84,70,72,72,72,72,70,92,92,92,76,61],"gold":0,"neow_bonus":"BOSS_RELIC","is_prod":false,"is_daily":false,"chose_seed":false,"campfire_upgraded":5,"win_rate":0,"timestamp":1550604079,"path_taken":["M","?","?","?","$","E","R","?","T","M","?","M","M","$","R","BOSS","M","?","?","?","?","R","M","?","T","?","R","?","?","E","R","BOSS","M","?","?","?","?","E","M","R","T","$","M","?","R","?","R","BOSS","R","$","E","BOSS"],"build_version":"2019-01-23","purchased_purges":1,"victory":true,"max_hp_per_floor":[74,74,74,74,74,74,74,74,74,74,74,74,74,74,74,74,78,78,78,78,78,78,78,78,78,78,78,78,78,78,78,78,78,78,82,82,82,82,82,82,78,78,78,78,88,88,88,88,88,88,88,88,92,92,92,92,92,96],"card_choices":[{"not_picked":["Deflect","Setup"],"picked":"Infinite Blades+1","floor":6},{"not_picked":["Poisoned Stab","Bane"],"picked":"Outmaneuver","floor":8},{"not_picked":["Prepared+1","Dash"],"picked":"Cloak And Dagger","floor":11},{"not_picked":["Flying Knee+1","Footwork"],"picked":"Endless Agony","floor":12},{"not_picked":["Prepared","Well Laid Plans"],"picked":"Bane+1","floor":13},{"not_picked":["Dagger Spray","Caltrops+1"],"picked":"Slice","floor":14},{"not_picked":["Bullet Time","Night Terror"],"picked":"Envenom","floor":17},{"not_picked":["Calculated Gamble+1","Catalyst+1"],"picked":"Blade Dance+1","floor":19},{"not_picked":["Bane+1","Quick Slash"],"picked":"Outmaneuver+1","floor":21},{"not_picked":["Endless Agony","Setup+1"],"picked":"Slice+1","floor":29},{"not_picked":["Tools of the Trade","Reflex+1"],"picked":"Flechettes","floor":33},{"not_picked":["Night Terror","Venomology"],"picked":"Envenom","floor":35},{"not_picked":["Unload","Dagger Throw+1"],"picked":"Infinite Blades+1","floor":42},{"not_picked":["Cloak And Dagger+1","Noxious Fumes+1"],"picked":"Slice","floor":43},{"not_picked":["PiercingWail+1","Acrobatics+1"],"picked":"Poisoned Stab","floor":48},{"not_picked":["Eviscerate+1","Outmaneuver"],"picked":"Terror+1","floor":49},{"not_picked":["PiercingWail","Prepared"],"picked":"Eviscerate+1","floor":57}],"player_experience":4359007,"relics_obtained":[{"floor":6,"key":"Girya"},{"floor":9,"key":"Bag of Preparation"},{"floor":18,"key":"Blood Vial"},{"floor":18,"key":"Paper Crane"},{"floor":18,"key":"Ice Cream"},{"floor":21,"key":"Calipers"},{"floor":21,"key":"Letter Opener"},{"floor":31,"key":"Tingsha"},{"floor":33,"key":"Pen Nib"},{"floor":42,"key":"Juzu Bracelet"},{"floor":45,"key":"Pear"},{"floor":49,"key":"Dead Branch"},{"floor":51,"key":"Bottled Tornado"},{"floor":57,"key":"Orichalcum"}],"event_choices":[{"damage_healed":0,"gold_gain":0,"player_choice":"Ignored","damage_taken":0,"max_hp_gain":0,"max_hp_loss":0,"event_name":"Golden Idol","floor":2,"gold_loss":0},{"cards_removed":["Quick Slash"],"damage_healed":0,"gold_gain":0,"player_choice":"Card Removal","damage_taken":7,"max_hp_gain":0,"max_hp_loss":0,"event_name":"Golden Wing","floor":3,"gold_loss":0},{"damage_healed":0,"gold_gain":0,"player_choice":"Inject Mutagens","damage_taken":0,"relics_obtained":["MutagenicStrength"],"max_hp_gain":0,"max_hp_loss":0,"event_name":"Drug Dealer","floor":20,"gold_loss":0},{"damage_healed":0,"gold_gain":0,"player_choice":"Fight","damage_taken":0,"max_hp_gain":0,"max_hp_loss":0,"event_name":"Colosseum","floor":21,"gold_loss":0},{"damage_healed":0,"gold_gain":0,"player_choice":"Fought Nobs","damage_taken":0,"max_hp_gain":0,"max_hp_loss":0,"event_name":"Colosseum","floor":21,"gold_loss":0},{"cards_removed":["Infinite Blades"],"damage_healed":0,"gold_gain":0,"player_choice":"Gave Card","damage_taken":0,"relics_obtained":["PreservedInsect"],"max_hp_gain":0,"max_hp_loss":0,"event_name":"WeMeetAgain","floor":22,"gold_loss":0},{"damage_healed":0,"gold_gain":0,"player_choice":"Ignored","damage_taken":0,"max_hp_gain":0,"max_hp_loss":0,"event_name":"Golden Shrine","floor":26,"gold_loss":0},{"damage_healed":0,"gold_gain":0,"player_choice":"Paid Fearfully","damage_taken":0,"max_hp_gain":0,"max_hp_loss":0,"event_name":"Masked Bandits","floor":32,"gold_loss":7},{"cards_removed":["Blade Dance"],"damage_healed":0,"gold_gain":0,"player_choice":"Removed Skill","damage_taken":0,"max_hp_gain":0,"max_hp_loss":0,"event_name":"Falling","floor":38,"gold_loss":0},{"damage_healed":0,"gold_gain":0,"player_choice":"Paid","damage_taken":0,"relics_obtained":["Red Mask"],"max_hp_gain":0,"max_hp_loss":0,"event_name":"Tomb of Lord Red Mask","floor":39,"gold_loss":0},{"damage_healed":0,"gold_gain":0,"player_choice":"Ignored","damage_taken":0,"max_hp_gain":0,"max_hp_loss":0,"event_name":"Mysterious Sphere","floor":40,"gold_loss":0},{"damage_healed":0,"gold_gain":0,"player_choice":"Max HP","damage_taken":0,"max_hp_gain":0,"max_hp_loss":4,"event_name":"Winding Halls","floor":41,"gold_loss":0},{"damage_healed":0,"gold_gain":0,"player_choice":"Fight","damage_taken":0,"max_hp_gain":0,"max_hp_loss":0,"event_name":"MindBloom","floor":49,"gold_loss":0}],"is_beta":false,"boss_relics":[{"not_picked":["HoveringKite","Velvet Choker"],"picked":"Calling Bell"},{"not_picked":["Runic Pyramid","Fusion Hammer"],"picked":"Runic Dome"}],"items_purged_floors":[5],"is_endless":false,"potions_floor_spawned":[1,11,12,14,23,29,37,48,49],"ascension_level":-11}