{"gold_per_floor":[116,41,51,69,47,47,76,89,89,102,102,202,202,233,233,233],"floor_reached":16,"playtime":560,"items_purged":["Strike_R"],"score":149,"play_id":"42054561-7f93-4dc2-a8e8-40918c35c6aa","local_time":"20190226232558","is_ascension_mode":true,"campfire_choices":[{"data":"Body Slam","floor":6,"key":"SMITH"},{"floor":13,"key":"REST"},{"floor":15,"key":"REST"}],"neow_cost":"NONE","seed_source_timestamp":874443121867103,"circlet_count":0,"master_deck":["Strike_R","Strike_R","Strike_R","Strike_R","Defend_R","Defend_R","Defend_R","Defend_R","Bash","Pommel Strike","Body Slam+1","Metallicize","Perfected Strike","Shrug It Off","Pommel Strike","Power Through"],"relics":["Burning Blood","NeowsBlessing","Ornamental Fan","Dodecahedron","Golden Idol","Kunai"],"potions_floor_usage":[7],"damage_taken":[{"damage":0,"enemies":"Cultist","floor":1,"turns":1},{"damage":0,"enemies":"Small Slimes","floor":3,"turns":1},{"damage":0,"enemies":"2 Louse","floor":4,"turns":1},{"damage":50,"enemies":"Gremlin Nob","floor":7,"turns":5},{"damage":10,"enemies":"Blue Slaver","floor":8,"turns":3},{"damage":12,"enemies":"Looter","floor":10,"turns":3},{"damage":42,"enemies":"Lagavulin","floor":14,"turns":6},{"damage":41,"enemies":"Hexaghost","floor":16,"turns":14}],"seed_played":"-6785146561150335867","potions_obtained":[{"floor":3,"key":"Fruit Juice"}],"is_trial":false,"path_per_floor":["M","$","M","M","$","R","E","M","T","M","?","?","R","E","R","B"],"character_chosen":"IRONCLAD","items_purchased":["Perfected Strike"],"campfire_rested":2,"item_purchase_floors":[5],"current_hp_per_floor":[78,78,80,80,80,80,41,37,37,31,31,31,54,18,41,0],"gold":233,"neow_bonus":"THREE_ENEMY_KILL","is_prod":false,"is_daily":false,"chose_seed":false,"campfire_upgraded":1,"win_rate":0,"timestamp":1551191158,"path_taken":["M","?","M","?","$","R","E","M","T","M","?","?","R","E","R","BOSS"],"build_version":"2019-01-23","purchased_purges":1,"victory":false,"max_hp_per_floor":[80,80,80,80,80,80,85,85,85,85,79,79,79,79,79,79],"card_choices":[{"not_picked":["Cleave","Twin Strike"],"picked":"Pommel Strike","floor":1},{"not_picked":["Wild Strike","Pommel Strike"],"picked":"Body Slam","floor":3},{"not_picked":["Twin Strike","Body Slam"],"picked":"Metallicize","floor":4},{"not_picked":["Heavy Blade","True Grit","Havoc"],"picked":"SKIP","floor":7},{"not_picked":["Body Slam","Battle Trance"],"picked":"Shrug It Off","floor":8},{"not_picked":["Headbutt","Rage"],"picked":"Pommel Strike","floor":10},{"not_picked":["Pummel","Flex"],"picked":"Power Through","floor":14}],"player_experience":196757,"relics_obtained":[{"floor":7,"key":"Ornamental Fan"},{"floor":9,"key":"Dodecahedron"},{"floor":14,"key":"Kunai"}],"event_choices":[{"damage_healed":0,"gold_gain":0,"player_choice":"Lose Max HP","damage_taken":0,"relics_obtained":["Golden Idol"],"max_hp_gain":0,"max_hp_loss":6,"event_name":"Golden Idol","floor":11,"gold_loss":0},{"damage_healed":0,"gold_gain":100,"player_choice":"Pray","damage_taken":0,"max_hp_gain":0,"max_hp_loss":0,"event_name":"Golden Shrine","floor":12,"gold_loss":0}],"is_beta":false,"boss_relics":[],"items_purged_floors":[2],"is_endless":false,"potions_floor_spawned":[3],"killed_by":"Hexaghost","ascension_level":7}