{"gold_per_floor":[114,132,152,170,197,226,326,357,380,380,65,81,115,115,115,219,219,232,242,46,145,155,182,182,182,182,182,200,0,0,0,0,105,105,123,123,142,142,142,142,160,160,230,245,245,245,257,275,275,275],"floor_reached":51,"playtime":4630,"items_purged":["Strike_G"],"score":754,"play_id":"c454d976-8a39-4d69-82ad-93f90c926b1f","local_time":"20190319193144","is_ascension_mode":true,"campfire_choices":[{"data":"Bullet Time","floor":10.0,"key":"SMITH"},{"floor":15.0,"key":"REST"},{"data":"J.A.X.","floor":27.0,"key":"SMITH"},{"data":"Panache","floor":30.0,"key":"SMITH"},{"floor":32.0,"key":"REST"},{"floor":40.0,"key":"REST"},{"data":"After Image","floor":42.0,"key":"SMITH"},{"floor":49.0,"key":"REST"}],"neow_cost":"NONE","seed_source_timestamp":0,"circlet_count":0,"master_deck":["Defend_G+1","Defend_G+1","Defend_G+1","Defend_G+1","Defend_G+1","Strike_G+1","Strike_G+1","Survivor","Neutralize+1","Infinite Blades","Flying Knee","Cloak And Dagger","Deadly Poison","Bullet Time+1","Calculated Gamble","Poisoned Stab","Armaments","Dramatic Entrance","Adrenaline","Conserve Battery","Purity","Panache+1","J.A.X.+1","Carnage","After Image+1","Pommel Strike+1","Bane","Bane+1","Bouncing Flask","Madness","Madness","Burst"],"special_seed":0,"relics":["Ring of the Snake","Snake Skull","Blood Vial","Art of War","Happy Flower","Juzu Bracelet","PrismaticShard","Dead Branch","Ornamental Fan","Nloth\u0027s Gift","Eternal Feather","Kunai"],"potions_floor_usage":[],"damage_taken":[{"damage":2.0,"enemies":"Cultist","floor":1.0,"turns":4.0},{"damage":2.0,"enemies":"Jaw Worm","floor":2.0,"turns":5.0},{"damage":0.0,"enemies":"Small Slimes","floor":3.0,"turns":3.0},{"damage":3.0,"enemies":"3 Louse","floor":4.0,"turns":4.0},{"damage":27.0,"enemies":"Gremlin Nob","floor":6.0,"turns":5.0},{"damage":12.0,"enemies":"3 Sentries","floor":8.0,"turns":9.0},{"damage":3.0,"enemies":"2 Fungi Beasts","floor":12.0,"turns":3.0},{"damage":27.0,"enemies":"Gremlin Nob","floor":13.0,"turns":4.0},{"damage":9.0,"enemies":"Hexaghost","floor":16.0,"turns":8.0},{"damage":2.0,"enemies":"Spheric Guardian","floor":18.0,"turns":3.0},{"damage":4.0,"enemies":"Shell Parasite","floor":19.0,"turns":6.0},{"damage":0.0,"enemies":"Snecko","floor":22.0,"turns":4.0},{"damage":18.0,"enemies":"Slavers","floor":23.0,"turns":4.0},{"damage":0.0,"enemies":"Cultist and Chosen","floor":28.0,"turns":4.0},{"damage":6.0,"enemies":"Collector","floor":33.0,"turns":6.0},{"damage":34.0,"enemies":"3 Darklings","floor":35.0,"turns":6.0},{"damage":8.0,"enemies":"3 Shapes","floor":37.0,"turns":4.0},{"damage":9.0,"enemies":"3 Darklings","floor":41.0,"turns":3.0},{"damage":23.0,"enemies":"4 Shapes","floor":44.0,"turns":2.0},{"damage":9.0,"enemies":"Maw","floor":47.0,"turns":8.0},{"damage":7.0,"enemies":"Jaw Worm Horde","floor":48.0,"turns":4.0},{"damage":45,"enemies":"Awakened One","floor":50,"turns":14}],"seed_played":"-1795071252995402169","potions_obtained":[{"floor":3.0,"key":"Regen Potion"},{"floor":4.0,"key":"GhostInAJar"},{"floor":12.0,"key":"SteroidPotion"},{"floor":16.0,"key":"Poison Potion"},{"floor":18.0,"key":"PowerPotion"},{"floor":19.0,"key":"SkillPotion"},{"floor":33.0,"key":"Strength Potion"},{"floor":35.0,"key":"GamblersBrew"},{"floor":37.0,"key":"SpeedPotion"},{"floor":44.0,"key":"SmokeBomb"},{"floor":48.0,"key":"Ancient Potion"}],"is_trial":false,"path_per_floor":["M","M","M","M","T","E","?","E","T","R","$","M","E","?","R","B",null,"M","M","$","?","M","E","?","?","T","R","M","?","R","?","R","B",null,"M","?","M","?","?","R","M","R","T","M","?","?","M","M","R","B",null],"character_chosen":"THE_SILENT","items_purchased":["Poisoned Stab","PrismaticShard","Panache"],"campfire_rested":4,"item_purchase_floors":[11,11,20],"current_hp_per_floor":[68,66,66,63,63,38,38,43,43,43,43,42,17,5,26,19,70,68,66,66,66,68,52,52,52,52,52,54,54,54,54,70,64,70,36,36,30,30,30,66,59,70,70,47,47,38,31,26,65,22],"gold":275,"neow_bonus":"RANDOM_COMMON_RELIC","is_prod":false,"is_daily":false,"chose_seed":false,"campfire_upgraded":4,"win_rate":0,"timestamp":1553020304,"path_taken":["M","M","M","M","?","E","?","E","T","R","$","M","E","?","R","BOSS","M","M","$","?","M","E","?","?","T","R","M","?","R","?","R","BOSS","M","?","M","?","?","R","M","R","T","M","?","?","M","M","R","BOSS"],"build_version":"2019-01-23","purchased_purges":1,"victory":true,"max_hp_per_floor":[70,70,70,70,70,70,70,70,70,70,70,70,70,70,70,70,70,70,70,70,70,70,70,70,70,70,70,70,70,70,70,70,70,70,70,70,70,70,70,70,70,70,70,70,70,70,70,70,70,70],"card_choices":[{"not_picked":["Blade Dance","Dagger Spray"],"picked":"Infinite Blades","floor":1.0},{"not_picked":["Setup","Dagger Spray"],"picked":"Flying Knee","floor":2.0},{"not_picked":["Outmaneuver","Infinite Blades"],"picked":"Cloak And Dagger","floor":3.0},{"not_picked":["Reflex","Prepared"],"picked":"Deadly Poison","floor":4.0},{"not_picked":["All Out Attack","Distraction"],"picked":"Bullet Time","floor":6.0},{"not_picked":["Backflip","Expertise"],"picked":"Calculated Gamble","floor":8.0},{"not_picked":["Dagger Throw","Enlightenment"],"picked":"Armaments","floor":12.0},{"not_picked":["Sucker Punch","Compile Driver"],"picked":"Dramatic Entrance","floor":13.0},{"not_picked":["Sadistic Nature","Apotheosis"],"picked":"Adrenaline","floor":16.0},{"not_picked":["Dodge and Roll","Body Slam"],"picked":"Conserve Battery","floor":18.0},{"not_picked":["Gash","Hello World"],"picked":"Purity","floor":19.0},{"not_picked":["Searing Blow","Deflect","FTL"],"picked":"SKIP","floor":22.0},{"not_picked":["Dagger Spray","Multi-Cast","Twin Strike"],"picked":"SKIP","floor":23.0},{"not_picked":["Blade Dance+1","Purity"],"picked":"Carnage","floor":28.0},{"not_picked":["Barricade","Bullet Time"],"picked":"After Image","floor":33.0},{"not_picked":["Dropkick+1","Barrage"],"picked":"Pommel Strike","floor":35.0},{"not_picked":["Slice+1","Mind Blast","Good Instincts"],"picked":"SKIP","floor":37.0},{"not_picked":["Perfected Strike","Dash"],"picked":"Bane+1","floor":41.0},{"not_picked":["Iron Wave","Doppelganger"],"picked":"Bouncing Flask","floor":44.0},{"not_picked":["Twin Strike","Skewer","Iron Wave"],"picked":"SKIP","floor":47.0},{"not_picked":["Body Slam","Pommel Strike"],"picked":"Burst","floor":48.0}],"player_experience":384813,"relics_obtained":[{"floor":5.0,"key":"Blood Vial"},{"floor":6.0,"key":"Art of War"},{"floor":8.0,"key":"Happy Flower"},{"floor":9.0,"key":"Juzu Bracelet"},{"floor":13.0,"key":"Dead Branch"},{"floor":23.0,"key":"Whetstone"},{"floor":26.0,"key":"Ornamental Fan"},{"floor":43.0,"key":"Kunai"}],"event_choices":[{"damage_healed":0.0,"max_hp_gain":0.0,"max_hp_loss":0.0,"gold_gain":100.0,"event_name":"Golden Shrine","player_choice":"Pray","floor":7.0,"gold_loss":0.0,"damage_taken":0.0},{"damage_healed":0.0,"max_hp_gain":0.0,"max_hp_loss":0.0,"gold_gain":0.0,"event_name":"Scrap Ooze","player_choice":"Fled","floor":14.0,"gold_loss":0.0,"damage_taken":12.0},{"damage_healed":0.0,"max_hp_gain":0.0,"max_hp_loss":0.0,"gold_gain":99.0,"event_name":"Nest","player_choice":"Stole From Cult","floor":21.0,"gold_loss":0.0,"damage_taken":0.0},{"damage_healed":0.0,"max_hp_gain":0.0,"max_hp_loss":0.0,"gold_gain":0.0,"event_name":"Back to Basics","player_choice":"Simplicity","floor":24.0,"gold_loss":0.0,"damage_taken":0.0,"cards_upgraded":["Defend_G","Defend_G","Defend_G","Defend_G","Defend_G","Strike_G","Strike_G","Strike_G"]},{"damage_healed":0.0,"max_hp_gain":0.0,"max_hp_loss":0.0,"gold_gain":0.0,"event_name":"Drug Dealer","player_choice":"Obtain J.A.X.","floor":25.0,"gold_loss":0.0,"damage_taken":0.0,"cards_obtained":["J.A.X."]},{"damage_healed":0.0,"max_hp_gain":0.0,"max_hp_loss":0.0,"gold_gain":0.0,"event_name":"Masked Bandits","player_choice":"Paid Fearfully","floor":29.0,"gold_loss":200.0,"damage_taken":0.0},{"damage_healed":0.0,"max_hp_gain":0.0,"max_hp_loss":0.0,"gold_gain":0.0,"event_name":"N\u0027loth","player_choice":"Traded Relic","floor":31.0,"relics_lost":["Whetstone"],"gold_loss":0.0,"damage_taken":0.0,"relics_obtained":["Nloth\u0027s Gift"]},{"damage_healed":0.0,"max_hp_gain":0.0,"max_hp_loss":0.0,"gold_gain":0.0,"event_name":"Mysterious Sphere","player_choice":"Ignored","floor":36.0,"gold_loss":0.0,"damage_taken":0.0},{"cards_removed":["Strike_G"],"damage_healed":0.0,"max_hp_gain":0.0,"max_hp_loss":0.0,"gold_gain":0.0,"event_name":"Falling","player_choice":"Removed Attack","floor":38.0,"gold_loss":0.0,"damage_taken":0.0},{"damage_healed":0.0,"max_hp_gain":0.0,"max_hp_loss":0.0,"gold_gain":0.0,"cards_transformed":["Strike_G"],"event_name":"Transmorgrifier","player_choice":"Transformed","floor":39.0,"gold_loss":0.0,"damage_taken":0.0,"cards_obtained":["Bane"]},{"damage_healed":0.0,"max_hp_gain":0.0,"max_hp_loss":0.0,"gold_gain":0.0,"event_name":"Accursed Blacksmith","player_choice":"Forge","floor":45.0,"gold_loss":0.0,"damage_taken":0.0,"cards_upgraded":["Pommel Strike"]},{"damage_healed":0.0,"max_hp_gain":0.0,"max_hp_loss":0.0,"gold_gain":0.0,"event_name":"Winding Halls","player_choice":"Embrace Madness","floor":46.0,"gold_loss":0.0,"damage_taken":9.0,"cards_obtained":["Madness","Madness"]}],"is_beta":false,"boss_relics":[{"not_picked":["Sozu","Philosopher\u0027s Stone","Runic Dome"]},{"not_picked":["Ring of the Serpent","Pandora\u0027s Box"],"picked":"Eternal Feather"}],"items_purged_floors":[11],"is_endless":false,"potions_floor_spawned":[3,4,12,16,18,19,33,35,37,44,48],"ascension_level":2}