{"gold_per_floor":[110,121,46,58,72,72,72,104,104,104,123,143,162,195,195,271,271,283,283,132,132,150,150,50,50,132,149,179,69,69,69,69,69],"floor_reached":33,"playtime":914,"items_purged":["Strike_R","Strike_R"],"score":550,"play_id":"932ebe5f-fc74-4e5a-887e-5e4d06338a75","local_time":"20190114015353","is_ascension_mode":true,"campfire_choices":[{"data":"Immolate","floor":6,"key":"SMITH"},{"data":"Armaments","floor":15,"key":"SMITH"},{"data":"Body Slam","floor":23,"key":"SMITH"},{"data":"Battle Trance","floor":25,"key":"SMITH"},{"data":"Feel No Pain","floor":32,"key":"SMITH"}],"neow_cost":"NONE","seed_source_timestamp":287949417151583,"circlet_count":0,"master_deck":["AscendersBane","Defend_R","Defend_R","Defend_R","Bash","Anger","Wild Strike+1","Immolate+1","Feel No Pain+1","Battle Trance+1","Demon Form","Armaments+1","Battle Trance","Second Wind","Fiend Fire","Feel No Pain","Sentinel","Body Slam+1"],"relics":["Burning Blood","Shuriken","Turnip","Girya","Sozu","Red Skull","The Courier","Juzu Bracelet"],"potions_floor_usage":[8,14,16,28,33],"damage_taken":[{"damage":11,"enemies":"Jaw Worm","floor":1,"turns":5},{"damage":9,"enemies":"2 Louse","floor":2,"turns":3},{"damage":6,"enemies":"Cultist","floor":4,"turns":3},{"damage":9,"enemies":"Red Slaver","floor":5,"turns":2},{"damage":8,"enemies":"Gremlin Nob","floor":8,"turns":3},{"damage":7,"enemies":"Looter","floor":11,"turns":3},{"damage":7,"enemies":"Exordium Wildlife","floor":12,"turns":2},{"damage":9,"enemies":"Red Slaver","floor":13,"turns":2},{"damage":17,"enemies":"3 Sentries","floor":14,"turns":5},{"damage":29,"enemies":"The Guardian","floor":16,"turns":13},{"damage":0,"enemies":"Chosen","floor":18,"turns":4},{"damage":0,"enemies":"2 Thieves","floor":22,"turns":3},{"damage":0,"enemies":"Snecko","floor":27,"turns":5},{"damage":54,"enemies":"Book of Stabbing","floor":28,"turns":4},{"damage":53,"enemies":"Collector","floor":33,"turns":6}],"seed_played":"-8657241046430082995","potions_obtained":[{"floor":4,"key":"FearPotion"},{"floor":12,"key":"Dexterity Potion"},{"floor":13,"key":"BloodPotion"},{"floor":14,"key":"SteroidPotion"},{"floor":16,"key":"AttackPotion"}],"is_trial":false,"path_per_floor":["M","M","?","M","M","R","?","E","T","?","M","M","M","E","R","B",null,"M","T","$","?","M","R","$","R","T","M","E","?","$","?","R","B"],"character_chosen":"IRONCLAD","items_purchased":["Feel No Pain"],"campfire_rested":0,"item_purchase_floors":[20],"current_hp_per_floor":[70,67,67,67,64,64,57,55,55,55,54,53,50,47,47,24,68,74,74,74,74,80,80,80,80,80,82,34,34,34,34,34,0],"gold":69,"neow_bonus":"TEN_PERCENT_HP_BONUS","is_prod":false,"is_daily":false,"chose_seed":false,"campfire_upgraded":5,"win_rate":0,"timestamp":1547398433,"path_taken":["M","M","?","M","M","R","?","E","T","?","?","M","M","E","R","BOSS","M","?","$","?","M","R","?","R","T","M","E","?","?","?","R","BOSS"],"build_version":"2019-01-10","purchased_purges":2,"victory":false,"max_hp_per_floor":[82,82,82,82,82,82,82,82,82,82,82,82,82,82,82,82,82,82,82,82,82,82,82,82,82,82,82,82,82,82,82,82,82],"card_choices":[{"not_picked":["Flex","Armaments"],"picked":"Anger","floor":1},{"not_picked":["Clothesline","True Grit"],"picked":"Wild Strike","floor":2},{"not_picked":["Havoc","Cleave"],"picked":"Immolate","floor":4},{"not_picked":["Searing Blow","Burning Pact"],"picked":"Feel No Pain","floor":5},{"not_picked":["Twin Strike","Sentinel"],"picked":"Battle Trance","floor":8},{"not_picked":["Iron Wave","Twin Strike","Flex"],"picked":"SKIP","floor":11},{"not_picked":["Cleave","Warcry"],"picked":"Armaments","floor":12},{"not_picked":["Fiend Fire","Metallicize"],"picked":"Battle Trance","floor":13},{"not_picked":["Hemokinesis","Reckless Charge"],"picked":"Second Wind","floor":14},{"not_picked":["Bludgeon","Exhume"],"picked":"Fiend Fire","floor":16},{"not_picked":["Wild Strike","True Grit","Spot Weakness"],"picked":"SKIP","floor":18},{"not_picked":["Clothesline+1","Armaments"],"picked":"Body Slam","floor":22},{"not_picked":["Sword Boomerang","Intimidate","Thunderclap+1"],"picked":"SKIP","floor":27},{"not_picked":["Perfected Strike","Shrug It Off","Wild Strike"],"picked":"SKIP","floor":28}],"player_experience":4071479,"relics_obtained":[{"floor":8,"key":"Shuriken"},{"floor":9,"key":"Turnip"},{"floor":14,"key":"Girya"},{"floor":19,"key":"Red Skull"},{"floor":26,"key":"The Courier"},{"floor":28,"key":"Juzu Bracelet"}],"event_choices":[{"cards_removed":["Strike_R"],"damage_healed":0,"gold_gain":0,"player_choice":"Card Removal","damage_taken":0,"max_hp_gain":0,"max_hp_loss":0,"event_name":"The Cleric","floor":3,"gold_loss":75},{"cards_removed":["Strike_R"],"damage_healed":0,"gold_gain":0,"player_choice":"Card Removal","damage_taken":7,"max_hp_gain":0,"max_hp_loss":0,"event_name":"Golden Wing","floor":7,"gold_loss":0},{"damage_healed":0,"gold_gain":0,"cards_transformed":["Strike_R"],"player_choice":"Transformed","damage_taken":0,"max_hp_gain":0,"max_hp_loss":0,"event_name":"Transmorgrifier","floor":10,"gold_loss":0,"cards_obtained":["Demon Form"]},{"damage_healed":0,"gold_gain":0,"player_choice":"Read","damage_taken":0,"max_hp_gain":0,"max_hp_loss":0,"event_name":"The Library","floor":21,"gold_loss":0,"cards_obtained":["Sentinel"]},{"cards_removed":["Defend_R"],"damage_healed":0,"gold_gain":0,"player_choice":"Upgrade and Remove","damage_taken":0,"max_hp_gain":0,"max_hp_loss":0,"event_name":"Designer","floor":29,"gold_loss":110,"cards_upgraded":["Wild Strike"]},{"damage_healed":0,"gold_gain":0,"player_choice":"Ignored","damage_taken":0,"max_hp_gain":0,"max_hp_loss":0,"event_name":"The Mausoleum","floor":31,"gold_loss":0}],"is_beta":false,"boss_relics":[{"not_picked":["Eternal Feather","Tiny House"],"picked":"Sozu"}],"items_purged_floors":[20,24],"is_endless":false,"potions_floor_spawned":[4,12,13,14,16,18,27,28],"killed_by":"Collector","ascension_level":20}