{"gold_per_floor":[111,122,122,135,150,150,180,180,180,211,211,211,246,30,30,102,102,118,137,52,66,66,66,99,109,109,136,163,163,13,30,30,108,108,122,122,49,65,65,98,98,126,178,188,188,188,207,235,235,235,235],"floor_reached":51,"playtime":1787,"items_purged":["Strike_G","Strike_G"],"score":1682,"play_id":"18d0ed18-2887-41b0-8c99-82a90aad9b9e","local_time":"20190218031323","is_ascension_mode":true,"campfire_choices":[{"data":"Dagger Spray","floor":6.0,"key":"SMITH"},{"floor":8.0,"key":"REST"},{"data":"Bouncing Flask","floor":11.0,"key":"SMITH"},{"data":"Catalyst","floor":15.0,"key":"SMITH"},{"floor":23.0,"key":"REST"},{"floor":29.0,"key":"REST"},{"data":"Well Laid Plans","floor":32.0,"key":"SMITH"},{"floor":41.0,"key":"REST"},{"floor":46.0,"key":"REST"},{"floor":49.0,"key":"RECALL"}],"neow_cost":"NONE","seed_source_timestamp":304434044400300,"circlet_count":0,"master_deck":["AscendersBane","Defend_G","Defend_G","Defend_G","Defend_G+1","Defend_G","Strike_G","Strike_G","Strike_G","Survivor+1","Neutralize","Backstab","All Out Attack","Dagger Spray+1","Dagger Spray","Leg Sweep","Bouncing Flask+1","Corpse Explosion","Catalyst+1","Bullet Time","Backstab","Choke","PiercingWail","Catalyst+1","Well Laid Plans+1","Poisoned Stab+1","Burst","Backflip+1","Noxious Fumes","Backflip","Concentrate+1","Catalyst+1","Tactician+1","Footwork+1"],"special_seed":0,"relics":["Ring of the Snake","Vajra","Pantograph","PreservedInsect","The Courier","Omamori","Bag of Preparation","Cursed Key","Strawberry","Molten Egg 2","Matryoshka","Orichalcum","Red Mask","Eternal Feather","Toxic Egg 2","War Paint","Juzu Bracelet","Meat on the Bone"],"potions_floor_usage":[51],"damage_taken":[{"damage":9.0,"enemies":"Cultist","floor":1.0,"turns":5.0},{"damage":8.0,"enemies":"Jaw Worm","floor":2.0,"turns":5.0},{"damage":0.0,"enemies":"2 Louse","floor":4.0,"turns":2.0},{"damage":3.0,"enemies":"Looter","floor":5.0,"turns":3.0},{"damage":42.0,"enemies":"Gremlin Nob","floor":7.0,"turns":5.0},{"damage":0.0,"enemies":"3 Sentries","floor":10.0,"turns":1.0},{"damage":8.0,"enemies":"Gremlin Nob","floor":13.0,"turns":3.0},{"damage":34.0,"enemies":"Hexaghost","floor":16.0,"turns":6.0},{"damage":0.0,"enemies":"Chosen","floor":18.0,"turns":3.0},{"damage":0.0,"enemies":"3 Byrds","floor":19.0,"turns":2.0},{"damage":4.0,"enemies":"Snake Plant","floor":21.0,"turns":3.0},{"damage":17.0,"enemies":"Book of Stabbing","floor":24.0,"turns":4.0},{"damage":6.0,"enemies":"Cultist and Chosen","floor":25.0,"turns":3.0},{"damage":0.0,"enemies":"Slavers","floor":27.0,"turns":1.0},{"damage":0.0,"enemies":"Masked Bandits","floor":28.0,"turns":1.0},{"damage":0.0,"enemies":"Snecko","floor":31.0,"turns":2.0},{"damage":52.0,"enemies":"Automaton","floor":33.0,"turns":7.0},{"damage":18.0,"enemies":"3 Darklings","floor":35.0,"turns":4.0},{"damage":0.0,"enemies":"3 Shapes","floor":38.0,"turns":2.0},{"damage":45.0,"enemies":"Reptomancer","floor":40.0,"turns":5.0},{"damage":24.0,"enemies":"Nemesis","floor":42.0,"turns":3.0},{"damage":24.0,"enemies":"Spire Growth","floor":44.0,"turns":3.0},{"damage":22.0,"enemies":"3 Darklings","floor":47.0,"turns":5.0},{"damage":0.0,"enemies":"Reptomancer","floor":48.0,"turns":2.0},{"damage":60.0,"enemies":"Donu and Deca","floor":50.0,"turns":5.0},{"damage":47,"enemies":"Awakened One","floor":51,"turns":8}],"seed_played":"8178727514763119010","potions_obtained":[{"floor":1.0,"key":"Block Potion"},{"floor":2.0,"key":"Block Potion"},{"floor":10.0,"key":"Fire Potion"},{"floor":13.0,"key":"LiquidBronze"},{"floor":25.0,"key":"SteroidPotion"},{"floor":28.0,"key":"EssenceOfSteel"},{"floor":31.0,"key":"GamblersBrew"},{"floor":33.0,"key":"Fire Potion"},{"floor":38.0,"key":"SpeedPotion"},{"floor":42.0,"key":"SpeedPotion"},{"floor":48.0,"key":"Dexterity Potion"}],"is_trial":false,"path_per_floor":["M","M","?","M","M","R","E","R","T","E","R","?","E","$","R","B",null,"M","M","?","M","?","R","E","M","T","E","?","R","$","M","R","B",null,"M","?","$","M","?","E","R","E","T","M","?","R","M","E","R","B","B"],"character_chosen":"THE_SILENT","items_purchased":["Bag of Preparation","Catalyst","Well Laid Plans","Noxious Fumes","Backflip"],"campfire_rested":5,"item_purchase_floors":[14,14,30,37,37],"current_hp_per_floor":[56,48,48,48,45,45,3,24,24,24,24,24,16,16,16,7,56,56,56,63,59,36,61,44,38,38,38,38,63,63,63,63,32,71,53,53,53,53,53,8,51,27,27,3,3,46,24,24,42,19,0],"gold":235,"neow_bonus":"TEN_PERCENT_HP_BONUS","is_prod":false,"is_daily":false,"chose_seed":false,"campfire_upgraded":4,"win_rate":0,"timestamp":1550427203,"path_taken":["M","?","?","M","?","R","E","R","T","E","R","?","E","?","R","BOSS","M","M","?","M","?","R","E","M","T","E","?","R","?","M","R","BOSS","M","?","$","?","?","E","R","E","T","M","?","R","M","E","R","BOSS","BOSS"],"build_version":"2019-01-23","purchased_purges":2,"victory":false,"max_hp_per_floor":[72,72,72,72,72,72,72,72,72,72,72,72,72,72,72,72,72,72,72,79,79,84,84,84,84,84,84,84,84,84,84,84,84,84,84,84,84,84,84,84,84,84,84,84,84,84,84,84,84,84,84],"card_choices":[{"not_picked":["Terror","Sucker Punch"],"picked":"Backstab","floor":1.0},{"not_picked":["Infinite Blades","Flechettes"],"picked":"All Out Attack","floor":2.0},{"not_picked":["Dodge and Roll","Dagger Throw"],"picked":"Dagger Spray","floor":4.0},{"not_picked":["Bouncing Flask","Slice"],"picked":"Dagger Spray","floor":5.0},{"not_picked":["Dodge and Roll","Unload"],"picked":"Leg Sweep","floor":7.0},{"not_picked":["Expertise","Dash"],"picked":"Bouncing Flask","floor":10.0},{"not_picked":["Catalyst","Leg Sweep"],"picked":"Corpse Explosion","floor":13.0},{"not_picked":["Unload","Night Terror"],"picked":"Bullet Time","floor":16.0},{"not_picked":["Terror","Quick Slash"],"picked":"Backstab","floor":18.0},{"not_picked":["Outmaneuver","Deadly Poison"],"picked":"Choke","floor":19.0},{"not_picked":["Blur","Quick Slash","Skewer"],"picked":"SKIP","floor":21.0},{"not_picked":["Poisoned Stab","Outmaneuver"],"picked":"PiercingWail","floor":24.0},{"not_picked":["Dagger Throw+1","Poisoned Stab+1"],"picked":"Backstab+1","floor":25.0},{"not_picked":["Dodge and Roll","Quick Slash+1","Blade Dance+1"],"picked":"SKIP","floor":27.0},{"not_picked":["Deadly Poison+1","Cloak And Dagger"],"picked":"Catalyst+1","floor":28.0},{"not_picked":["Deflect","Outmaneuver"],"picked":"Poisoned Stab+1","floor":31.0},{"not_picked":["Night Terror","After Image"],"picked":"Burst","floor":33.0},{"not_picked":["Bouncing Flask","Caltrops"],"picked":"Backflip+1","floor":35.0},{"not_picked":["Outmaneuver","Flying Knee+1","Deadly Poison"],"picked":"SKIP","floor":38.0},{"not_picked":["Deflect","Choke+1"],"picked":"Concentrate","floor":40.0},{"not_picked":["Poisoned Stab+1","Slice+1"],"picked":"Catalyst+1","floor":42.0},{"not_picked":["Escape Plan+1","Sucker Punch+1"],"picked":"Tactician+1","floor":44.0},{"not_picked":["Setup+1","Blade Dance+1","Flying Knee+1"],"picked":"SKIP","floor":47.0},{"not_picked":["Infinite Blades","Prepared+1"],"picked":"Footwork+1","floor":48.0}],"player_experience":4328552,"relics_obtained":[{"floor":7.0,"key":"Pantograph"},{"floor":9.0,"key":"PreservedInsect"},{"floor":10.0,"key":"The Courier"},{"floor":13.0,"key":"Omamori"},{"floor":24.0,"key":"Molten Egg 2"},{"floor":26.0,"key":"Matryoshka"},{"floor":27.0,"key":"Orichalcum"},{"floor":28.0,"key":"Red Mask"},{"floor":40.0,"key":"Toxic Egg 2"},{"floor":42.0,"key":"War Paint"},{"floor":43.0,"key":"Juzu Bracelet"},{"floor":48.0,"key":"Meat on the Bone"}],"event_choices":[{"damage_healed":0.0,"max_hp_gain":0.0,"max_hp_loss":0.0,"gold_gain":0.0,"event_name":"WeMeetAgain","player_choice":"Gave Potion","floor":3.0,"gold_loss":0.0,"damage_taken":0.0,"relics_obtained":["Vajra"]},{"damage_healed":0.0,"max_hp_gain":0.0,"max_hp_loss":0.0,"gold_gain":0.0,"event_name":"Match and Keep!","player_choice":"0 cards matched","floor":12.0,"gold_loss":0.0,"damage_taken":0.0,"cards_obtained":[]},{"damage_healed":0.0,"max_hp_gain":0.0,"max_hp_loss":0.0,"gold_gain":0.0,"event_name":"Addict","player_choice":"Obtained Relic","floor":20.0,"gold_loss":85.0,"damage_taken":0.0,"relics_obtained":["Strawberry"]},{"damage_healed":0.0,"max_hp_gain":5.0,"max_hp_loss":0.0,"gold_gain":0.0,"event_name":"Forgotten Altar","player_choice":"Shed Blood","floor":22.0,"gold_loss":0.0,"damage_taken":28.0},{"damage_healed":0.0,"max_hp_gain":0.0,"max_hp_loss":0.0,"gold_gain":0.0,"event_name":"Masked Bandits","player_choice":"Fought Bandits","floor":28.0,"gold_loss":0.0,"damage_taken":0.0},{"damage_healed":0.0,"max_hp_gain":0.0,"max_hp_loss":0.0,"gold_gain":0.0,"event_name":"Match and Keep!","player_choice":"0 cards matched","floor":36.0,"gold_loss":0.0,"damage_taken":0.0,"cards_obtained":[]},{"cards_removed":["Backstab"],"damage_healed":0.0,"max_hp_gain":0.0,"max_hp_loss":0.0,"gold_gain":0.0,"event_name":"Falling","player_choice":"Removed Attack","floor":39.0,"gold_loss":0.0,"damage_taken":0.0},{"damage_healed":0.0,"max_hp_gain":0.0,"max_hp_loss":0.0,"gold_gain":0.0,"event_name":"Mysterious Sphere","player_choice":"Ignored","floor":45.0,"gold_loss":0.0,"damage_taken":0.0}],"is_beta":false,"boss_relics":[{"not_picked":["Orrery","Runic Dome"],"picked":"Cursed Key"},{"not_picked":["White Beast Statue","Snecko Eye"],"picked":"Eternal Feather"}],"items_purged_floors":[14,30],"is_endless":false,"potions_floor_spawned":[1,2,10,13,16,25,28,31,33,38,42,47,48],"killed_by":"Awakened One","ascension_level":20}