{"gold_per_floor":[20,39,57,57,57,57,98,98,122,160,160,173,173,53,53,142,142,161,176,191,241,241,241,274,274,274,274,284,284,199,299,299,374,374,386,386,386,399,416,416,444,460,460,495,495,79,179,196,196,196,196],"floor_reached":52,"playtime":1692,"items_purged":["Strike_B","Defend_B"],"score":2197,"play_id":"37926d6e-dd27-4bc0-a243-9b26914ef921","local_time":"20190130031233","is_ascension_mode":true,"campfire_choices":[{"data":"Dualcast","floor":6.0,"key":"SMITH"},{"floor":8.0,"key":"REST"},{"data":"Zap","floor":15.0,"key":"SMITH"},{"floor":23.0,"key":"REST"},{"data":"Amplify","floor":27.0,"key":"SMITH"},{"data":"Multi-Cast","floor":29.0,"key":"SMITH"},{"data":"Ball Lightning","floor":32.0,"key":"SMITH"},{"data":"Discovery","floor":40.0,"key":"SMITH"},{"data":"Consume","floor":45.0,"key":"SMITH"},{"data":"Coolheaded","floor":49.0,"key":"SMITH"}],"neow_cost":"NO_GOLD","seed_source_timestamp":0,"circlet_count":0,"master_deck":["AscendersBane","Defend_B","Defend_B","Zap+1","Dualcast+1","Ball Lightning+1","Ball Lightning","Ball Lightning","Hello World+1","Chill","Heatsinks+1","Biased Cognition+1","Doom and Gloom+1","Heatsinks+1","Recycle+1","White Noise+1","Amplify+1","Multi-Cast+1","Buffer+1","Electrodynamics+1","Discovery+1","Cold Snap+1","Thunder Strike","Consume+1","Loop+1","Coolheaded+1"],"special_seed":0,"relics":["Cracked Core","Bloody Idol","Strawberry","Boot","Frozen Egg 2","Sozu","Anchor","Pantograph","Matryoshka","Mango","Mercury Hourglass","Cursed Key","Happy Flower","Question Card","Toy Ornithopter","Emotion Chip"],"potions_floor_usage":[50,50],"damage_taken":[{"damage":1.0,"enemies":"2 Louse","floor":1.0,"turns":3.0},{"damage":16.0,"enemies":"Small Slimes","floor":2.0,"turns":3.0},{"damage":7.0,"enemies":"Jaw Worm","floor":3.0,"turns":2.0},{"damage":36.0,"enemies":"Gremlin Nob","floor":7.0,"turns":4.0},{"damage":25.0,"enemies":"3 Sentries","floor":10.0,"turns":5.0},{"damage":7.0,"enemies":"2 Fungi Beasts","floor":12.0,"turns":3.0},{"damage":0.0,"enemies":"Hexaghost","floor":16.0,"turns":9.0},{"damage":0.0,"enemies":"3 Byrds","floor":18.0,"turns":3.0},{"damage":6.0,"enemies":"Spheric Guardian","floor":19.0,"turns":3.0},{"damage":2.0,"enemies":"Snecko","floor":20.0,"turns":3.0},{"damage":18.0,"enemies":"Gremlin Leader","floor":24.0,"turns":4.0},{"damage":5.0,"enemies":"Cultist and Chosen","floor":28.0,"turns":4.0},{"damage":2.0,"enemies":"Colosseum Slavers","floor":31.0,"turns":3.0},{"damage":16.0,"enemies":"Colosseum Nobs","floor":31.0,"turns":3.0},{"damage":8.0,"enemies":"Automaton","floor":33.0,"turns":6.0},{"damage":0.0,"enemies":"3 Darklings","floor":35.0,"turns":2.0},{"damage":0.0,"enemies":"3 Shapes","floor":38.0,"turns":4.0},{"damage":9.0,"enemies":"Jaw Worm Horde","floor":39.0,"turns":2.0},{"damage":0.0,"enemies":"Reptomancer","floor":41.0,"turns":4.0},{"damage":0.0,"enemies":"Sphere and 2 Shapes","floor":42.0,"turns":3.0},{"damage":0.0,"enemies":"Giant Head","floor":44.0,"turns":7.0},{"damage":0.0,"enemies":"Mind Bloom Boss Battle","floor":47.0,"turns":2.0},{"damage":0.0,"enemies":"Writhing Mass","floor":48.0,"turns":3.0},{"damage":88,"enemies":"Awakened One","floor":50,"turns":13},{"damage":0,"enemies":"Donu and Deca","floor":51,"turns":4}],"seed_played":"-3045587182432902793","potions_obtained":[{"floor":10.0,"key":"Explosive Potion"},{"floor":12.0,"key":"Dexterity Potion"},{"floor":16.0,"key":"GamblersBrew"}],"is_trial":false,"path_per_floor":["M","M","M","?","?","R","E","R","T","E","?","M","?","$","R","B",null,"M","M","M","?","?","R","E","?","T","R","M","R","?","?","R","B",null,"M","?","?","M","M","R","E","M","T","E","R","$","?","M","R","B","B",null],"character_chosen":"DEFECT","items_purchased":["Heatsinks+1","Loop+1","Toy Ornithopter"],"campfire_rested":2,"item_purchase_floors":[14,46,46],"current_hp_per_floor":[77,61,54,54,54,54,25,50,50,25,25,18,23,23,23,23,73,73,67,65,65,65,89,76,76,76,76,76,76,76,77,77,99,102,103,93,93,98,94,94,99,103,103,103,103,103,103,103,103,20,45],"gold":196,"neow_bonus":"TWENTY_PERCENT_HP_BONUS","is_prod":false,"is_daily":false,"chose_seed":false,"campfire_upgraded":8,"win_rate":0,"timestamp":1548785553,"path_taken":["M","M","M","?","?","R","E","R","T","E","?","?","?","$","R","BOSS","M","M","M","?","?","R","E","?","T","R","M","R","?","?","R","BOSS","M","?","?","M","M","R","E","M","T","E","R","$","?","M","R","BOSS","BOSS"],"build_version":"2019-01-23","purchased_purges":2,"victory":true,"max_hp_per_floor":[85,85,85,77,77,77,84,84,84,84,84,84,89,89,89,89,89,89,89,89,89,89,89,89,89,89,89,89,89,89,103,103,103,103,103,103,103,103,103,103,103,103,103,103,103,103,103,103,103,103,103],"card_choices":[{"not_picked":["Barrage","Compile Driver"],"picked":"Ball Lightning","floor":1.0},{"not_picked":["Streamline","Conserve Battery"],"picked":"Ball Lightning","floor":2.0},{"not_picked":["Gash","Stack","Rebound"],"picked":"SKIP","floor":3.0},{"not_picked":["Doom and Gloom","Aggregate"],"picked":"Ball Lightning","floor":7.0},{"not_picked":["Sweeping Beam","Redo"],"picked":"Hello World","floor":10.0},{"not_picked":["Redo","Double Energy"],"picked":"Chill","floor":12.0},{"not_picked":["Buffer+1","Machine Learning+1"],"picked":"Biased Cognition+1","floor":16.0},{"not_picked":["Rebound+1","FTL"],"picked":"Doom and Gloom+1","floor":18.0},{"not_picked":["Reprogram","Turbo"],"picked":"Heatsinks+1","floor":19.0},{"not_picked":["Blizzard","Streamline"],"picked":"Recycle+1","floor":20.0},{"not_picked":["Coolheaded","Reinforced Body"],"picked":"White Noise+1","floor":24.0},{"not_picked":["Go for the Eyes","Gash","Auto Shields"],"picked":"SKIP","floor":28.0},{"not_picked":["Go for the Eyes","Compile Driver"],"picked":"Buffer+1","floor":31.0},{"not_picked":["Thunder Strike","Multi-Cast"],"picked":"Electrodynamics+1","floor":33.0},{"not_picked":["Streamline","Stack","Chill+1"],"picked":"SKIP","floor":35.0},{"not_picked":["Finesse","Panacea"],"picked":"Discovery","floor":36.0},{"not_picked":["Leap","Gash"],"picked":"Cold Snap+1","floor":38.0},{"not_picked":["Redo","Undo","Barrage"],"picked":"SKIP","floor":39.0},{"not_picked":["Sweeping Beam+1","Steam","Thunder Strike"],"picked":"SKIP","floor":41.0},{"not_picked":["Sweeping Beam+1","Steam"],"picked":"Thunder Strike","floor":41.0},{"not_picked":["Auto Shields","Turbo","Barrage"],"picked":"SKIP","floor":42.0},{"not_picked":["Streamline","Lockon"],"picked":"Consume","floor":44.0},{"not_picked":["Barrage","Redo+1","Recycle"],"picked":"Coolheaded","floor":47.0},{"not_picked":["Stack","Sweeping Beam","Rebound","Heatsinks+1"],"picked":"SKIP","floor":48.0}],"player_experience":4171389,"relics_obtained":[{"floor":7.0,"key":"Strawberry"},{"floor":9.0,"key":"Boot"},{"floor":10.0,"key":"Frozen Egg 2"},{"floor":24.0,"key":"Anchor"},{"floor":26.0,"key":"Pantograph"},{"floor":31.0,"key":"Mango"},{"floor":31.0,"key":"Mercury Hourglass"},{"floor":41.0,"key":"Happy Flower"},{"floor":44.0,"key":"Question Card"},{"floor":47.0,"key":"Emotion Chip"}],"event_choices":[{"damage_healed":0.0,"max_hp_gain":0.0,"max_hp_loss":8.0,"gold_gain":0.0,"event_name":"Golden Idol","player_choice":"Lose Max HP","floor":4.0,"gold_loss":0.0,"damage_taken":0.0,"relics_obtained":["Golden Idol"]},{"cards_removed":["Strike_B"],"damage_healed":0.0,"max_hp_gain":0.0,"max_hp_loss":0.0,"gold_gain":0.0,"event_name":"Living Wall","player_choice":"Forget","floor":5.0,"gold_loss":0.0,"damage_taken":0.0},{"damage_healed":0.0,"max_hp_gain":0.0,"max_hp_loss":0.0,"gold_gain":0.0,"event_name":"Shining Light","player_choice":"Ignored","floor":11.0,"gold_loss":0.0,"damage_taken":0.0},{"damage_healed":0.0,"max_hp_gain":5.0,"max_hp_loss":0.0,"gold_gain":0.0,"event_name":"Big Fish","player_choice":"Donut","floor":13.0,"gold_loss":0.0,"damage_taken":0.0},{"damage_healed":0.0,"max_hp_gain":0.0,"max_hp_loss":0.0,"gold_gain":50.0,"event_name":"Nest","player_choice":"Stole From Cult","floor":21.0,"gold_loss":0.0,"damage_taken":0.0},{"damage_healed":0.0,"max_hp_gain":0.0,"max_hp_loss":0.0,"gold_gain":0.0,"event_name":"Forgotten Altar","player_choice":"Gave Idol","floor":22.0,"relics_lost":["Golden Idol"],"gold_loss":0.0,"damage_taken":0.0,"relics_obtained":["Bloody Idol"]},{"damage_healed":0.0,"max_hp_gain":0.0,"max_hp_loss":0.0,"gold_gain":0.0,"cards_transformed":["Strike_B","Strike_B"],"event_name":"Drug Dealer","player_choice":"Became Test Subject","floor":25.0,"gold_loss":0.0,"damage_taken":0.0,"cards_obtained":["Amplify","Multi-Cast"]},{"damage_healed":0.0,"max_hp_gain":0.0,"max_hp_loss":0.0,"gold_gain":0.0,"event_name":"Addict","player_choice":"Obtained Relic","floor":30.0,"gold_loss":85.0,"damage_taken":0.0,"relics_obtained":["Matryoshka"]},{"damage_healed":0.0,"max_hp_gain":0.0,"max_hp_loss":0.0,"gold_gain":0.0,"event_name":"Colosseum","player_choice":"Fight","floor":31.0,"gold_loss":0.0,"damage_taken":0.0},{"damage_healed":0.0,"max_hp_gain":0.0,"max_hp_loss":0.0,"gold_gain":0.0,"event_name":"Colosseum","player_choice":"Fought Nobs","floor":31.0,"gold_loss":0.0,"damage_taken":0.0},{"damage_healed":0.0,"max_hp_gain":0.0,"max_hp_loss":0.0,"gold_gain":0.0,"event_name":"SensoryStone","player_choice":"Memory 3","floor":36.0,"gold_loss":0.0,"damage_taken":10.0},{"cards_removed":["Defend_B"],"damage_healed":0.0,"max_hp_gain":0.0,"max_hp_loss":0.0,"gold_gain":0.0,"event_name":"Falling","player_choice":"Removed Skill","floor":37.0,"gold_loss":0.0,"damage_taken":0.0},{"damage_healed":0.0,"max_hp_gain":0.0,"max_hp_loss":0.0,"gold_gain":0.0,"event_name":"MindBloom","player_choice":"Fight","floor":47.0,"gold_loss":0.0,"damage_taken":0.0}],"is_beta":false,"boss_relics":[{"not_picked":["White Beast Statue","Runic Pyramid"],"picked":"Sozu"},{"not_picked":["Black Star","Runic Dome"],"picked":"Cursed Key"}],"items_purged_floors":[14,46],"is_endless":false,"potions_floor_spawned":[10,12,16,18,24,31,38,39,42,44],"ascension_level":20}