{"gold_per_floor":[114,189,203,219,219,219,245,245,245,256,272,285,344,354,354,425,425,439,354,279,279,293,293,303,303,303,303,337,353,353,367,367,367],"floor_reached":33,"playtime":1394,"items_purged":[],"score":538,"play_id":"c5d0d784-9c4a-4503-9f87-3ea2131b0d39","local_time":"20190103000454","is_ascension_mode":true,"campfire_choices":[{"data":"White Noise","floor":6,"key":"SMITH"},{"floor":8,"key":"REST"},{"data":"Hologram","floor":15,"key":"SMITH"},{"data":"Dualcast","floor":23,"key":"SMITH"},{"data":"Multi-Cast","floor":25,"key":"SMITH"},{"floor":27,"key":"REST"},{"floor":32,"key":"REST"}],"neow_cost":"NONE","seed_source_timestamp":78336079922257,"circlet_count":0,"master_deck":["AscendersBane","Strike_B+1","Strike_B+1","Defend_B+1","Defend_B+1","Defend_B+1","Defend_B+1","Zap","Dualcast+1","Consume","Doom and Gloom","Glacier","White Noise+1","Hologram+1","Beam Cell+1","Gash+1","Sweeping Beam+1","Go for the Eyes+1","Multi-Cast+1","Auto Shields","Decay"],"relics":["FrozenCore","CultistMask","Letter Opener","Molten Egg 2","Bag of Marbles","Vajra"],"potions_floor_usage":[10,16,16,28,33],"damage_taken":[{"damage":1,"enemies":"Cultist","floor":1,"turns":4},{"damage":0,"enemies":"2 Louse","floor":3,"turns":2},{"damage":0,"enemies":"Small Slimes","floor":4,"turns":4},{"damage":44,"enemies":"Gremlin Nob","floor":7,"turns":5},{"damage":2,"enemies":"3 Louse","floor":10,"turns":2},{"damage":8,"enemies":"Blue Slaver","floor":11,"turns":3},{"damage":5,"enemies":"Large Slime","floor":12,"turns":8},{"damage":0,"enemies":"Exordium Wildlife","floor":14,"turns":3},{"damage":2,"enemies":"Slime Boss","floor":16,"turns":6},{"damage":13,"enemies":"3 Byrds","floor":18,"turns":5},{"damage":0,"enemies":"Spheric Guardian","floor":22,"turns":5},{"damage":9,"enemies":"Shelled Parasite and Fungi","floor":24,"turns":6},{"damage":55,"enemies":"Book of Stabbing","floor":28,"turns":6},{"damage":4,"enemies":"3 Cultists","floor":29,"turns":6},{"damage":6,"enemies":"Snake Plant","floor":31,"turns":7},{"damage":38,"enemies":"Champ","floor":33,"turns":15}],"seed_played":"-5116719667930233999","potions_obtained":[{"floor":1,"key":"SteroidPotion"},{"floor":7,"key":"Fire Potion"},{"floor":10,"key":"FocusPotion"},{"floor":16,"key":"Energy Potion"},{"floor":18,"key":"SteroidPotion"},{"floor":24,"key":"Regen Potion"},{"floor":31,"key":"SmokeBomb"}],"is_trial":false,"path_per_floor":["M","?","M","M","?","R","E","R","T","M","M","M","?","M","R","B",null,"M","?","?","?","M","R","M","R","T","R","E","M","?","M","R","B"],"character_chosen":"DEFECT","items_purchased":[],"campfire_rested":3,"item_purchase_floors":[],"current_hp_per_floor":[63,52,52,52,52,52,8,29,29,27,19,14,14,14,14,12,56,43,43,43,43,43,43,34,34,34,55,15,11,11,5,26,0],"gold":367,"neow_bonus":"TRANSFORM_CARD","is_prod":false,"is_daily":false,"chose_seed":false,"campfire_upgraded":4,"win_rate":0,"timestamp":1546441494,"path_taken":["M","?","M","M","?","R","E","R","T","M","?","?","?","M","R","BOSS","M","?","?","?","M","R","M","R","T","R","E","M","?","M","R","BOSS"],"build_version":"2018-12-20","purchased_purges":0,"victory":false,"max_hp_per_floor":[71,71,71,71,71,71,71,71,71,71,71,71,71,71,71,71,71,71,71,71,71,71,71,71,71,71,71,71,71,71,71,71,71],"card_choices":[{"not_picked":["Beam Cell","Turbo"],"picked":"Doom and Gloom","floor":1},{"not_picked":["Conserve Battery","Coolheaded"],"picked":"Glacier","floor":3},{"not_picked":["Skim","Blizzard"],"picked":"White Noise","floor":4},{"not_picked":["Conserve Battery","Force Field"],"picked":"Hologram","floor":7},{"not_picked":["Storm","Coolheaded"],"picked":"Beam Cell+1","floor":10},{"not_picked":["Chill","Turbo"],"picked":"Gash+1","floor":11},{"not_picked":["Beam Cell+1","Leap"],"picked":"Sweeping Beam+1","floor":12},{"not_picked":["Darkness","Conserve Battery"],"picked":"Go for the Eyes+1","floor":14},{"not_picked":["Biased Cognition","Creative AI"],"picked":"Multi-Cast","floor":16},{"not_picked":["Compile Driver+1","Consume"],"picked":"Auto Shields","floor":18},{"not_picked":["Leap","Double Energy","Compile Driver+1"],"picked":"SKIP","floor":22},{"not_picked":["Redo","Go for the Eyes+1","Coolheaded"],"picked":"SKIP","floor":24},{"not_picked":["Go for the Eyes+1","Cold Snap+1","Conserve Battery"],"picked":"SKIP","floor":28},{"not_picked":["Hello World","Force Field","Storm"],"picked":"SKIP","floor":29},{"not_picked":["Chill","Barrage+1","Rip and Tear+1"],"picked":"SKIP","floor":31}],"player_experience":3974656,"relics_obtained":[{"floor":7,"key":"Letter Opener"},{"floor":9,"key":"Molten Egg 2"},{"floor":28,"key":"Vajra"}],"event_choices":[{"damage_healed":0,"gold_gain":75,"player_choice":"Gather Gold","damage_taken":11,"max_hp_gain":0,"max_hp_loss":0,"event_name":"World of Goop","floor":2,"gold_loss":0},{"damage_healed":0,"gold_gain":0,"player_choice":"Trade","damage_taken":0,"relics_obtained":["CultistMask"],"max_hp_gain":0,"max_hp_loss":0,"event_name":"FaceTrader","floor":5,"gold_loss":0},{"damage_healed":0,"gold_gain":59,"player_choice":"Gained Gold","damage_taken":0,"max_hp_gain":0,"max_hp_loss":0,"event_name":"Golden Wing","floor":13,"gold_loss":0},{"damage_healed":0,"gold_gain":0,"player_choice":"Obtained Relic","damage_taken":0,"relics_obtained":["Bag of Marbles"],"max_hp_gain":0,"max_hp_loss":0,"event_name":"Addict","floor":19,"gold_loss":85},{"cards_removed":["Strike_B"],"damage_healed":0,"gold_gain":0,"player_choice":"Gave Gold","damage_taken":0,"max_hp_gain":0,"max_hp_loss":0,"event_name":"Beggar","floor":20,"gold_loss":75},{"damage_healed":0,"gold_gain":0,"player_choice":"Simplicity","damage_taken":0,"max_hp_gain":0,"max_hp_loss":0,"event_name":"Back to Basics","floor":21,"gold_loss":0,"cards_upgraded":["Strike_B","Strike_B","Defend_B","Defend_B","Defend_B","Defend_B"]},{"damage_healed":0,"gold_gain":0,"player_choice":"Smashed Altar","damage_taken":0,"max_hp_gain":0,"max_hp_loss":0,"event_name":"Forgotten Altar","floor":30,"gold_loss":0,"cards_obtained":["Decay"]}],"is_beta":false,"boss_relics":[{"not_picked":["Astrolabe","Cursed Key"],"picked":"FrozenCore"}],"items_purged_floors":[],"is_endless":false,"potions_floor_spawned":[1,7,10,11,16,18,24,31],"killed_by":"Champ","ascension_level":20}