{"gold_per_floor":[211,211,211,228,244,244,300,300,324,356,356,399,399,357,357,478,478,502,417,388,388,404,404,437,461,461,560,560,47,47,68,68,192,192,208,208,232,256,19,19,32,45,45,70,94,94,94,14,14,14],"floor_reached":51,"playtime":4284,"items_purged":[],"score":751,"play_id":"e5cc9b95-64ce-41ac-a934-00faaf089848","local_time":"20190217135804","is_ascension_mode":true,"campfire_choices":[{"data":"Thunderclap","floor":6.0,"key":"SMITH"},{"data":"Bash","floor":8.0,"key":"SMITH"},{"floor":15.0,"key":"REST"},{"floor":23.0,"key":"REST"},{"floor":30.0,"key":"REST"},{"data":"Feel No Pain","floor":32.0,"key":"SMITH"},{"data":"Barricade","floor":40.0,"key":"SMITH"},{"data":"Corruption","floor":49,"key":"SMITH"}],"neow_cost":"NONE","seed_source_timestamp":0,"circlet_count":0,"master_deck":["Strike_R+1","Strike_R","Strike_R","Strike_R","Defend_R+1","Defend_R","Defend_R+1","Defend_R","Bash+1","Disarm+1","Thunderclap+1","Ghostly Armor","Clothesline","Impervious","Pommel Strike","Pummel","Fiend Fire","Corruption+1","Metallicize","Fire Breathing","Feel No Pain+1","Inflame","Barricade+1","Anger+1","Disarm","Shrug It Off+1","Iron Wave+1","Disarm+1","Feed","Body Slam","Feel No Pain","Body Slam","Apotheosis","Body Slam","Feel No Pain"],"special_seed":0,"relics":["Burning Blood","Tiny Chest","Omamori","Peace Pipe","Golden Idol","Bag of Marbles","Unceasing Top","Runic Cube","Regal Pillow","Self Forming Clay","The Courier","War Paint","Paper Frog","Orrery","Mercury Hourglass","Bottled Lightning","Question Card"],"potions_floor_usage":[],"damage_taken":[{"damage":6.0,"enemies":"2 Louse","floor":1.0,"turns":3.0},{"damage":4.0,"enemies":"Jaw Worm","floor":4.0,"turns":3.0},{"damage":0.0,"enemies":"Small Slimes","floor":5.0,"turns":4.0},{"damage":29.0,"enemies":"3 Sentries","floor":7.0,"turns":11.0},{"damage":21.0,"enemies":"Gremlin Nob","floor":10.0,"turns":5.0},{"damage":25.0,"enemies":"3 Sentries","floor":12.0,"turns":10.0},{"damage":36.0,"enemies":"The Guardian","floor":16.0,"turns":17.0},{"damage":19.0,"enemies":"Chosen","floor":18.0,"turns":6.0},{"damage":33.0,"enemies":"2 Thieves","floor":20.0,"turns":5.0},{"damage":36.0,"enemies":"Centurion and Healer","floor":22.0,"turns":11.0},{"damage":31.0,"enemies":"Book of Stabbing","floor":24.0,"turns":8.0},{"damage":24.0,"enemies":"Snake Plant","floor":25.0,"turns":8.0},{"damage":1.0,"enemies":"Shelled Parasite and Fungi","floor":31.0,"turns":7.0},{"damage":42.0,"enemies":"Champ","floor":33.0,"turns":16.0},{"damage":10.0,"enemies":"3 Shapes","floor":35.0,"turns":10.0},{"damage":26.0,"enemies":"Orb Walker","floor":37.0,"turns":6.0},{"damage":17.0,"enemies":"4 Shapes","floor":38.0,"turns":6.0},{"damage":13.0,"enemies":"Sphere and 2 Shapes","floor":41.0,"turns":9.0},{"damage":0.0,"enemies":"Maw","floor":42.0,"turns":14.0},{"damage":21.0,"enemies":"Jaw Worm Horde","floor":44.0,"turns":6.0},{"damage":36,"enemies":"3 Darklings","floor":45,"turns":10},{"damage":32,"enemies":"Time Eater","floor":50,"turns":8}],"seed_played":"-124328434423990240","potions_obtained":[{"floor":5.0,"key":"BloodPotion"},{"floor":7.0,"key":"GamblersBrew"},{"floor":16.0,"key":"Fruit Juice"},{"floor":22.0,"key":"Weak Potion"},{"floor":25.0,"key":"SkillPotion"},{"floor":33.0,"key":"Strength Potion"},{"floor":37.0,"key":"Energy Potion"},{"floor":42.0,"key":"Weak Potion"},{"floor":45,"key":"Ancient Potion"}],"is_trial":false,"path_per_floor":["M","?","?","M","M","R","E","R","T","E","?","E","T","?","R","B",null,"M","?","M","T","M","R","E","M","T","?","?","$","R","M","R","B",null,"M","T","M","M","$","R","M","M","T","M","M","?","?","$","R","B",null],"character_chosen":"IRONCLAD","items_purchased":["Paper Frog","Corruption","Metallicize","Fire Breathing","Feel No Pain","Inflame","Bottled Lightning","Energy Potion","Body Slam","Feel No Pain"],"campfire_rested":3,"item_purchase_floors":[29,29,29,29,29,29,39,39,48,48],"current_hp_per_floor":[80,64,57,59,65,65,50,50,50,35,35,16,16,16,40,10,80,72,72,45,45,15,55,30,12,12,12,12,12,52,57,57,21,85,81,81,61,53,53,53,49,55,55,40,10,10,91,91,91,65],"gold":14,"neow_bonus":"HUNDRED_GOLD","is_prod":false,"is_daily":false,"chose_seed":false,"campfire_upgraded":5,"win_rate":0,"timestamp":1550408284,"path_taken":["M","?","?","M","M","R","E","R","T","E","?","E","?","?","R","BOSS","M","?","M","?","M","R","E","M","T","?","?","$","R","?","R","BOSS","M","?","M","M","$","R","M","M","T","M","M","?","?","$","R","BOSS"],"build_version":"2019-01-23","purchased_purges":0,"victory":true,"max_hp_per_floor":[80,80,80,80,80,80,80,80,80,80,80,80,80,80,80,80,80,85,85,85,85,85,85,85,85,85,85,85,85,85,85,85,85,85,85,85,85,88,88,88,91,91,91,91,91,91,91,91,91,91],"card_choices":[{"not_picked":["Sword Boomerang","Rage"],"picked":"Disarm","floor":1.0},{"not_picked":["Headbutt","Flex"],"picked":"Thunderclap","floor":4.0},{"not_picked":["Wild Strike","Intimidate"],"picked":"Ghostly Armor","floor":5.0},{"not_picked":["Berserk","Anger","Sword Boomerang"],"picked":"SKIP","floor":7.0},{"not_picked":["Combust","Warcry"],"picked":"Clothesline","floor":10.0},{"not_picked":["Perfected Strike","Flex","Sentinel"],"picked":"SKIP","floor":12.0},{"not_picked":["Fiend Fire","Bludgeon"],"picked":"Impervious","floor":16.0},{"not_picked":["Headbutt","Warcry","Second Wind+1"],"picked":"SKIP","floor":18.0},{"not_picked":["Sword Boomerang","Warcry"],"picked":"Pommel Strike","floor":20.0},{"not_picked":["Anger","Headbutt","Havoc"],"picked":"SKIP","floor":22.0},{"not_picked":["Thunderclap","Havoc"],"picked":"Pummel","floor":24.0},{"not_picked":["Anger","Wild Strike"],"picked":"Fiend Fire","floor":25.0},{"not_picked":["Flex","Twin Strike","Sever Soul"],"picked":"SKIP","floor":31.0},{"not_picked":["Double Tap","Demon Form"],"picked":"Barricade","floor":33.0},{"not_picked":["Pommel Strike+1","Second Wind+1"],"picked":"Anger+1","floor":34.0},{"not_picked":["Fire Breathing","True Grit"],"picked":"Disarm","floor":34.0},{"not_picked":["Thunderclap","Power Through+1"],"picked":"Shrug It Off+1","floor":34.0},{"not_picked":["Corruption+1","Heavy Blade+1"],"picked":"Iron Wave+1","floor":34.0},{"not_picked":["Wild Strike","Corruption"],"picked":"Disarm+1","floor":34.0},{"not_picked":["Twin Strike","Cleave"],"picked":"Feed","floor":35.0},{"not_picked":["Pommel Strike+1","Carnage"],"picked":"Body Slam","floor":37.0},{"not_picked":["Perfected Strike+1","Pommel Strike"],"picked":"Feel No Pain","floor":38.0},{"not_picked":["Bloodletting","Dropkick+1","Wild Strike"],"picked":"SKIP","floor":41.0},{"not_picked":["Dropkick","Clash+1"],"picked":"Body Slam","floor":42.0},{"not_picked":["Evolve","Flex+1","Whirlwind","Rupture"],"picked":"SKIP","floor":44.0},{"not_picked":["Flex","Fire Breathing","Shockwave","Clothesline"],"picked":"SKIP","floor":45},{"not_picked":["Thinking Ahead","Bandage Up","Forethought"],"picked":"Apotheosis","floor":46}],"player_experience":329754,"relics_obtained":[{"floor":7.0,"key":"Tiny Chest"},{"floor":9.0,"key":"Omamori"},{"floor":10.0,"key":"Peace Pipe"},{"floor":12.0,"key":"Bag of Marbles"},{"floor":13.0,"key":"Unceasing Top"},{"floor":21.0,"key":"Self Forming Clay"},{"floor":24.0,"key":"The Courier"},{"floor":26.0,"key":"War Paint"},{"floor":36.0,"key":"Mercury Hourglass"},{"floor":43.0,"key":"Question Card"}],"event_choices":[{"damage_healed":0.0,"max_hp_gain":0.0,"max_hp_loss":0.0,"gold_gain":0.0,"event_name":"Shining Light","player_choice":"Entered Light","floor":2.0,"gold_loss":0.0,"damage_taken":16.0,"cards_upgraded":["Strike_R","Disarm"]},{"cards_removed":["Strike_R"],"damage_healed":0.0,"max_hp_gain":0.0,"max_hp_loss":0.0,"gold_gain":0.0,"event_name":"Golden Wing","player_choice":"Card Removal","floor":3.0,"gold_loss":0.0,"damage_taken":7.0},{"damage_healed":0.0,"max_hp_gain":0.0,"max_hp_loss":0.0,"gold_gain":0.0,"event_name":"Golden Idol","player_choice":"Take Wound","floor":11.0,"gold_loss":0.0,"damage_taken":0.0,"relics_obtained":["Golden Idol"],"cards_obtained":["Injury"]},{"damage_healed":0.0,"max_hp_gain":0.0,"max_hp_loss":0.0,"gold_gain":0.0,"event_name":"World of Goop","player_choice":"Left Gold","floor":14.0,"gold_loss":42.0,"damage_taken":0.0},{"damage_healed":0.0,"max_hp_gain":0.0,"max_hp_loss":0.0,"gold_gain":0.0,"event_name":"Addict","player_choice":"Obtained Relic","floor":19.0,"gold_loss":85.0,"damage_taken":0.0,"relics_obtained":["Regal Pillow"]},{"damage_healed":0.0,"max_hp_gain":0.0,"max_hp_loss":0.0,"gold_gain":99.0,"event_name":"Nest","player_choice":"Stole From Cult","floor":27.0,"gold_loss":0.0,"damage_taken":0.0},{"damage_healed":0.0,"max_hp_gain":0.0,"max_hp_loss":0.0,"gold_gain":0.0,"event_name":"Ghosts","player_choice":"Ignored","floor":28.0,"gold_loss":0.0,"damage_taken":0.0},{"damage_healed":0,"gold_gain":0,"player_choice":"Memory 1","damage_taken":0,"max_hp_gain":0,"max_hp_loss":0,"event_name":"SensoryStone","floor":46,"gold_loss":0},{"damage_healed":81,"gold_gain":0,"player_choice":"Heal","damage_taken":0,"max_hp_gain":0,"max_hp_loss":0,"event_name":"MindBloom","floor":47,"gold_loss":0,"cards_obtained":["Doubt"]}],"is_beta":false,"boss_relics":[{"not_picked":["Cursed Key","Philosopher\u0027s Stone"],"picked":"Runic Cube"},{"not_picked":["Lizard Tail","Calling Bell"],"picked":"Orrery"}],"items_purged_floors":[],"is_endless":false,"potions_floor_spawned":[5,7,16,22,25,33,37,42,45],"ascension_level":2}