{"gold_per_floor":[111,130,130,147,222,222,222,237,263,263,279,308,320,44,44,121,121,138,149,74,74,103,103,128,128,128,141,158,1,1,1,1,76,76,92,107,119,119,119,147,147,173,173,173,206,225,225,225,225,225,225,225,225,17,42,42],"floor_reached":57,"playtime":4355,"items_purged":["Strike_B","Defend_B","Strike_B+1"],"score":2866,"play_id":"33827003-9bea-4a2d-a4f4-0d8a253b99ac","local_time":"20190228012140","is_ascension_mode":true,"campfire_choices":[{"floor":6,"key":"REST"},{"data":"Static Discharge","floor":10,"key":"SMITH"},{"data":"Chrysalis","floor":15,"key":"SMITH"},{"floor":23,"key":"REST"},{"floor":25,"key":"REST"},{"data":"Capacitor","floor":30,"key":"SMITH"},{"data":"Seek","floor":32,"key":"SMITH"},{"data":"Fission","floor":41,"key":"SMITH"},{"data":"Darkness","floor":44,"key":"SMITH"},{"floor":47,"key":"RECALL"},{"data":"Hologram","floor":49,"key":"SMITH"},{"data":"Recycle","floor":53,"key":"SMITH"}],"neow_cost":"CURSE","seed_source_timestamp":1159409183342900,"circlet_count":0,"master_deck":["AscendersBane","Defend_B+1","Reinforced Body","Melter","Tempest","Undo","Static Discharge+1","Chill","Genetic Algorithm+1","Recycle+1","Self Repair","Chrysalis+1","Echo Form","Hologram+1","Capacitor+1","Genetic Algorithm","Barrage","Seek+1","Double Energy","Core Surge","BootSequence+1","Fission+1","Undo+1","Darkness+1","Heatsinks+1","Coolheaded+1","Double Energy+1"],"relics":["Cracked Core","Potion Belt","Centennial Puzzle","Nuclear Battery","Red Mask","Boot","Cables","Runic Pyramid","Omamori","Bag of Preparation","War Paint","DataDisk"],"potions_floor_usage":[12,16,24,33,40,40,42,56,56,56,56],"damage_taken":[{"damage":7,"enemies":"Jaw Worm","floor":1,"turns":3},{"damage":15,"enemies":"Small Slimes","floor":2,"turns":3},{"damage":1,"enemies":"2 Louse","floor":4,"turns":2},{"damage":0,"enemies":"2 Fungi Beasts","floor":8,"turns":4},{"damage":0,"enemies":"Blue Slaver","floor":11,"turns":5},{"damage":6,"enemies":"Lagavulin","floor":12,"turns":7},{"damage":3,"enemies":"3 Louse","floor":13,"turns":4},{"damage":12,"enemies":"Hexaghost","floor":16,"turns":10},{"damage":12,"enemies":"Shell Parasite","floor":18,"turns":3},{"damage":1,"enemies":"Chosen","floor":19,"turns":5},{"damage":36,"enemies":"Masked Bandits","floor":22,"turns":5},{"damage":43,"enemies":"Book of Stabbing","floor":24,"turns":5},{"damage":0,"enemies":"Centurion and Healer","floor":27,"turns":8},{"damage":13,"enemies":"Snake Plant","floor":28,"turns":5},{"damage":43,"enemies":"Automaton","floor":33,"turns":11},{"damage":2,"enemies":"Orb Walker","floor":35,"turns":2},{"damage":0,"enemies":"3 Shapes","floor":36,"turns":5},{"damage":0,"enemies":"Spire Growth","floor":37,"turns":5},{"damage":39,"enemies":"Reptomancer","floor":40,"turns":9},{"damage":0,"enemies":"Giant Head","floor":42,"turns":9},{"damage":0,"enemies":"Nemesis","floor":45,"turns":5},{"damage":0,"enemies":"Maw","floor":46,"turns":6},{"damage":10,"enemies":"Donu and Deca","floor":50,"turns":11},{"damage":25,"enemies":"Time Eater","floor":51,"turns":11},{"damage":0,"enemies":"Shield and Spear","floor":55,"turns":8},{"damage":65,"enemies":"The Heart","floor":56,"turns":11}],"seed_played":"2957734253000711714","potions_obtained":[{"floor":1,"key":"Dexterity Potion"},{"floor":2,"key":"Dexterity Potion"},{"floor":12,"key":"FocusPotion"},{"floor":18,"key":"Regen Potion"},{"floor":22,"key":"AttackPotion"},{"floor":27,"key":"EssenceOfSteel"},{"floor":33,"key":"PowerPotion"},{"floor":40,"key":"FearPotion"},{"floor":42,"key":"Dexterity Potion"},{"floor":46,"key":"Explosive Potion"}],"is_trial":false,"path_per_floor":["M","M","?","M","?","R","?","M","T","R","M","E","M","$","R","B",null,"M","M","?","$","?","R","E","R","T","M","M","$","R","?","R","B",null,"M","M","M","?","$","E","R","E","T","R","E","M","R","?","R","B","B",null,"R","$","E","B",null],"character_chosen":"DEFECT","items_purchased":["Chrysalis","PowerPotion","FocusPotion"],"campfire_rested":3,"item_purchase_floors":[14,29,54],"current_hp_per_floor":[57,42,21,20,9,30,30,30,30,30,30,24,21,21,21,16,57,52,65,65,65,36,57,28,49,49,63,64,64,64,64,64,28,60,65,71,71,71,71,46,46,60,60,60,67,71,71,71,71,68,50,66,66,66,71,13],"gold":42,"neow_bonus":"TRANSFORM_TWO_CARDS","is_prod":false,"is_daily":false,"chose_seed":false,"campfire_upgraded":8,"win_rate":0,"timestamp":1551284500,"path_taken":["M","M","?","M","?","R","?","?","T","R","M","E","M","$","R","BOSS","M","M","?","$","?","R","E","R","T","M","M","$","R","?","R","BOSS","M","M","M","?","$","E","R","E","T","R","E","M","R","?","R","BOSS","BOSS","R","$","E","BOSS"],"build_version":"2019-01-23","purchased_purges":3,"victory":true,"max_hp_per_floor":[71,71,71,71,71,71,71,71,71,71,71,71,71,71,71,71,71,71,71,71,71,71,71,71,71,71,71,71,71,71,71,71,71,71,71,71,71,71,71,71,71,71,71,71,71,71,71,71,71,71,71,71,71,71,71,71],"card_choices":[{"not_picked":["Gash","Capacitor"],"picked":"Tempest","floor":1},{"not_picked":["Force Field","Compile Driver"],"picked":"Undo","floor":2},{"not_picked":["Go for the Eyes","Turbo"],"picked":"Static Discharge","floor":4},{"not_picked":["Cold Snap","Skim"],"picked":"Chill","floor":8},{"not_picked":["Cold Snap","Leap"],"picked":"Genetic Algorithm","floor":11},{"not_picked":["Chill","Melter"],"picked":"Recycle","floor":12},{"not_picked":["Hello World","Turbo"],"picked":"Self Repair","floor":13},{"not_picked":["Reboot","Rainbow"],"picked":"Echo Form","floor":16},{"not_picked":["Rip and Tear+1","Undo"],"picked":"Hologram","floor":18},{"not_picked":["Force Field","Streamline"],"picked":"Capacitor","floor":19},{"not_picked":["Glacier","Rebound"],"picked":"Genetic Algorithm","floor":22},{"not_picked":["Undo","Steam"],"picked":"Barrage","floor":24},{"not_picked":["Skim","FTL"],"picked":"Seek","floor":27},{"not_picked":["Steam Power","Cold Snap"],"picked":"Double Energy","floor":28},{"not_picked":["Thunder Strike","Multi-Cast"],"picked":"Fission","floor":33},{"not_picked":["Stack","Streamline+1"],"picked":"Undo+1","floor":35},{"not_picked":["Sweeping Beam","Rip and Tear","Beam Cell"],"picked":"SKIP","floor":36},{"not_picked":["Gash","Reinforced Body","Auto Shields"],"picked":"SKIP","floor":37},{"not_picked":["Steam","Streamline","Beam Cell"],"picked":"SKIP","floor":40},{"not_picked":["Tempest","Multi-Cast"],"picked":"Darkness","floor":42},{"not_picked":["Sweeping Beam","Rebound"],"picked":"Heatsinks+1","floor":45},{"not_picked":["Turbo","Beam Cell"],"picked":"Coolheaded+1","floor":46},{"not_picked":["Rip and Tear+1","Fission"],"picked":"Double Energy+1","floor":55}],"player_experience":4416036,"relics_obtained":[{"floor":9,"key":"Potion Belt"},{"floor":12,"key":"Centennial Puzzle"},{"floor":22,"key":"Red Mask"},{"floor":24,"key":"Boot"},{"floor":26,"key":"Cables"},{"floor":40,"key":"Omamori"},{"floor":42,"key":"Bag of Preparation"},{"floor":45,"key":"War Paint"},{"floor":55,"key":"DataDisk"}],"event_choices":[{"damage_healed":0,"gold_gain":0,"player_choice":"Entered Light","damage_taken":21,"max_hp_gain":0,"max_hp_loss":0,"event_name":"Shining Light","floor":3,"gold_loss":0,"cards_upgraded":["Strike_B","Defend_B"]},{"damage_healed":0,"gold_gain":75,"player_choice":"Gather Gold","damage_taken":11,"max_hp_gain":0,"max_hp_loss":0,"event_name":"World of Goop","floor":5,"gold_loss":0},{"cards_removed":["Injury"],"damage_healed":0,"gold_gain":0,"player_choice":"Forget","damage_taken":0,"max_hp_gain":0,"max_hp_loss":0,"event_name":"Living Wall","floor":7,"gold_loss":0},{"cards_removed":["Strike_B"],"damage_healed":0,"gold_gain":0,"player_choice":"Gave Gold","damage_taken":0,"max_hp_gain":0,"max_hp_loss":0,"event_name":"Beggar","floor":20,"gold_loss":75},{"damage_healed":0,"gold_gain":0,"player_choice":"Fought Bandits","damage_taken":0,"max_hp_gain":0,"max_hp_loss":0,"event_name":"Masked Bandits","floor":22,"gold_loss":0},{"damage_healed":0,"gold_gain":0,"cards_transformed":["Defend_B","Zap"],"player_choice":"Became Test Subject","damage_taken":0,"max_hp_gain":0,"max_hp_loss":0,"event_name":"Drug Dealer","floor":31,"gold_loss":0,"cards_obtained":["Core Surge","BootSequence"]},{"cards_removed":["Dualcast"],"damage_healed":0,"gold_gain":0,"player_choice":"Removed Skill","damage_taken":0,"max_hp_gain":0,"max_hp_loss":0,"event_name":"Falling","floor":38,"gold_loss":0},{"damage_healed":14,"gold_gain":0,"player_choice":"Writhe","damage_taken":0,"max_hp_gain":0,"max_hp_loss":0,"event_name":"Winding Halls","floor":48,"gold_loss":0,"cards_obtained":["Writhe"]}],"is_beta":false,"boss_relics":[{"not_picked":["Inserter","Lizard Tail"],"picked":"Nuclear Battery"},{"not_picked":["Runic Dome","Fusion Hammer"],"picked":"Runic Pyramid"}],"items_purged_floors":[14,29,54],"is_endless":false,"potions_floor_spawned":[1,2,8,12,18,22,27,33,35,40,42,46],"ascension_level":20}