{"gold_per_floor":[114,114,124,6,25,25,39,70,145,172,172,172,185,201,201,278,278,278,278,278,278,278],"floor_reached":22,"playtime":1014,"items_purged":[],"score":446,"play_id":"3c231cbb-c8f6-4941-a3dd-19afe6a41efe","local_time":"20190111014209","is_ascension_mode":true,"campfire_choices":[{"data":"Combust","floor":6,"key":"SMITH"},{"data":"Body Slam","floor":12,"key":"SMITH"},{"data":"Entrench","floor":15,"key":"SMITH"}],"neow_cost":"TEN_PERCENT_HP_LOSS","seed_source_timestamp":27941443646154,"circlet_count":0,"master_deck":["AscendersBane","Strike_R","Strike_R","Strike_R","Defend_R","Defend_R","Defend_R","Defend_R","Bash","Anger","Twin Strike","Combust+1","Power Through","Body Slam+1","Headbutt","Entrench+1","Iron Wave","Rage","Feed","Shrug It Off+1","Battle Trance"],"relics":["Burning Blood","FaceOfCleric","Magic Flower","Ornamental Fan","Anchor","Ectoplasm"],"potions_floor_usage":[8,10,16,16,18,20,21,22],"damage_taken":[{"damage":24,"enemies":"Small Slimes","floor":1,"turns":5},{"damage":2,"enemies":"Cultist","floor":3,"turns":4},{"damage":2,"enemies":"2 Louse","floor":5,"turns":3},{"damage":8,"enemies":"Blue Slaver","floor":7,"turns":3},{"damage":24,"enemies":"Gremlin Nob","floor":8,"turns":4},{"damage":10,"enemies":"3 Sentries","floor":10,"turns":5},{"damage":6,"enemies":"Lots of Slimes","floor":13,"turns":4},{"damage":1,"enemies":"3 Louse","floor":14,"turns":2},{"damage":24,"enemies":"Slime Boss","floor":16,"turns":9},{"damage":23,"enemies":"3 Byrds","floor":18,"turns":5},{"damage":40,"enemies":"Chosen","floor":20,"turns":6},{"damage":23,"enemies":"Snecko","floor":21,"turns":7},{"damage":25,"enemies":"3 Cultists","floor":22,"turns":4}],"seed_played":"-3719975791607474067","potions_obtained":[{"floor":5,"key":"Ancient Potion"},{"floor":7,"key":"AttackPotion"},{"floor":8,"key":"SkillPotion"},{"floor":10,"key":"Energy Potion"},{"floor":16,"key":"SkillPotion"},{"floor":19,"key":"Fire Potion"},{"floor":19,"key":"SneckoOil"},{"floor":21,"key":"EssenceOfSteel"}],"is_trial":false,"path_per_floor":["M","?","M","$","M","R","M","E","T","E","?","R","M","M","R","B",null,"M","?","M","M","M"],"character_chosen":"IRONCLAD","items_purchased":["Combust","Power Through"],"campfire_rested":0,"item_purchase_floors":[4,4],"current_hp_per_floor":[50,50,55,55,60,60,59,42,42,43,43,43,48,58,58,45,68,61,61,32,20,0],"gold":278,"neow_bonus":"REMOVE_TWO","is_prod":false,"is_daily":false,"chose_seed":false,"campfire_upgraded":3,"win_rate":0,"timestamp":1547138529,"path_taken":["M","?","M","$","M","R","?","E","T","E","?","R","M","M","R","BOSS","M","?","M","M","M"],"build_version":"2019-01-03v4","purchased_purges":0,"victory":false,"max_hp_per_floor":[68,68,69,69,70,70,71,72,72,73,73,73,74,75,75,76,76,80,80,81,82,82],"card_choices":[{"not_picked":["Shrug It Off","Intimidate"],"picked":"Anger","floor":1},{"not_picked":["Bloodletting","Armaments"],"picked":"Twin Strike","floor":3},{"not_picked":["Heavy Blade","Bloodletting"],"picked":"Body Slam","floor":5},{"not_picked":["Perfected Strike","Juggernaut"],"picked":"Headbutt","floor":7},{"not_picked":["Clothesline","Entrench","Twin Strike"],"picked":"SKIP","floor":8},{"not_picked":["Clothesline","Twin Strike"],"picked":"Entrench","floor":8},{"not_picked":["Pommel Strike","Anger","Heavy Blade"],"picked":"SKIP","floor":10},{"not_picked":["Fire Breathing","Brutality"],"picked":"Iron Wave","floor":13},{"not_picked":["Warcry","Havoc"],"picked":"Rage","floor":14},{"not_picked":["Double Tap","Dark Embrace"],"picked":"Feed","floor":16},{"not_picked":["Fire Breathing","Anger","Wild Strike"],"picked":"SKIP","floor":18},{"not_picked":["Wild Strike","Havoc"],"picked":"Shrug It Off+1","floor":20},{"not_picked":["Iron Wave","Second Wind"],"picked":"Battle Trance","floor":21}],"player_experience":4043515,"relics_obtained":[{"floor":8,"key":"Magic Flower"},{"floor":9,"key":"Ornamental Fan"},{"floor":10,"key":"Anchor"}],"event_choices":[{"damage_healed":0,"gold_gain":0,"player_choice":"Trade","damage_taken":0,"relics_obtained":["FaceOfCleric"],"max_hp_gain":0,"max_hp_loss":0,"event_name":"FaceTrader","floor":2,"gold_loss":0},{"damage_healed":0,"gold_gain":0,"player_choice":"Ignored","damage_taken":0,"max_hp_gain":0,"max_hp_loss":0,"event_name":"Liars Game","floor":11,"gold_loss":0},{"damage_healed":0,"gold_gain":0,"player_choice":"Got Potions","damage_taken":0,"max_hp_gain":0,"max_hp_loss":0,"event_name":"Lab","floor":19,"gold_loss":0}],"is_beta":false,"boss_relics":[{"not_picked":["Runic Cube","Eternal Feather"],"picked":"Ectoplasm"}],"items_purged_floors":[],"is_endless":false,"potions_floor_spawned":[5,7,8,10,16,21],"killed_by":"3 Cultists","ascension_level":20}