{"gold_per_floor":[115,126,76,76,1,36,36,36,60,89,35,35,68,87,87,188,188,206,225,243,72,87,87,113,113,113,128,144,175,188,201,201,298,298,311,121,0,100,114,114,146,146,146,170,170,187,221,96,96,96],"floor_reached":51,"playtime":3907,"items_purged":["Defend_B","Strike_B","Strike_B"],"score":1173,"play_id":"535cf4c2-78ed-46b4-9335-ecad1546746d","local_time":"20190323010007","is_ascension_mode":true,"campfire_choices":[{"data":"Go for the Eyes","floor":8,"key":"SMITH"},{"floor":12,"key":"REST"},{"floor":15,"key":"REST"},{"data":"Hologram","floor":23,"key":"SMITH"},{"data":"Panache","floor":25,"key":"SMITH"},{"data":"Beam Cell","floor":32,"key":"SMITH"},{"data":"Fission","floor":40,"key":"SMITH"},{"floor":42,"key":"DIG"},{"floor":45,"key":"DIG"},{"floor":49,"key":"DIG"}],"neow_cost":"NONE","seed_source_timestamp":1649792237600,"circlet_count":0,"master_deck":["Zap+1","Dualcast+1","Streamline+1","Beam Cell+1","Go for the Eyes+1","Machine Learning","Conserve Battery","Cold Snap","Cold Snap","Rainbow","Conserve Battery","Conserve Battery","Double Energy+1","Panache+1","Hologram+1","Reprogram","FTL","Fission+1","Reprogram+1","Good Instincts","Steam","Gash","Beam Cell+1","Gash","Reprogram+1"],"relics":["Cracked Core","Unceasing Top","War Paint","Du-Vu Doll","Torii","Nuclear Battery","Ornamental Fan","Dodecahedron","Ancient Tea Set","Empty Cage","Red Mask","FossilizedHelix","Shovel","Regal Pillow","Pear","Blood Vial","Happy Flower","PreservedInsect","Vajra"],"potions_floor_usage":[35],"damage_taken":[{"damage":0,"enemies":"2 Louse","floor":1,"turns":1},{"damage":0,"enemies":"Small Slimes","floor":2,"turns":3},{"damage":25,"enemies":"Lagavulin","floor":6,"turns":4},{"damage":8,"enemies":"Gremlin Nob","floor":10,"turns":3},{"damage":22,"enemies":"3 Sentries","floor":13,"turns":7},{"damage":10,"enemies":"Jaw Worm","floor":14,"turns":2},{"damage":9,"enemies":"The Guardian","floor":16,"turns":9},{"damage":7,"enemies":"Chosen","floor":18,"turns":3},{"damage":0,"enemies":"3 Byrds","floor":19,"turns":3},{"damage":13,"enemies":"Snake Plant","floor":20,"turns":3},{"damage":0,"enemies":"Cultist and Chosen","floor":22,"turns":2},{"damage":0,"enemies":"Book of Stabbing","floor":24,"turns":3},{"damage":0,"enemies":"Sentry and Sphere","floor":27,"turns":3},{"damage":0,"enemies":"Chosen and Byrds","floor":28,"turns":3},{"damage":0,"enemies":"Gremlin Leader","floor":29,"turns":3},{"damage":0,"enemies":"3 Cultists","floor":30,"turns":2},{"damage":0,"enemies":"Centurion and Healer","floor":31,"turns":2},{"damage":0,"enemies":"Automaton","floor":33,"turns":5},{"damage":0,"enemies":"3 Shapes","floor":35,"turns":1},{"damage":0,"enemies":"Mind Bloom Boss Battle","floor":38,"turns":1},{"damage":0,"enemies":"Orb Walker","floor":39,"turns":2},{"damage":0,"enemies":"Nemesis","floor":41,"turns":3},{"damage":0,"enemies":"Jaw Worm Horde","floor":46,"turns":1},{"damage":0,"enemies":"Giant Head","floor":47,"turns":2},{"damage":0,"enemies":"Donu and Deca","floor":50,"turns":1}],"seed_played":"3274644445299220806","potions_obtained":[{"floor":6,"key":"FearPotion"},{"floor":16,"key":"Fire Potion"},{"floor":19,"key":"EntropicBrew"},{"floor":33,"key":"GamblersBrew"},{"floor":38,"key":"SmokeBomb"}],"is_trial":false,"path_per_floor":["M","M","?","?","$","E","?","R","T","E","$","R","E","M","R","B",null,"M","M","M","$","M","R","E","R","T","M","M","E","M","M","R","B",null,"M","$","?","?","M","R","E","R","T","T","R","M","E","$","R","B",null],"character_chosen":"DEFECT","items_purchased":["Conserve Battery","Panache","Good Instincts"],"campfire_rested":2,"item_purchase_floors":[11,21,36],"current_hp_per_floor":[75,75,75,68,68,43,43,43,43,35,35,57,35,25,47,38,66,59,59,46,46,46,46,46,46,46,46,46,46,46,46,46,46,68,68,68,68,68,68,68,68,68,78,78,78,80,82,82,82,84],"gold":96,"neow_bonus":"TRANSFORM_CARD","is_prod":false,"is_daily":false,"chose_seed":false,"campfire_upgraded":5,"win_rate":0,"timestamp":1553299207,"path_taken":["M","M","?","?","?","E","?","R","T","E","$","R","E","M","R","BOSS","M","M","?","$","M","R","E","R","T","M","M","E","M","M","R","BOSS","M","$","?","?","M","R","E","R","T","?","R","M","E","$","R","BOSS"],"build_version":"2019-01-23","purchased_purges":3,"victory":true,"max_hp_per_floor":[75,75,75,75,75,75,75,75,75,75,75,75,75,75,75,75,75,75,75,75,75,75,75,75,75,75,75,75,75,75,75,75,75,75,75,75,75,75,75,75,75,75,85,85,85,85,85,85,85,85],"card_choices":[{"not_picked":["Compile Driver","Undo"],"picked":"Beam Cell","floor":1},{"not_picked":["Beam Cell","Darkness","Chill"],"picked":"SKIP","floor":2},{"not_picked":["Sweeping Beam","Defragment"],"picked":"Go for the Eyes","floor":6},{"not_picked":["Beam Cell","Chill"],"picked":"Machine Learning","floor":10},{"not_picked":["Rebound","Compile Driver"],"picked":"Cold Snap","floor":13},{"not_picked":["Redo","Sweeping Beam"],"picked":"Cold Snap","floor":14},{"not_picked":["Biased Cognition","Buffer"],"picked":"Rainbow","floor":16},{"not_picked":["Defragment","Barrage"],"picked":"Conserve Battery","floor":18},{"not_picked":["Sweeping Beam","Streamline"],"picked":"Conserve Battery","floor":19},{"not_picked":["Rebound","Consume"],"picked":"Double Energy+1","floor":20},{"not_picked":["Beam Cell","Consume"],"picked":"Hologram","floor":22},{"not_picked":["Go for the Eyes","Scrape","Beam Cell"],"picked":"SKIP","floor":24},{"not_picked":["Heatsinks","Beam Cell"],"picked":"Reprogram","floor":27},{"not_picked":["Coolheaded","Scrape","Glacier"],"picked":"SKIP","floor":28},{"not_picked":["Ball Lightning","Fission"],"picked":"FTL","floor":29},{"not_picked":["Stack+1","Self Repair","Steam"],"picked":"SKIP","floor":30},{"not_picked":["Cold Snap","Barrage","Steam"],"picked":"SKIP","floor":31},{"not_picked":["Thunder Strike","Buffer"],"picked":"Fission","floor":33},{"not_picked":["Undo+1","Redo"],"picked":"Reprogram+1","floor":35},{"not_picked":["Stack+1","Scrape"],"picked":"Steam","floor":38},{"not_picked":["Turbo+1","Conserve Battery+1"],"picked":"Gash","floor":39},{"not_picked":["Streamline+1","White Noise"],"picked":"Beam Cell+1","floor":41},{"not_picked":["Barrage+1","Streamline"],"picked":"Gash","floor":46},{"not_picked":["Steam","Lockon+1"],"picked":"Reprogram+1","floor":47}],"player_experience":417748,"relics_obtained":[{"floor":6,"key":"Unceasing Top"},{"floor":9,"key":"War Paint"},{"floor":10,"key":"Du-Vu Doll"},{"floor":13,"key":"Torii"},{"floor":24,"key":"Ornamental Fan"},{"floor":26,"key":"Dodecahedron"},{"floor":29,"key":"Ancient Tea Set"},{"floor":38,"key":"FossilizedHelix"},{"floor":41,"key":"Shovel"},{"floor":42,"key":"Regal Pillow"},{"floor":43,"key":"Pear"},{"floor":44,"key":"Blood Vial"},{"floor":45,"key":"Happy Flower"},{"floor":47,"key":"PreservedInsect"},{"floor":49,"key":"Vajra"}],"event_choices":[{"cards_removed":["Strike_B"],"damage_healed":0,"gold_gain":0,"player_choice":"Card Removal","damage_taken":0,"max_hp_gain":0,"max_hp_loss":0,"event_name":"The Cleric","floor":3,"gold_loss":50},{"cards_removed":["Strike_B"],"damage_healed":0,"gold_gain":0,"player_choice":"Card Removal","damage_taken":7,"max_hp_gain":0,"max_hp_loss":0,"event_name":"Golden Wing","floor":4,"gold_loss":0},{"damage_healed":0,"gold_gain":0,"player_choice":"Upgraded","damage_taken":0,"max_hp_gain":0,"max_hp_loss":0,"event_name":"Upgrade Shrine","floor":7,"gold_loss":0,"cards_upgraded":["Streamline"]},{"damage_healed":0,"gold_gain":0,"player_choice":"Paid","damage_taken":0,"relics_obtained":["Red Mask"],"max_hp_gain":0,"max_hp_loss":0,"event_name":"Tomb of Lord Red Mask","floor":37,"gold_loss":121},{"damage_healed":0,"gold_gain":0,"player_choice":"Fight","damage_taken":0,"max_hp_gain":0,"max_hp_loss":0,"event_name":"MindBloom","floor":38,"gold_loss":0}],"is_beta":false,"boss_relics":[{"not_picked":["White Beast Statue","Astrolabe"],"picked":"Nuclear Battery"},{"not_picked":["Pandora\u0027s Box","Snecko Eye"],"picked":"Empty Cage"}],"items_purged_floors":[5,36,48],"is_endless":false,"potions_floor_spawned":[6,16,19,24,27,31,33,38,39],"ascension_level":5}