{"gold_per_floor":[109,119,7,7,27,27,41,41,41,55,65,65,39,55,55,133,133,149,163,5,5],"floor_reached":21,"playtime":737,"items_purged":["Strike_R"],"score":320,"play_id":"5f20b2f1-797a-40f8-8236-aa2e90656697","local_time":"20190314220000","is_ascension_mode":true,"campfire_choices":[{"data":"Rupture","floor":6.0,"key":"SMITH"},{"data":"Shockwave","floor":8.0,"key":"SMITH"},{"floor":12.0,"key":"REST"},{"data":"True Grit","floor":15.0,"key":"SMITH"}],"neow_cost":"NONE","seed_source_timestamp":218336998916,"circlet_count":0,"master_deck":["AscendersBane","Strike_R","Strike_R","Strike_R","Strike_R","Defend_R","Defend_R","Defend_R","Defend_R","Bash","Anger","Shockwave+1","Rupture+1","Sword Boomerang+1","Offering","Perfected Strike+1","True Grit+1","Body Slam+1","Demon Form","Headbutt+1","Cleave+1","Ghostly Armor","Uppercut+1"],"special_seed":0,"relics":["Runic Cube","Molten Egg 2","Bottled Flame","Fusion Hammer"],"potions_floor_usage":[21],"damage_taken":[{"damage":9.0,"enemies":"Small Slimes","floor":1.0,"turns":4.0},{"damage":1.0,"enemies":"Cultist","floor":2.0,"turns":3.0},{"damage":4.0,"enemies":"Jaw Worm","floor":5.0,"turns":3.0},{"damage":15.0,"enemies":"3 Louse","floor":7.0,"turns":4.0},{"damage":4.0,"enemies":"Looter","floor":10.0,"turns":3.0},{"damage":5.0,"enemies":"Gremlin Gang","floor":11.0,"turns":2.0},{"damage":6.0,"enemies":"Red Slaver","floor":14.0,"turns":3.0},{"damage":20.0,"enemies":"Hexaghost","floor":16.0,"turns":9.0},{"damage":24.0,"enemies":"Spheric Guardian","floor":18.0,"turns":4.0},{"damage":27,"enemies":"Shell Parasite","floor":19,"turns":3},{"damage":21,"enemies":"Snecko","floor":21,"turns":4}],"seed_played":"6126232489400759815","potions_obtained":[{"floor":10.0,"key":"SteroidPotion"},{"floor":11.0,"key":"EssenceOfSteel"},{"floor":14.0,"key":"SteroidPotion"},{"floor":16.0,"key":"Weak Potion"}],"is_trial":false,"path_per_floor":["M","M","$","?","M","R","M","R","T","M","M","R","$","M","R","B",null,"M","M","$","M"],"character_chosen":"IRONCLAD","items_purchased":["Shockwave","True Grit","Ghostly Armor","Uppercut+1"],"campfire_rested":1,"item_purchase_floors":[3,13,20,20],"current_hp_per_floor":[59,58,58,58,54,54,39,39,39,35,30,52,52,46,46,26,63,39,12,12,0],"gold":5,"neow_bonus":"BOSS_RELIC","is_prod":false,"is_daily":false,"chose_seed":false,"campfire_upgraded":3,"win_rate":0,"timestamp":1552568400,"path_taken":["M","M","$","?","M","R","?","R","T","M","?","R","?","?","R","BOSS","M","M","$","M"],"build_version":"2019-01-23","purchased_purges":1,"victory":false,"max_hp_per_floor":[75,75,75,75,75,75,75,75,75,75,75,75,75,75,75,75,75,75,75,75,75],"card_choices":[{"not_picked":["Body Slam","Pommel Strike"],"picked":"Anger","floor":1.0},{"not_picked":["Blood for Blood","Havoc"],"picked":"Sword Boomerang","floor":2.0},{"not_picked":["Reckless Charge+1","Rage"],"picked":"Rupture","floor":5.0},{"not_picked":["Twin Strike+1","Clash+1"],"picked":"Sword Boomerang+1","floor":7.0},{"not_picked":["Cleave+1","Warcry"],"picked":"Offering","floor":10.0},{"not_picked":["Disarm","Metallicize"],"picked":"Perfected Strike+1","floor":11.0},{"not_picked":["Warcry","Clash+1"],"picked":"Body Slam+1","floor":14.0},{"not_picked":["Exhume","Reaper+1"],"picked":"Demon Form","floor":16.0},{"not_picked":["Corruption","Rampage+1"],"picked":"Headbutt+1","floor":18.0},{"not_picked":["Carnage+1","Pommel Strike+1"],"picked":"Cleave+1","floor":19}],"player_experience":321296,"relics_obtained":[{"floor":9.0,"key":"Bottled Flame"}],"event_choices":[{"cards_removed":["Sword Boomerang"],"damage_healed":0.0,"max_hp_gain":0.0,"max_hp_loss":0.0,"gold_gain":0.0,"event_name":"WeMeetAgain","player_choice":"Gave Card","floor":4.0,"gold_loss":0.0,"damage_taken":0.0,"relics_obtained":["Molten Egg 2"]}],"is_beta":false,"boss_relics":[{"not_picked":["Empty Cage","Calling Bell"],"picked":"Fusion Hammer"}],"items_purged_floors":[3],"is_endless":false,"potions_floor_spawned":[10,11,14,16],"killed_by":"Snecko","ascension_level":17}