{"gold_per_floor":[115,134,59,79,99,99,99,99,180,209,209,239,239,266,266,343,343,357,60,72,84,104,104,134,134,134,134,134,153,185,195,195,269,269,287,297,172,190,235,264,264,296,296,322,336,336,356,367,367,367,367,367,367,36,70,70],"floor_reached":57,"playtime":2511,"items_purged":["Strike_R","Strike_R","Strike_R+1","Defend_R"],"score":2879,"play_id":"15fb7073-97bb-45e7-a43a-e0500937ef2f","local_time":"20190212040135","is_ascension_mode":true,"campfire_choices":[{"data":"Blood for Blood","floor":6,"key":"SMITH"},{"floor":8,"key":"REST"},{"data":"Inflame","floor":11,"key":"SMITH"},{"data":"Strike_R","floor":15,"key":"PURGE"},{"data":"Defend_R","floor":23,"key":"PURGE"},{"data":"Clash","floor":25,"key":"PURGE"},{"data":"Defend_R","floor":27,"key":"PURGE"},{"data":"Evolve","floor":32,"key":"SMITH"},{"floor":41,"key":"RECALL"},{"data":"Power Through","floor":46,"key":"SMITH"},{"data":"Feel No Pain","floor":49,"key":"SMITH"},{"data":"Double Tap","floor":53,"key":"SMITH"}],"neow_cost":"PERCENT_DAMAGE","seed_source_timestamp":1067790188065100,"circlet_count":0,"master_deck":["AscendersBane","Defend_R","Bash+1","Blood for Blood+1","Shrug It Off+1","Inflame+1","Fiend Fire+1","Double Tap+1","Reaper+1","Uppercut+1","Shrug It Off","Evolve+1","Power Through+1","Disarm+1","RitualDagger+1","Wild Strike+1","Sever Soul+1","Exhume","Bludgeon+1","Battle Trance","Exhume","True Grit+1","Feel No Pain+1","Reaper+1","Demon Form","Heavy Blade+1","Shrug It Off+1"],"relics":["Burning Blood","Molten Egg 2","Red Skull","Peace Pipe","Pear","Snecko Eye","Lantern","Paper Frog","Bag of Marbles","Whetstone","Coffee Dripper","Ginger","Smiling Mask","FossilizedHelix","Vajra"],"potions_floor_usage":[10,14,16,24,33,33,44,56],"damage_taken":[{"damage":7,"enemies":"Cultist","floor":1,"turns":4},{"damage":5,"enemies":"2 Louse","floor":2,"turns":3},{"damage":7,"enemies":"Small Slimes","floor":4,"turns":3},{"damage":9,"enemies":"Looter","floor":5,"turns":4},{"damage":10,"enemies":"3 Sentries","floor":10,"turns":9},{"damage":49,"enemies":"Gremlin Nob","floor":12,"turns":5},{"damage":5,"enemies":"3 Sentries","floor":14,"turns":5},{"damage":3,"enemies":"Hexaghost","floor":16,"turns":5},{"damage":0,"enemies":"Chosen","floor":18,"turns":2},{"damage":8,"enemies":"2 Thieves","floor":20,"turns":3},{"damage":8,"enemies":"Cultist and Chosen","floor":21,"turns":5},{"damage":10,"enemies":"Chosen and Byrds","floor":22,"turns":5},{"damage":14,"enemies":"Book of Stabbing","floor":24,"turns":4},{"damage":0,"enemies":"3 Cultists","floor":29,"turns":3},{"damage":20,"enemies":"Gremlin Leader","floor":30,"turns":4},{"damage":0,"enemies":"Snecko","floor":31,"turns":2},{"damage":59,"enemies":"Automaton","floor":33,"turns":7},{"damage":0,"enemies":"Orb Walker","floor":35,"turns":2},{"damage":0,"enemies":"3 Darklings","floor":36,"turns":2},{"damage":9,"enemies":"Sphere and 2 Shapes","floor":38,"turns":4},{"damage":11,"enemies":"2 Orb Walkers","floor":39,"turns":3},{"damage":43,"enemies":"Reptomancer","floor":40,"turns":4},{"damage":0,"enemies":"Giant Head","floor":42,"turns":3},{"damage":95,"enemies":"Reptomancer","floor":44,"turns":6},{"damage":0,"enemies":"Maw","floor":45,"turns":5},{"damage":25,"enemies":"Spire Growth","floor":47,"turns":3},{"damage":0,"enemies":"Writhing Mass","floor":48,"turns":2},{"damage":31,"enemies":"Time Eater","floor":50,"turns":8},{"damage":6,"enemies":"Awakened One","floor":51,"turns":10},{"damage":6,"enemies":"Shield and Spear","floor":55,"turns":4},{"damage":83,"enemies":"The Heart","floor":56,"turns":8}],"seed_played":"872150469458208185","potions_obtained":[{"floor":1,"key":"Swift Potion"},{"floor":5,"key":"PowerPotion"},{"floor":12,"key":"Fire Potion"},{"floor":16,"key":"BloodPotion"},{"floor":18,"key":"Block Potion"},{"floor":24,"key":"Block Potion"},{"floor":30,"key":"Strength Potion"},{"floor":33,"key":"SteroidPotion"},{"floor":35,"key":"Ancient Potion"},{"floor":44,"key":"BloodPotion"}],"is_trial":false,"path_per_floor":["M","M","$","M","M","R","?","R","T","E","R","E","?","E","R","B",null,"M","$","M","M","M","R","E","R","T","R","?","M","E","M","R","B",null,"M","M","$","M","?","E","R","E","T","E","M","R","M","M","R","B","B",null,"R","$","E","B",null],"character_chosen":"IRONCLAD","items_purchased":["Lantern","Shrug It Off","Reaper+1","Demon Form","Heavy Blade+1"],"campfire_rested":1,"item_purchase_floors":[19,19,54,54,54],"current_hp_per_floor":[63,64,64,63,60,60,33,59,59,55,55,12,12,23,23,26,81,87,87,97,95,95,95,99,99,99,99,93,99,85,99,99,83,95,99,99,99,99,94,96,96,99,99,18,71,71,76,82,82,71,95,98,98,98,98,74],"gold":70,"neow_bonus":"TWENTY_PERCENT_HP_BONUS","is_prod":false,"is_daily":false,"chose_seed":false,"campfire_upgraded":6,"win_rate":0,"timestamp":1549911695,"path_taken":["M","M","$","M","M","R","?","R","T","E","R","E","?","E","R","BOSS","M","$","M","M","M","R","E","R","T","R","?","M","E","M","R","BOSS","M","M","$","M","?","E","R","E","T","E","M","R","M","M","R","BOSS","BOSS","R","$","E","BOSS"],"build_version":"2019-01-23","purchased_purges":4,"victory":true,"max_hp_per_floor":[89,89,89,89,89,89,89,89,89,89,89,89,89,99,99,99,99,99,99,99,99,99,99,99,99,99,99,99,99,99,99,99,99,99,99,99,99,99,99,99,99,99,99,99,99,99,99,99,99,99,99,99,99,99,99,99],"card_choices":[{"not_picked":["Ghostly Armor","Dual Wield"],"picked":"Clash","floor":1},{"not_picked":["Bloodletting","Sword Boomerang"],"picked":"Blood for Blood","floor":2},{"not_picked":["Wild Strike","Heavy Blade"],"picked":"Shrug It Off","floor":4},{"not_picked":["Warcry","Thunderclap","Iron Wave"],"picked":"SKIP","floor":5},{"not_picked":["Disarm","Clash+1"],"picked":"Inflame","floor":10},{"not_picked":["Body Slam+1","Shrug It Off"],"picked":"Fiend Fire+1","floor":12},{"not_picked":["Warcry","Entrench"],"picked":"Double Tap","floor":14},{"not_picked":["Limit Break","Immolate+1"],"picked":"Reaper+1","floor":16},{"not_picked":["Wild Strike+1","Clash+1"],"picked":"Uppercut+1","floor":18},{"not_picked":["Sentinel","Headbutt+1","Fire Breathing"],"picked":"SKIP","floor":20},{"not_picked":["Pommel Strike+1","Warcry"],"picked":"Evolve","floor":21},{"not_picked":["Shrug It Off","Wild Strike+1"],"picked":"Power Through","floor":22},{"not_picked":["Havoc","Shrug It Off"],"picked":"Disarm+1","floor":24},{"not_picked":["Anger+1","Clash+1"],"picked":"Wild Strike+1","floor":29},{"not_picked":["Sentinel","Ghostly Armor+1"],"picked":"Sever Soul+1","floor":30},{"not_picked":["Perfected Strike+1","Warcry"],"picked":"Exhume","floor":31},{"not_picked":["Limit Break","Berserk"],"picked":"Bludgeon+1","floor":33},{"not_picked":["Armaments","Warcry+1","Wild Strike+1"],"picked":"SKIP","floor":35},{"not_picked":["Wild Strike+1","Perfected Strike+1","Cleave+1"],"picked":"SKIP","floor":36},{"not_picked":["Headbutt+1","Metallicize"],"picked":"Battle Trance","floor":38},{"not_picked":["Disarm+1","Flex+1"],"picked":"Exhume","floor":40},{"not_picked":["Anger+1","Body Slam+1","Sever Soul+1"],"picked":"SKIP","floor":42},{"not_picked":["Rage","Warcry","Metallicize"],"picked":"SKIP","floor":44},{"not_picked":["Iron Wave+1","Reckless Charge+1"],"picked":"True Grit+1","floor":45},{"not_picked":["Anger+1","Flex","Cleave+1"],"picked":"SKIP","floor":47},{"not_picked":["Sentinel","Warcry"],"picked":"Feel No Pain","floor":48},{"not_picked":["Evolve","Thunderclap+1"],"picked":"Shrug It Off+1","floor":55}],"player_experience":4271723,"relics_obtained":[{"floor":9,"key":"Molten Egg 2"},{"floor":10,"key":"Red Skull"},{"floor":12,"key":"Peace Pipe"},{"floor":14,"key":"Pear"},{"floor":24,"key":"Paper Frog"},{"floor":26,"key":"Bag of Marbles"},{"floor":30,"key":"Whetstone"},{"floor":39,"key":"Ginger"},{"floor":40,"key":"Smiling Mask"},{"floor":44,"key":"FossilizedHelix"},{"floor":55,"key":"Vajra"}],"event_choices":[{"damage_healed":0,"gold_gain":0,"player_choice":"Entered Light","damage_taken":27,"max_hp_gain":0,"max_hp_loss":0,"event_name":"Shining Light","floor":7,"gold_loss":0,"cards_upgraded":["Shrug It Off","Strike_R"]},{"cards_removed":["Strike_R"],"damage_healed":0,"gold_gain":0,"player_choice":"Forget","damage_taken":0,"max_hp_gain":0,"max_hp_loss":0,"event_name":"Living Wall","floor":13,"gold_loss":0},{"damage_healed":0,"gold_gain":0,"player_choice":"Joined the Cult","damage_taken":6,"max_hp_gain":0,"max_hp_loss":0,"event_name":"Nest","floor":28,"gold_loss":0,"cards_obtained":["RitualDagger"]},{"damage_healed":0,"gold_gain":0,"player_choice":"Fight","damage_taken":0,"max_hp_gain":0,"max_hp_loss":0,"event_name":"Mysterious Sphere","floor":39,"gold_loss":0}],"is_beta":false,"boss_relics":[{"not_picked":["Busted Crown","Calling Bell"],"picked":"Snecko Eye"},{"not_picked":["Runic Cube","Cursed Key"],"picked":"Coffee Dripper"}],"items_purged_floors":[3,19,37,54],"is_endless":false,"potions_floor_spawned":[1,5,12,16,18,22,24,30,31,33,35,40,42,44,47,48],"ascension_level":20}