{"gold_per_floor":[112,128,303,303,320,348,363,363,363,46,58,58,58,58,58,154,204,224,323,323,333,333,333,333,333],"floor_reached":25,"playtime":1513,"items_purged":["Doubt"],"score":199,"play_id":"ec1c3e37-6aa4-406e-ab72-9ec00e5a8b14","local_time":"20190213133500","is_ascension_mode":false,"campfire_choices":[{"data":"Perfected Strike","floor":8.0,"key":"SMITH"},{"data":"Perfected Strike","floor":12.0,"key":"SMITH"},{"floor":15.0,"key":"REST"},{"floor":23.0,"key":"REST"}],"neow_cost":"NONE","seed_source_timestamp":12151137024942,"circlet_count":0,"master_deck":["Strike_R","Strike_R","Strike_R","Strike_R+1","Strike_R","Defend_R","Defend_R+1","Defend_R","Bash+1","Perfected Strike+1","Perfected Strike+1","Flex","Battle Trance","Pommel Strike","Warcry","Madness","Offering","Second Wind","Dark Embrace+1","Barricade+1","Armaments","Pommel Strike","Second Wind+1","Power Through"],"special_seed":0,"relics":["Burning Blood","Pen Nib","Dream Catcher","Juzu Bracelet","Frozen Egg 2","Tiny House"],"potions_floor_usage":[],"damage_taken":[{"damage":2.0,"enemies":"2 Louse","floor":1.0,"turns":3.0},{"damage":3.0,"enemies":"Small Slimes","floor":2.0,"turns":3.0},{"damage":6.0,"enemies":"Jaw Worm","floor":5.0,"turns":3.0},{"damage":29.0,"enemies":"3 Sentries","floor":6.0,"turns":6.0},{"damage":8.0,"enemies":"Red Slaver","floor":7.0,"turns":3.0},{"damage":0.0,"enemies":"Blue Slaver","floor":11.0,"turns":2.0},{"damage":24.0,"enemies":"Slime Boss","floor":16.0,"turns":7.0},{"damage":19.0,"enemies":"Shell Parasite","floor":18.0,"turns":4.0},{"damage":44.0,"enemies":"Colosseum Slavers","floor":20.0,"turns":6.0},{"damage":13.0,"enemies":"Spheric Guardian","floor":21.0,"turns":4.0},{"damage":54,"enemies":"Book of Stabbing","floor":25,"turns":5}],"seed_played":"8852385423873677069","potions_obtained":[{"floor":1.0,"key":"SpeedPotion"},{"floor":6.0,"key":"Energy Potion"},{"floor":7.0,"key":"GamblersBrew"},{"floor":17.0,"key":"GamblersBrew"},{"floor":18.0,"key":"FearPotion"}],"is_trial":false,"path_per_floor":["M","M","?","?","M","E","M","R","T","$","M","R","?","?","R","B",null,"M","?","?","M","?","R","?","E"],"character_chosen":"IRONCLAD","items_purchased":["Frozen Egg 2"],"campfire_rested":2,"item_purchase_floors":[10],"current_hp_per_floor":[80,80,80,64,64,41,39,39,39,39,45,45,38,38,62,44,85,72,72,34,27,27,52,52,0],"gold":333,"neow_bonus":"RANDOM_COMMON_RELIC","is_prod":false,"is_daily":false,"chose_seed":false,"campfire_upgraded":2,"win_rate":0,"timestamp":1550032500,"path_taken":["M","M","?","?","M","E","M","R","T","$","M","R","?","?","R","BOSS","M","?","?","M","?","R","?","E"],"build_version":"2019-01-23","purchased_purges":1,"victory":false,"max_hp_per_floor":[80,80,80,80,80,80,80,80,80,80,80,80,80,80,80,80,85,85,85,85,85,85,85,85,85],"card_choices":[{"not_picked":["Corruption","Blood for Blood"],"picked":"Perfected Strike","floor":1.0},{"not_picked":["Clash","Pommel Strike"],"picked":"Perfected Strike","floor":2.0},{"not_picked":["Thunderclap","Reckless Charge"],"picked":"Flex","floor":5.0},{"not_picked":["Cleave","Clash"],"picked":"Battle Trance","floor":6.0},{"not_picked":["Anger","Body Slam"],"picked":"Pommel Strike","floor":7.0},{"not_picked":["Sword Boomerang","Iron Wave"],"picked":"Warcry","floor":11.0},{"not_picked":["Uppercut","Intimidate"],"picked":"Dark Embrace+1","floor":15.0},{"not_picked":["Dark Embrace+1","Bludgeon"],"picked":"Barricade+1","floor":16.0},{"not_picked":["Anger","Thunderclap"],"picked":"Armaments","floor":17.0},{"not_picked":["Warcry","Dropkick","Thunderclap+1"],"picked":"SKIP","floor":18.0},{"not_picked":["Clothesline+1","Heavy Blade"],"picked":"Pommel Strike","floor":21.0},{"not_picked":["Rampage+1","True Grit"],"picked":"Second Wind+1","floor":23.0}],"player_experience":65175,"relics_obtained":[{"floor":6.0,"key":"Dream Catcher"},{"floor":9.0,"key":"Juzu Bracelet"}],"event_choices":[{"damage_healed":0.0,"max_hp_gain":0.0,"max_hp_loss":0.0,"gold_gain":175.0,"event_name":"Liars Game","player_choice":"AGREE","floor":3.0,"gold_loss":0.0,"damage_taken":0.0,"cards_obtained":["Doubt"]},{"damage_healed":0.0,"max_hp_gain":0.0,"max_hp_loss":0.0,"gold_gain":0.0,"event_name":"Shining Light","player_choice":"Entered Light","floor":4.0,"gold_loss":0.0,"damage_taken":16.0,"cards_upgraded":["Strike_R","Defend_R"]},{"cards_removed":["Defend_R"],"damage_healed":0.0,"max_hp_gain":0.0,"max_hp_loss":0.0,"gold_gain":0.0,"event_name":"Golden Wing","player_choice":"Card Removal","floor":13.0,"gold_loss":0.0,"damage_taken":7.0},{"damage_healed":0.0,"max_hp_gain":0.0,"max_hp_loss":0.0,"gold_gain":0.0,"event_name":"Match and Keep!","player_choice":"3 cards matched","floor":14.0,"gold_loss":0.0,"damage_taken":0.0,"cards_obtained":["Madness","Offering","Second Wind"]},{"damage_healed":0.0,"max_hp_gain":0.0,"max_hp_loss":0.0,"gold_gain":99.0,"event_name":"Nest","player_choice":"Stole From Cult","floor":19.0,"gold_loss":0.0,"damage_taken":0.0},{"damage_healed":0.0,"max_hp_gain":0.0,"max_hp_loss":0.0,"gold_gain":0.0,"event_name":"Colosseum","player_choice":"Fight","floor":20.0,"gold_loss":0.0,"damage_taken":0.0},{"damage_healed":0.0,"max_hp_gain":0.0,"max_hp_loss":0.0,"gold_gain":0.0,"event_name":"Colosseum","player_choice":"Fled From Nobs","floor":20.0,"gold_loss":0.0,"damage_taken":0.0},{"damage_healed":0.0,"max_hp_gain":0.0,"max_hp_loss":0.0,"gold_gain":0.0,"event_name":"Vampires","player_choice":"Ignored","floor":22.0,"gold_loss":0.0,"damage_taken":0.0},{"damage_healed":0.0,"max_hp_gain":0.0,"max_hp_loss":0.0,"gold_gain":0.0,"event_name":"The Library","player_choice":"Read","floor":24.0,"gold_loss":0.0,"damage_taken":0.0,"cards_obtained":["Power Through"]}],"is_beta":false,"boss_relics":[{"not_picked":["Astrolabe","Lizard Tail"],"picked":"Tiny House"}],"items_purged_floors":[10],"is_endless":false,"potions_floor_spawned":[1,6,7,18],"killed_by":"Book of Stabbing","ascension_level":0}