{"gold_per_floor":[118,135,60,80,98,98,108,108,108,108,119,119,144,41,41,115,115,133,133,5,23,40,40],"floor_reached":23,"playtime":885,"items_purged":["Defend_G"],"score":436,"play_id":"d983d059-8154-4542-b07b-4b55da6b2a9f","local_time":"20190222030512","is_ascension_mode":true,"campfire_choices":[{"data":"Neutralize","floor":6,"key":"SMITH"},{"data":"Poisoned Stab","floor":10,"key":"SMITH"},{"data":"Acrobatics","floor":15,"key":"SMITH"}],"neow_cost":"NONE","seed_source_timestamp":650698551741300,"circlet_count":0,"master_deck":["AscendersBane","Defend_G","Defend_G","Defend_G","Strike_G","Strike_G","Strike_G","Survivor","Neutralize+1","After Image+1","Distraction+1","Burst+1","Heel Hook","Backflip","Poisoned Stab+1","Predator","PiercingWail","Well Laid Plans+1","Acrobatics+1","Corpse Explosion","Concentrate","Madness","Underhanded Strike"],"relics":["Astrolabe","GremlinMask","Frozen Egg 2","Bottled Lightning","Sozu"],"potions_floor_usage":[13,13,13,16,21],"damage_taken":[{"damage":2,"enemies":"Cultist","floor":1,"turns":7},{"damage":5,"enemies":"Jaw Worm","floor":2,"turns":9},{"damage":0,"enemies":"Small Slimes","floor":4,"turns":5},{"damage":7,"enemies":"Blue Slaver","floor":5,"turns":7},{"damage":1,"enemies":"Large Slime","floor":7,"turns":4},{"damage":1,"enemies":"Exordium Wildlife","floor":11,"turns":4},{"damage":12,"enemies":"Lagavulin","floor":13,"turns":5},{"damage":26,"enemies":"Hexaghost","floor":16,"turns":9},{"damage":7,"enemies":"Shell Parasite","floor":18,"turns":6},{"damage":18,"enemies":"2 Thieves","floor":21,"turns":4},{"damage":5,"enemies":"3 Cultists","floor":22,"turns":3},{"damage":28,"enemies":"Slavers","floor":23,"turns":2}],"seed_played":"1048841498735795330","potions_obtained":[{"floor":2,"key":"FearPotion"},{"floor":7,"key":"EntropicBrew"},{"floor":13,"key":"Dexterity Potion"}],"is_trial":false,"path_per_floor":["M","M","$","M","M","R","M","?","T","R","M","?","E","$","R","B",null,"M","?","$","M","M","E"],"character_chosen":"THE_SILENT","items_purchased":["Well Laid Plans+1","Acrobatics","Madness","Underhanded Strike"],"campfire_rested":0,"item_purchase_floors":[14,14,20,20],"current_hp_per_floor":[57,52,52,52,45,45,44,44,44,44,43,43,31,31,31,5,51,44,44,44,26,21,0],"gold":40,"neow_bonus":"BOSS_RELIC","is_prod":false,"is_daily":false,"chose_seed":false,"campfire_upgraded":3,"win_rate":0,"timestamp":1550772312,"path_taken":["M","M","$","?","M","R","M","?","T","R","?","?","E","$","R","BOSS","M","?","$","M","M","E"],"build_version":"2019-01-23","purchased_purges":1,"victory":false,"max_hp_per_floor":[66,66,66,66,66,66,66,66,66,66,66,66,66,66,66,66,66,66,66,66,66,66,66],"card_choices":[{"not_picked":["Underhanded Strike","Outmaneuver"],"picked":"Heel Hook","floor":1},{"not_picked":["Distraction","Dodge and Roll","Prepared"],"picked":"SKIP","floor":2},{"not_picked":["Expertise","Dodge and Roll"],"picked":"Backflip","floor":4},{"not_picked":["Sucker Punch","Bane"],"picked":"Poisoned Stab","floor":5},{"not_picked":["Deflect","Dagger Throw","Eviscerate"],"picked":"SKIP","floor":7},{"not_picked":["Unload","Endless Agony"],"picked":"Predator","floor":11},{"not_picked":["Quick Slash","Dodge and Roll"],"picked":"PiercingWail","floor":13},{"not_picked":["Unload","Phantasmal Killer"],"picked":"Corpse Explosion","floor":16},{"not_picked":["Finisher","Terror"],"picked":"Concentrate","floor":18},{"not_picked":["PiercingWail","Blade Dance","Poisoned Stab"],"picked":"SKIP","floor":21},{"not_picked":["Blade Dance","PiercingWail+1","Underhanded Strike+1"],"picked":"SKIP","floor":22},{"not_picked":["Blade Dance","PiercingWail+1","Underhanded Strike+1"],"picked":"SKIP","floor":22}],"player_experience":4378882,"relics_obtained":[{"floor":9,"key":"Frozen Egg 2"},{"floor":13,"key":"Bottled Lightning"}],"event_choices":[{"damage_healed":0,"gold_gain":0,"player_choice":"Trade","damage_taken":0,"relics_obtained":["GremlinMask"],"max_hp_gain":0,"max_hp_loss":0,"event_name":"FaceTrader","floor":8,"gold_loss":0},{"damage_healed":0,"gold_gain":0,"player_choice":"Ignored","damage_taken":0,"max_hp_gain":0,"max_hp_loss":0,"event_name":"Liars Game","floor":12,"gold_loss":0},{"damage_healed":0,"gold_gain":0,"player_choice":"Ignored","damage_taken":0,"max_hp_gain":0,"max_hp_loss":0,"event_name":"Vampires","floor":19,"gold_loss":0}],"is_beta":false,"boss_relics":[{"not_picked":["Snecko Eye","Fusion Hammer"],"picked":"Sozu"}],"items_purged_floors":[3],"is_endless":false,"potions_floor_spawned":[2,7,11,13,18],"killed_by":"Slavers","ascension_level":20}