{"gold_per_floor":[110,124,124,124,17,17,17,32,32,32,32,32,52,22,22,22],"floor_reached":16,"playtime":531,"items_purged":[],"score":163,"play_id":"672ec02f-ca51-4bfd-9196-00d89078ac37","local_time":"20190312135825","is_ascension_mode":true,"campfire_choices":[{"floor":6,"key":"REST"},{"floor":10,"key":"REST"},{"data":"Fiend Fire","floor":12,"key":"SMITH"},{"data":"Flex","floor":15,"key":"SMITH"}],"neow_cost":"NONE","seed_source_timestamp":14088604757136,"circlet_count":0,"master_deck":["AscendersBane","Strike_R","Strike_R","Strike_R","Strike_R+1","Defend_R","Defend_R+1","Defend_R","Defend_R","Bash","Fiend Fire+1","Flex+1","Seeing Red","Finesse","Ghostly Armor","Shrug It Off"],"special_seed":0,"relics":["Burning Blood","PreservedInsect","Centennial Puzzle"],"potions_floor_usage":[16],"damage_taken":[{"damage":18.0,"enemies":"2 Louse","floor":1.0,"turns":3.0},{"damage":10,"enemies":"Small Slimes","floor":2,"turns":3},{"damage":4,"enemies":"Jaw Worm","floor":8,"turns":3},{"damage":8,"enemies":"3 Louse","floor":13,"turns":4},{"damage":71,"enemies":"Hexaghost","floor":16,"turns":14}],"seed_played":"-2525683406936661358","potions_obtained":[{"floor":2,"key":"Ancient Potion"},{"floor":14,"key":"Block Potion"},{"floor":14,"key":"Ancient Potion"}],"is_trial":false,"path_per_floor":["M","M","?","?","$","R","$","M","T","R","?","R","M","?","R","B"],"character_chosen":"IRONCLAD","items_purchased":["Finesse"],"campfire_rested":2,"item_purchase_floors":[5],"current_hp_per_floor":[56,52,29,22,22,44,44,46,46,68,68,68,66,66,66,0],"gold":22,"neow_bonus":"ONE_RANDOM_RARE_CARD","is_prod":false,"is_daily":false,"chose_seed":false,"campfire_upgraded":2,"win_rate":0,"timestamp":1552366705,"path_taken":["M","M","?","?","$","R","?","M","T","R","?","R","?","?","R","BOSS"],"build_version":"2019-01-23","purchased_purges":0,"victory":false,"max_hp_per_floor":[75,75,75,75,75,75,75,75,75,75,75,75,75,75,75,75],"card_choices":[{"not_picked":["Anger","Cleave"],"picked":"Flex","floor":1.0},{"not_picked":["Body Slam","Thunderclap"],"picked":"Seeing Red","floor":2},{"not_picked":["Combust","Body Slam"],"picked":"Ghostly Armor","floor":8},{"not_picked":["Warcry","Searing Blow"],"picked":"Shrug It Off","floor":13}],"player_experience":294796,"relics_obtained":[{"floor":9,"key":"PreservedInsect"}],"event_choices":[{"damage_healed":0,"gold_gain":0,"player_choice":"Entered Light","damage_taken":23,"max_hp_gain":0,"max_hp_loss":0,"event_name":"Shining Light","floor":3,"gold_loss":0,"cards_upgraded":["Defend_R","Strike_R"]},{"cards_removed":["Strike_R"],"damage_healed":0,"gold_gain":0,"player_choice":"Card Removal","damage_taken":7,"max_hp_gain":0,"max_hp_loss":0,"event_name":"Golden Wing","floor":4,"gold_loss":0},{"damage_healed":0,"gold_gain":0,"player_choice":"Gave Potion","damage_taken":0,"relics_obtained":["Centennial Puzzle"],"max_hp_gain":0,"max_hp_loss":0,"event_name":"WeMeetAgain","floor":11,"gold_loss":0},{"damage_healed":0,"gold_gain":0,"player_choice":"Bought 2 Potions","damage_taken":0,"max_hp_gain":0,"max_hp_loss":0,"event_name":"The Woman in Blue","floor":14,"gold_loss":0}],"is_beta":false,"boss_relics":[],"items_purged_floors":[],"is_endless":false,"potions_floor_spawned":[2],"killed_by":"Hexaghost","ascension_level":17}