{"gold_per_floor":[116,116,131,56,131,131,161,61,142,154,166,1,15,25,39,39,144,144,161,161,11,11,11,11,30,30,54,54,69,69,69,69,83,83,178,178,191,191,209,227,240,240,253,263,263,263,56,68,94,43,57,57,57,57,57,12,41,41],"floor_reached":58,"playtime":1664,"items_purged":["Cleave","Whirlwind","Fire Breathing","Exhume+1"],"score":632,"play_id":"0b89cfb5-4977-41fa-a82b-ac90cb062bc8","local_time":"20190220020243","is_ascension_mode":true,"campfire_choices":[{"data":"Immolate","floor":6.0,"key":"SMITH"},{"data":"Juggernaut","floor":11.0,"key":"SMITH"},{"data":"Bludgeon","floor":16.0,"key":"SMITH"},{"data":"1","floor":24,"key":"LIFT"},{"data":"2","floor":31,"key":"LIFT"},{"data":"3","floor":34,"key":"LIFT"},{"floor":42,"key":"RECALL"},{"floor":52,"key":"REST"},{"data":"Shrug It Off","floor":55,"key":"SMITH"}],"neow_cost":"NONE","seed_source_timestamp":473338779543300,"circlet_count":0,"master_deck":["Bludgeon+1","Iron Wave","Iron Wave","Clash","Anger","Shrug It Off+1","Immolate+1","Whirlwind+1","Juggernaut+1","Armaments+1","Perfected Strike+1","Perfected Strike","Perfected Strike","Necronomicurse","Writhe","Entrench+1","Fire Breathing+1","Combust+1","Clash+1","Rampage","Havoc+1","Body Slam+1","Havoc+1","Fire Breathing+1","Hemokinesis+1","Havoc+1","Havoc+1","Shrug It Off+1","Body Slam+1"],"special_seed":0,"relics":["Philosopher\u0027s Stone","Matryoshka","MawBank","Toxic Egg 2","White Beast Statue","Necronomicon","Bronze Scales","Girya","Whetstone","Blood Vial","Orrery","DollysMirror","FossilizedHelix","Charon\u0027s Ashes"],"potions_floor_usage":[39,41,43,44,48,49,49,51,53,53,58],"damage_taken":[{"damage":0.0,"enemies":"2 Louse","floor":1.0,"turns":1.0},{"damage":0.0,"enemies":"Cultist","floor":3.0,"turns":2.0},{"damage":15.0,"enemies":"Lagavulin","floor":7.0,"turns":4.0},{"damage":0.0,"enemies":"Small Slimes","floor":13.0,"turns":1.0},{"damage":0.0,"enemies":"Exordium Wildlife","floor":14.0,"turns":2.0},{"damage":0.0,"enemies":"2 Fungi Beasts","floor":15.0,"turns":2.0},{"damage":0.0,"enemies":"Slime Boss","floor":17.0,"turns":4.0},{"damage":0,"enemies":"Chosen","floor":19,"turns":3},{"damage":0,"enemies":"Shell Parasite","floor":25,"turns":1},{"damage":0,"enemies":"Sentry and Sphere","floor":29,"turns":1},{"damage":0,"enemies":"Snake Plant","floor":33,"turns":2},{"damage":18,"enemies":"Collector","floor":35,"turns":4},{"damage":6,"enemies":"Orb Walker","floor":37,"turns":2},{"damage":22,"enemies":"3 Shapes","floor":39,"turns":2},{"damage":0,"enemies":"3 Darklings","floor":40,"turns":3},{"damage":23,"enemies":"Maw","floor":41,"turns":6},{"damage":10,"enemies":"4 Shapes","floor":43,"turns":4},{"damage":11,"enemies":"Spire Growth","floor":44,"turns":3},{"damage":4,"enemies":"Transient","floor":48,"turns":5},{"damage":30,"enemies":"Giant Head","floor":49,"turns":6},{"damage":3,"enemies":"4 Shapes","floor":51,"turns":3},{"damage":27,"enemies":"Donu and Deca","floor":53,"turns":5},{"damage":20,"enemies":"Shield and Spear","floor":57,"turns":2},{"damage":77,"enemies":"The Heart","floor":58,"turns":5}],"seed_played":"4388972512128063207","potions_obtained":[{"floor":1.0,"key":"Dexterity Potion"},{"floor":7.0,"key":"Fire Potion"},{"floor":13.0,"key":"Weak Potion"},{"floor":19,"key":"Dexterity Potion"},{"floor":25,"key":"Regen Potion"},{"floor":37,"key":"Dexterity Potion"},{"floor":39,"key":"Weak Potion"},{"floor":40,"key":"Block Potion"},{"floor":41,"key":"PowerPotion"},{"floor":43,"key":"Dexterity Potion"},{"floor":44,"key":"Poison Potion"},{"floor":48,"key":"PowerPotion"},{"floor":49,"key":"Energy Potion"},{"floor":51,"key":"SpeedPotion"},{"floor":57,"key":"Regen Potion"}],"is_trial":false,"path_per_floor":["M","?","M","$","?","R","E","$","T","T","R","$","M","M","M","R","B",null,"M","?","$","?","T","R","M","$","T","T","M","?","R","$","M","R","B",null,"M","?","M","M","M","R","M","M","T","T","$","M","E","$","M","R","B",null,"R","$","E","B"],"character_chosen":"IRONCLAD","items_purchased":["Armaments+1","DollysMirror","Havoc+1","Shrug It Off+1"],"campfire_rested":1,"item_purchase_floors":[12,47,50,56],"current_hp_per_floor":[80,80,80,80,69,69,54,54,54,54,54,54,54,54,54,54,54,80,80,64,64,49,49,49,49,49,49,49,49,49,49,49,51,51,35,85,79,79,59,61,52,52,44,35,35,35,35,33,5,5,4,28,3,81,81,81,61,0],"gold":41,"neow_bonus":"BOSS_RELIC","is_prod":false,"is_daily":false,"chose_seed":false,"campfire_upgraded":4,"win_rate":0,"timestamp":1550595763,"path_taken":["M","?","?","?","?","R","E","?","T","R","$","M","M","M","R","BOSS","M","?","$","?","?","R","?","?","T","M","?","R","$","M","R","BOSS","M","?","M","M","M","R","M","M","T","$","M","E","$","M","R","BOSS","R","$","E","BOSS"],"build_version":"2019-01-23","purchased_purges":4,"victory":false,"max_hp_per_floor":[80,80,80,80,80,80,80,80,80,80,80,80,80,80,80,80,80,80,80,80,80,85,85,85,85,85,85,85,85,85,85,85,85,85,85,85,85,81,81,81,81,81,81,81,81,81,81,81,81,81,81,81,81,81,81,81,81,81],"card_choices":[{"not_picked":["Headbutt","Shrug It Off"],"picked":"Perfected Strike","floor":1.0},{"not_picked":["True Grit","Warcry"],"picked":"Fire Breathing","floor":7.0},{"not_picked":["Iron Wave","Cleave"],"picked":"Perfected Strike","floor":14.0},{"not_picked":["True Grit+1","Iron Wave"],"picked":"Perfected Strike","floor":15.0},{"not_picked":["Dark Embrace","Double Tap+1"],"picked":"Exhume+1","floor":17.0},{"not_picked":["Uppercut","Bloodletting+1"],"picked":"Perfected Strike","floor":19},{"not_picked":["Pommel Strike","Clash+1"],"picked":"Entrench+1","floor":33},{"not_picked":["Iron Wave","Perfected Strike+1"],"picked":"Fire Breathing+1","floor":36},{"not_picked":["Whirlwind+1","Warcry+1"],"picked":"Combust+1","floor":36},{"not_picked":["Clothesline","Headbutt+1"],"picked":"Clash+1","floor":40},{"not_picked":["Blood for Blood+1","Shockwave+1"],"picked":"Rampage","floor":41},{"not_picked":["Bludgeon","Armaments+1"],"picked":"Havoc+1","floor":43},{"not_picked":["Sword Boomerang+1","Clothesline"],"picked":"Body Slam+1","floor":44},{"not_picked":["Havoc+1","Anger+1"],"picked":"Fire Breathing+1","floor":48},{"not_picked":["Warcry+1","Bludgeon"],"picked":"Hemokinesis+1","floor":49},{"not_picked":["Dual Wield+1","Blood for Blood+1"],"picked":"Havoc+1","floor":51},{"not_picked":["Clothesline+1","Warcry+1"],"picked":"Body Slam+1","floor":57}],"player_experience":4351978,"relics_obtained":[{"floor":7.0,"key":"Matryoshka"},{"floor":9.0,"key":"MawBank"},{"floor":9.0,"key":"Toxic Egg 2"},{"floor":20,"key":"Necronomicon"},{"floor":23,"key":"Bronze Scales"},{"floor":23,"key":"Girya"},{"floor":27,"key":"Whetstone"},{"floor":49,"key":"FossilizedHelix"},{"floor":57,"key":"Charon\u0027s Ashes"}],"event_choices":[{"damage_healed":0.0,"max_hp_gain":0.0,"max_hp_loss":0.0,"gold_gain":0.0,"cards_transformed":["Perfected Strike"],"event_name":"Transmorgrifier","player_choice":"Transformed","floor":2.0,"gold_loss":0.0,"damage_taken":0.0,"cards_obtained":["Juggernaut"]},{"damage_healed":0.0,"max_hp_gain":0.0,"max_hp_loss":0.0,"gold_gain":75.0,"event_name":"World of Goop","player_choice":"Gather Gold","floor":5.0,"gold_loss":0.0,"damage_taken":11.0},{"damage_healed":0,"gold_gain":0,"player_choice":"Obtained Book","damage_taken":16,"max_hp_gain":0,"max_hp_loss":0,"event_name":"Cursed Tome","floor":20,"gold_loss":0},{"damage_healed":0,"gold_gain":0,"player_choice":"Shed Blood","damage_taken":20,"max_hp_gain":5,"max_hp_loss":0,"event_name":"Forgotten Altar","floor":22,"gold_loss":0},{"damage_healed":0,"gold_gain":0,"player_choice":"Opened","damage_taken":0,"relics_obtained":["Blood Vial"],"max_hp_gain":0,"max_hp_loss":0,"event_name":"The Mausoleum","floor":30,"gold_loss":0,"cards_obtained":["Writhe"]},{"damage_healed":0,"gold_gain":0,"player_choice":"Max HP","damage_taken":0,"max_hp_gain":0,"max_hp_loss":4,"event_name":"Winding Halls","floor":38,"gold_loss":0}],"is_beta":false,"boss_relics":[{"not_picked":["Busted Crown","Cursed Key"],"picked":"White Beast Statue"},{"not_picked":["Fusion Hammer","Coffee Dripper"],"picked":"Orrery"}],"items_purged_floors":[4,8,12,21],"is_endless":false,"potions_floor_spawned":[1,7,13,19,25,29,33,35,37,39,40,41,43,44,48,49,51,57],"killed_by":"The Heart","ascension_level":-3}