{"gold_per_floor":[112,127,127,144,155,155,80,230,282,299,299,299,313,332,332,406,406,421,421,441,441,441,441],"floor_reached":23,"playtime":2484,"items_purged":["Strike_R"],"score":329,"play_id":"920898ff-bce8-46c0-9eac-8144c78de447","local_time":"20190318214720","is_ascension_mode":true,"campfire_choices":[{"data":"Inflame","floor":6.0,"key":"SMITH"},{"data":"Combust","floor":11.0,"key":"SMITH"},{"data":"Jack Of All Trades","floor":15.0,"key":"SMITH"}],"neow_cost":"CURSE","seed_source_timestamp":365564806976935,"circlet_count":0,"master_deck":["AscendersBane","Strike_R","Strike_R","Strike_R","Strike_R","Defend_R","Defend_R","Defend_R","Defend_R","Bash","Jack Of All Trades+1","PanicButton","Inflame+1","Body Slam","Havoc","Barricade","Combust+1","Sentinel","Flame Barrier+1","Berserk","Spot Weakness","Disarm+1"],"special_seed":0,"relics":["Burning Blood","Happy Flower","Regal Pillow","Eternal Feather","MutagenicStrength","War Paint"],"potions_floor_usage":[20,23],"damage_taken":[{"damage":11.0,"enemies":"Jaw Worm","floor":1.0,"turns":6.0},{"damage":0.0,"enemies":"Cultist","floor":2.0,"turns":3.0},{"damage":12.0,"enemies":"2 Louse","floor":4.0,"turns":3.0},{"damage":9.0,"enemies":"Red Slaver","floor":5.0,"turns":3.0},{"damage":3.0,"enemies":"Blue Slaver","floor":10.0,"turns":4.0},{"damage":11.0,"enemies":"Large Slime","floor":13.0,"turns":4.0},{"damage":12.0,"enemies":"Lots of Slimes","floor":14.0,"turns":2.0},{"damage":61.0,"enemies":"The Guardian","floor":16.0,"turns":15.0},{"damage":27.0,"enemies":"Spheric Guardian","floor":18.0,"turns":5.0},{"damage":28,"enemies":"Chosen","floor":20,"turns":6},{"damage":31,"enemies":"Book of Stabbing","floor":23,"turns":3}],"seed_played":"1270568973367269737","potions_obtained":[{"floor":1.0,"key":"FearPotion"},{"floor":5.0,"key":"SkillPotion"},{"floor":10.0,"key":"Regen Potion"},{"floor":14.0,"key":"SteroidPotion"},{"floor":16.0,"key":"Energy Potion"},{"floor":18.0,"key":"LiquidBronze"},{"floor":20,"key":"Ancient Potion"}],"is_trial":false,"path_per_floor":["M","M","?","M","M","R","$","?","T","M","R","T","M","M","R","B",null,"M","?","M","?","?","E"],"character_chosen":"IRONCLAD","items_purchased":[],"campfire_rested":0,"item_purchase_floors":[],"current_hp_per_floor":[63,69,69,63,60,60,60,60,60,63,63,63,58,52,52,12,59,38,38,16,16,16,0],"gold":441,"neow_bonus":"RANDOM_COLORLESS_2","is_prod":false,"is_daily":false,"chose_seed":false,"campfire_upgraded":3,"win_rate":0,"timestamp":1552913240,"path_taken":["M","M","?","M","M","R","$","?","T","M","R","?","M","?","R","BOSS","M","?","M","?","?","E"],"build_version":"2019-01-23","purchased_purges":1,"victory":false,"max_hp_per_floor":[75,75,75,75,75,75,75,75,75,75,75,75,75,75,75,75,75,75,75,75,75,75,75],"card_choices":[{"not_picked":["Thunderclap","Sword Boomerang"],"picked":"Inflame","floor":1.0},{"not_picked":["Anger","Heavy Blade"],"picked":"Body Slam","floor":2.0},{"not_picked":["Pommel Strike","Warcry"],"picked":"Havoc","floor":4.0},{"not_picked":["Shrug It Off","Thunderclap"],"picked":"Barricade","floor":5.0},{"not_picked":["Pummel","Iron Wave"],"picked":"Combust","floor":10.0},{"not_picked":["Havoc","Sword Boomerang"],"picked":"Sentinel","floor":13.0},{"not_picked":["Searing Blow","Pommel Strike"],"picked":"Flame Barrier","floor":14.0},{"not_picked":["Limit Break","Bludgeon"],"picked":"Berserk","floor":16.0},{"not_picked":["Perfected Strike","Warcry"],"picked":"Spot Weakness","floor":18.0},{"not_picked":["Spot Weakness","Warcry"],"picked":"Disarm","floor":20}],"player_experience":1062608,"relics_obtained":[{"floor":9.0,"key":"Happy Flower"},{"floor":12.0,"key":"Regal Pillow"},{"floor":22,"key":"War Paint"}],"event_choices":[{"cards_removed":["Normality"],"damage_healed":0.0,"max_hp_gain":0.0,"max_hp_loss":0.0,"gold_gain":0.0,"event_name":"Living Wall","player_choice":"Forget","floor":3.0,"gold_loss":0.0,"damage_taken":0.0},{"damage_healed":0.0,"max_hp_gain":0.0,"max_hp_loss":0.0,"gold_gain":150.0,"event_name":"Liars Game","player_choice":"AGREE","floor":8.0,"gold_loss":0.0,"damage_taken":0.0,"cards_obtained":["Doubt"]},{"cards_removed":["Doubt"],"damage_healed":0.0,"max_hp_gain":0.0,"max_hp_loss":0.0,"gold_gain":0.0,"event_name":"Back to Basics","player_choice":"Elegance","floor":19.0,"gold_loss":0.0,"damage_taken":0.0},{"damage_healed":0,"gold_gain":0,"player_choice":"Inject Mutagens","damage_taken":0,"relics_obtained":["MutagenicStrength"],"max_hp_gain":0,"max_hp_loss":0,"event_name":"Drug Dealer","floor":21,"gold_loss":0},{"damage_healed":0,"gold_gain":0,"player_choice":"Relic","damage_taken":0,"max_hp_gain":0,"max_hp_loss":0,"event_name":"Wheel of Change","floor":22,"gold_loss":0}],"is_beta":false,"boss_relics":[{"not_picked":["White Beast Statue","Black Star"],"picked":"Eternal Feather"}],"items_purged_floors":[7],"is_endless":false,"potions_floor_spawned":[1,5,10,14,16,18,20],"killed_by":"Book of Stabbing","ascension_level":16}