{"gold_per_floor":[110,110,118,128,141,141,51,51,51,51,51,51,64,86,86,151,151,159,167,167,49,58,58,85,99,99,99],"floor_reached":27,"playtime":609,"items_purged":[],"score":637,"play_id":"43ad9529-ceff-4d9c-a059-1693c5a7109c","local_time":"20190130005748","is_ascension_mode":true,"campfire_choices":[{"data":"Battle Trance","floor":6,"key":"SMITH"},{"data":"Armaments","floor":8,"key":"SMITH"},{"data":"Fiend Fire","floor":12,"key":"SMITH"},{"floor":15,"key":"REST"},{"floor":23,"key":"REST"}],"neow_cost":"","seed_source_timestamp":0,"circlet_count":0,"master_deck":["AscendersBane","Strike_R","Defend_R","Defend_R","Defend_R","Defend_R","Bash","Armaments+1","Anger","Fiend Fire+1","Battle Trance+1","Purity","Twin Strike","Immolate","Parasite","Feel No Pain","Rampage","Rage","Warcry+1","Infernal Blade","Corruption","Feel No Pain","Flame Barrier","Sever Soul+1","Dual Wield+1"],"relics":["Burning Blood","AscMod:CursedFlame","AscMod:MegaStarOfAscension","AscMod:CursedBank","Paper Frog","Turnip","Orrery","Bag of Preparation","Red Skull"],"potions_floor_usage":[13,14,18,22,24,24],"damage_taken":[{"damage":6,"enemies":"2 Louse","floor":1,"turns":4},{"damage":1,"enemies":"Cultist","floor":3,"turns":3},{"damage":1,"enemies":"Small Slimes","floor":4,"turns":4},{"damage":12,"enemies":"Looter","floor":5,"turns":3},{"damage":0,"enemies":"Gremlin Gang","floor":13,"turns":4},{"damage":40,"enemies":"Lagavulin","floor":14,"turns":10},{"damage":0,"enemies":"Slime Boss","floor":16,"turns":3},{"damage":17,"enemies":"2 Thieves","floor":18,"turns":4},{"damage":19,"enemies":"Spheric Guardian","floor":19,"turns":6},{"damage":17,"enemies":"Snecko","floor":22,"turns":5},{"damage":35,"enemies":"Book of Stabbing","floor":24,"turns":5},{"damage":0,"enemies":"Centurion and Healer","floor":25,"turns":6},{"damage":27,"enemies":"Gremlin Leader","floor":27,"turns":6}],"seed_played":"-3632032637610486522","potions_obtained":[{"floor":2,"key":"EssenceOfSteel"},{"floor":2,"key":"Fire Potion"},{"floor":14,"key":"Poison Potion"},{"floor":16,"key":"AttackPotion"},{"floor":18,"key":"Fire Potion"},{"floor":22,"key":"Poison Potion"}],"is_trial":true,"path_per_floor":["M","?","M","M","M","R","$","R","T","?","?","R","M","E","R","B",null,"M","M","?","$","M","R","E","M","T","E"],"character_chosen":"IRONCLAD","items_purchased":["Purity","Feel No Pain","Flame Barrier"],"campfire_rested":2,"item_purchase_floors":[7,21,21],"current_hp_per_floor":[67,67,71,75,68,68,68,68,68,68,68,68,73,38,56,61,70,58,44,44,44,32,50,20,25,25,0],"gold":99,"neow_bonus":"","is_prod":false,"is_daily":false,"chose_seed":false,"campfire_upgraded":3,"win_rate":0,"timestamp":1548777468,"path_taken":["M","?","?","M","M","R","?","R","T","?","?","R","M","E","R","BOSS","M","?","?","?","M","R","E","M","T","E"],"build_version":"2019-01-23","purchased_purges":0,"victory":false,"max_hp_per_floor":[75,75,75,75,75,75,75,75,75,75,75,75,75,75,75,75,75,75,75,75,75,75,75,75,75,75,75],"card_choices":[{"not_picked":["Anger","Searing Blow"],"picked":"Armaments","floor":1},{"not_picked":["Heavy Blade","Feel No Pain"],"picked":"Anger","floor":3},{"not_picked":["Iron Wave","Corruption"],"picked":"Fiend Fire","floor":4},{"not_picked":["Rupture","Iron Wave"],"picked":"Battle Trance","floor":5},{"not_picked":["Armaments","Cleave"],"picked":"Twin Strike","floor":13},{"not_picked":["Reckless Charge","Rupture","True Grit"],"picked":"SKIP","floor":14},{"not_picked":["Dark Embrace","Feed"],"picked":"Immolate","floor":16},{"not_picked":["Dual Wield","Shrug It Off"],"picked":"Feel No Pain","floor":17},{"not_picked":["Wild Strike","Body Slam"],"picked":"Rampage","floor":17},{"not_picked":["Perfected Strike","Twin Strike"],"picked":"Rage","floor":17},{"not_picked":["Headbutt","Pommel Strike","Body Slam"],"picked":"SKIP","floor":18},{"not_picked":["Sword Boomerang+1","Cleave"],"picked":"Warcry+1","floor":19},{"not_picked":["Armaments+1","Hemokinesis+1"],"picked":"Sever Soul+1","floor":22},{"not_picked":["Cleave","Thunderclap","Reckless Charge"],"picked":"SKIP","floor":24},{"not_picked":["Heavy Blade","Whirlwind"],"picked":"Dual Wield+1","floor":25}],"player_experience":4165170,"relics_obtained":[{"floor":9,"key":"Paper Frog"},{"floor":14,"key":"Turnip"},{"floor":24,"key":"Bag of Preparation"},{"floor":26,"key":"Red Skull"}],"event_choices":[{"damage_healed":0,"gold_gain":0,"player_choice":"Got Potions","damage_taken":0,"max_hp_gain":0,"max_hp_loss":0,"event_name":"Lab","floor":2,"gold_loss":0},{"cards_removed":["Strike_R"],"damage_healed":0,"gold_gain":0,"player_choice":"Forget","damage_taken":0,"max_hp_gain":0,"max_hp_loss":0,"event_name":"Living Wall","floor":10,"gold_loss":0},{"cards_removed":["Strike_R"],"damage_healed":0,"gold_gain":0,"player_choice":"Card Removal","damage_taken":0,"max_hp_gain":0,"max_hp_loss":0,"event_name":"Wheel of Change","floor":11,"gold_loss":0},{"damage_healed":0,"gold_gain":0,"cards_transformed":["Strike_R","Strike_R"],"player_choice":"Became Test Subject","damage_taken":0,"max_hp_gain":0,"max_hp_loss":0,"event_name":"Drug Dealer","floor":20,"gold_loss":0,"cards_obtained":["Infernal Blade","Corruption"]}],"is_beta":false,"boss_relics":[{"not_picked":["Philosopher\u0027s Stone","Runic Dome"],"picked":"Orrery"}],"items_purged_floors":[],"is_endless":false,"potions_floor_spawned":[4,5,14,16,18,22],"killed_by":"Gremlin Leader","ascension_level":25}