{"gold_per_floor":[113,188,188,188,206,206,223,233,313,9,9,21,21,40,40,116,116,126,126,46,32,46,46,79,79,79,79,96,127,127,42,42,116,116,134,234,234,234,245,272,272,305,305,0,25,37,37,56,56,56,56,56,56,14,41,41],"floor_reached":56,"playtime":3083,"items_purged":["Strike_B","Hyperbeam+1"],"score":2251,"play_id":"898e2dac-386e-45d0-8b10-f6c5d4ef2a84","local_time":"20190204025531","is_ascension_mode":true,"campfire_choices":[{"floor":6,"key":"REST"},{"floor":13,"key":"REST"},{"data":"Defragment","floor":15,"key":"SMITH"},{"data":"Consume","floor":23,"key":"SMITH"},{"floor":25,"key":"REST"},{"data":"Coolheaded","floor":27,"key":"SMITH"},{"data":"Coolheaded","floor":32,"key":"SMITH"},{"floor":41,"key":"REST"},{"floor":49,"key":"RECALL"},{"data":"Defragment","floor":53,"key":"SMITH"}],"neow_cost":"NONE","seed_source_timestamp":372062393668600,"circlet_count":0,"master_deck":["AscendersBane","Zap","Dualcast","Defragment+1","Coolheaded+1","Darkness","Leap","Defragment+1","Tempest","Coolheaded","Biased Cognition","Coolheaded+1","Coolheaded","Meteor Strike+1","Consume+1","Chill","Barrage+1","Blizzard+1","Genetic Algorithm","Beam Cell+1","Go for the Eyes+1","Genetic Algorithm","Electrodynamics","Coolheaded+1","Self Repair","Chill","Defragment+1","Purity","Impatience","Purity","Blizzard+1","Coolheaded+1"],"relics":["Inserter","DataDisk","Molten Egg 2","DollysMirror","Pandora\u0027s Box","Vajra","Incense Burner","Bottled Lightning","Strawberry","Orrery","Peace Pipe","Bag of Marbles","Potion Belt","Happy Flower","Mummified Hand","Whetstone"],"potions_floor_usage":[12,12,14,24,36,40,40,48,55,56],"damage_taken":[{"damage":5,"enemies":"Small Slimes","floor":1,"turns":4},{"damage":1,"enemies":"2 Louse","floor":5,"turns":3},{"damage":0,"enemies":"Jaw Worm","floor":7,"turns":8},{"damage":24,"enemies":"Large Slime","floor":8,"turns":8},{"damage":5,"enemies":"3 Louse","floor":12,"turns":6},{"damage":7,"enemies":"Exordium Wildlife","floor":14,"turns":9},{"damage":23,"enemies":"Hexaghost","floor":16,"turns":10},{"damage":0,"enemies":"3 Byrds","floor":18,"turns":5},{"damage":2,"enemies":"2 Thieves","floor":21,"turns":5},{"damage":5,"enemies":"Snecko","floor":22,"turns":5},{"damage":11,"enemies":"Slavers","floor":24,"turns":5},{"damage":3,"enemies":"Centurion and Healer","floor":28,"turns":10},{"damage":11,"enemies":"Book of Stabbing","floor":29,"turns":6},{"damage":0,"enemies":"Automaton","floor":33,"turns":13},{"damage":0,"enemies":"3 Shapes","floor":35,"turns":5},{"damage":0,"enemies":"Mind Bloom Boss Battle","floor":36,"turns":5},{"damage":3,"enemies":"Orb Walker","floor":39,"turns":5},{"damage":58,"enemies":"Reptomancer","floor":40,"turns":7},{"damage":0,"enemies":"Nemesis","floor":42,"turns":19},{"damage":0,"enemies":"Giant Head","floor":45,"turns":19},{"damage":0,"enemies":"Maw","floor":46,"turns":10},{"damage":6,"enemies":"3 Darklings","floor":48,"turns":6},{"damage":21,"enemies":"Awakened One","floor":50,"turns":20},{"damage":0,"enemies":"Donu and Deca","floor":51,"turns":11},{"damage":22,"enemies":"Shield and Spear","floor":55,"turns":17},{"damage":61,"enemies":"The Heart","floor":56,"turns":5}],"seed_played":"-8905554361951387736","potions_obtained":[{"floor":7,"key":"SpeedPotion"},{"floor":8,"key":"Weak Potion"},{"floor":14,"key":"Fruit Juice"},{"floor":16,"key":"Swift Potion"},{"floor":24,"key":"Fire Potion"},{"floor":28,"key":"Fire Potion"},{"floor":39,"key":"Fire Potion"},{"floor":40,"key":"Energy Potion"},{"floor":42,"key":"Poison Potion"},{"floor":48,"key":"PowerPotion"}],"is_trial":false,"path_per_floor":["M","?","?","?","M","R","M","M","T","$","?","M","R","M","R","B",null,"M","?","$","M","M","R","E","R","T","R","M","E","?","?","R","B",null,"M","?","?","?","M","E","R","E","T","$","E","M","?","M","R","B","B",null,"R","$","E","B"],"character_chosen":"DEFECT","items_purchased":["DollysMirror","Blizzard+1","Defragment","Happy Flower","Blizzard+1"],"campfire_rested":4,"item_purchase_floors":[10,20,44,44,54],"current_hp_per_floor":[59,48,22,15,14,35,35,11,11,11,11,6,27,25,25,2,58,58,58,58,56,51,51,40,62,62,62,59,48,48,55,55,55,76,83,83,83,79,79,28,51,58,58,58,65,72,62,63,63,49,56,73,73,73,58,0],"gold":41,"neow_bonus":"BOSS_RELIC","is_prod":false,"is_daily":false,"chose_seed":false,"campfire_upgraded":5,"win_rate":0,"timestamp":1549216531,"path_taken":["M","?","?","?","M","R","M","M","T","?","?","M","R","M","R","BOSS","M","?","$","M","M","R","E","R","T","R","M","E","?","?","R","BOSS","M","?","?","?","M","E","R","E","T","$","E","M","?","M","R","BOSS","BOSS","R","$","E","BOSS"],"build_version":"2019-01-23","purchased_purges":2,"victory":false,"max_hp_per_floor":[71,71,71,71,71,71,71,71,71,71,71,71,71,76,76,76,76,76,76,76,76,76,76,76,76,76,76,76,76,76,83,83,83,83,83,83,83,79,79,79,79,79,79,79,79,79,79,79,79,79,79,79,79,79,79,79],"card_choices":[{"not_picked":["Cold Snap","Steam"],"picked":"Defragment","floor":1},{"not_picked":["Skim","Stack"],"picked":"Coolheaded","floor":5},{"not_picked":["Beam Cell","Steam"],"picked":"Darkness","floor":7},{"not_picked":["Force Field","Steam"],"picked":"Leap","floor":8},{"not_picked":["Rip and Tear+1","White Noise"],"picked":"Tempest","floor":12},{"not_picked":["Conserve Battery","Meteor Strike+1"],"picked":"Coolheaded","floor":14},{"not_picked":["Thunder Strike+1","Rainbow"],"picked":"Biased Cognition","floor":16},{"not_picked":["Turbo","Stack"],"picked":"Barrage+1","floor":18},{"not_picked":["Ball Lightning+1","Consume"],"picked":"Genetic Algorithm","floor":21},{"not_picked":["Hologram","Undo"],"picked":"Beam Cell+1","floor":22},{"not_picked":["Sunder+1","Heatsinks","Beam Cell+1"],"picked":"SKIP","floor":24},{"not_picked":["Rebound+1","Leap"],"picked":"Go for the Eyes+1","floor":28},{"not_picked":["Hello World","Coolheaded","Chaos+1"],"picked":"SKIP","floor":29},{"not_picked":["Machine Learning","Hyperbeam+1"],"picked":"Electrodynamics","floor":33},{"not_picked":["Reinforced Body","Go for the Eyes+1"],"picked":"Coolheaded+1","floor":34},{"not_picked":["Beam Cell+1","Doom and Gloom+1"],"picked":"Self Repair","floor":34},{"not_picked":["Barrage+1","Force Field","Beam Cell+1"],"picked":"SKIP","floor":35},{"not_picked":["Barrage+1","Streamline+1","Gash+1"],"picked":"SKIP","floor":39},{"not_picked":["Compile Driver+1","Streamline+1"],"picked":"Chill","floor":40},{"not_picked":["Aggregate","Ball Lightning+1","Chaos+1"],"picked":"SKIP","floor":42},{"not_picked":["Genetic Algorithm","Lockon+1","Ball Lightning+1"],"picked":"SKIP","floor":45},{"not_picked":["Genetic Algorithm","Lockon+1","Ball Lightning+1"],"picked":"SKIP","floor":45},{"not_picked":["Beam Cell+1","Sweeping Beam+1","Ball Lightning+1"],"picked":"SKIP","floor":46},{"not_picked":["Forethought","Jack Of All Trades"],"picked":"Purity","floor":47},{"not_picked":["Purity","Good Instincts"],"picked":"Impatience","floor":47},{"not_picked":["Good Instincts","Transmutation"],"picked":"Purity","floor":47},{"not_picked":["Hologram","Go for the Eyes+1","Storm"],"picked":"SKIP","floor":48},{"not_picked":["BootSequence","Aggregate"],"picked":"Coolheaded+1","floor":55}],"player_experience":4209291,"relics_obtained":[{"floor":9,"key":"Molten Egg 2"},{"floor":24,"key":"Vajra"},{"floor":26,"key":"Incense Burner"},{"floor":29,"key":"Bottled Lightning"},{"floor":36,"key":"Peace Pipe"},{"floor":40,"key":"Bag of Marbles"},{"floor":42,"key":"Potion Belt"},{"floor":45,"key":"Mummified Hand"},{"floor":55,"key":"Whetstone"}],"event_choices":[{"damage_healed":0,"gold_gain":75,"player_choice":"Gather Gold","damage_taken":11,"max_hp_gain":0,"max_hp_loss":0,"event_name":"World of Goop","floor":2,"gold_loss":0},{"damage_healed":0,"gold_gain":0,"player_choice":"Success","damage_taken":26,"relics_obtained":["DataDisk"],"max_hp_gain":0,"max_hp_loss":0,"event_name":"Scrap Ooze","floor":3,"gold_loss":0},{"cards_removed":["Strike_B"],"damage_healed":0,"gold_gain":0,"player_choice":"Card Removal","damage_taken":7,"max_hp_gain":0,"max_hp_loss":0,"event_name":"Golden Wing","floor":4,"gold_loss":0},{"damage_healed":0,"gold_gain":0,"player_choice":"Grow","damage_taken":0,"max_hp_gain":0,"max_hp_loss":0,"event_name":"Living Wall","floor":11,"gold_loss":0,"cards_upgraded":["Defragment"]},{"damage_healed":0,"gold_gain":0,"player_choice":"Ignored","damage_taken":0,"max_hp_gain":0,"max_hp_loss":0,"event_name":"The Mausoleum","floor":19,"gold_loss":0},{"damage_healed":0,"gold_gain":0,"player_choice":"Read","damage_taken":0,"max_hp_gain":0,"max_hp_loss":0,"event_name":"The Library","floor":30,"gold_loss":0,"cards_obtained":["Genetic Algorithm"]},{"damage_healed":0,"gold_gain":0,"player_choice":"Obtained Relic","damage_taken":0,"relics_obtained":["Strawberry"],"max_hp_gain":0,"max_hp_loss":0,"event_name":"Addict","floor":31,"gold_loss":85},{"damage_healed":0,"gold_gain":0,"player_choice":"Fight","damage_taken":0,"max_hp_gain":0,"max_hp_loss":0,"event_name":"MindBloom","floor":36,"gold_loss":0},{"damage_healed":0,"gold_gain":0,"player_choice":"Ignored","damage_taken":0,"max_hp_gain":0,"max_hp_loss":0,"event_name":"Tomb of Lord Red Mask","floor":37,"gold_loss":0},{"damage_healed":0,"gold_gain":0,"player_choice":"Max HP","damage_taken":0,"max_hp_gain":0,"max_hp_loss":4,"event_name":"Winding Halls","floor":38,"gold_loss":0},{"damage_healed":0,"gold_gain":0,"player_choice":"Memory 3","damage_taken":10,"max_hp_gain":0,"max_hp_loss":0,"event_name":"SensoryStone","floor":47,"gold_loss":0}],"is_beta":false,"boss_relics":[{"not_picked":["Empty Cage","Runic Dome"],"picked":"Pandora\u0027s Box"},{"not_picked":["Black Star","Snecko Eye"],"picked":"Orrery"}],"items_purged_floors":[10,44],"is_endless":false,"potions_floor_spawned":[7,8,14,16,24,28,39,40,42,48],"killed_by":"The Heart","ascension_level":20}