{"gold_per_floor":[119,135,154,174,249,249,313,313,313,313,343,343,343,374,374,450,450,465,418,418,418,441,441,452,452,452,78,78],"floor_reached":28,"playtime":919,"items_purged":["Defend_G"],"score":493,"play_id":"cd1a1d4e-4021-43c3-8478-a4f2f396d8df","local_time":"20190304235253","is_ascension_mode":true,"campfire_choices":[{"data":"Dagger Spray","floor":6,"key":"SMITH"},{"floor":8,"key":"REST"},{"floor":10,"key":"REST"},{"floor":15,"key":"REST"},{"data":"After Image","floor":23,"key":"SMITH"},{"data":"Neutralize","floor":25,"key":"SMITH"}],"neow_cost":"NONE","seed_source_timestamp":1589533170128400,"circlet_count":0,"master_deck":["AscendersBane","Defend_G","Defend_G","Defend_G","Defend_G","Survivor","Neutralize+1","Underhanded Strike","Caltrops","Backflip","Dagger Throw","Dagger Spray+1","Endless Agony","Leg Sweep","Endless Agony","After Image+1","Outmaneuver","Backflip+1","Bite","Bite","Bite","Bite","Bite","Blur","Dodge and Roll+1"],"relics":["Ring of the Snake","Tiny Chest","Boot","Blue Candle","Gremlin Horn","Sozu","Smiling Mask","Toxic Egg 2","Shuriken"],"potions_floor_usage":[7,11,19],"damage_taken":[{"damage":3,"enemies":"Cultist","floor":1,"turns":4},{"damage":3,"enemies":"2 Louse","floor":2,"turns":3},{"damage":10,"enemies":"Small Slimes","floor":3,"turns":4},{"damage":0,"enemies":"Looter","floor":4,"turns":4},{"damage":17,"enemies":"3 Sentries","floor":7,"turns":7},{"damage":33,"enemies":"Gremlin Nob","floor":11,"turns":5},{"damage":22,"enemies":"3 Sentries","floor":14,"turns":8},{"damage":14,"enemies":"The Guardian","floor":16,"turns":18},{"damage":6,"enemies":"3 Byrds","floor":18,"turns":4},{"damage":7,"enemies":"2 Thieves","floor":19,"turns":5},{"damage":8,"enemies":"Colosseum Slavers","floor":20,"turns":7},{"damage":18,"enemies":"Cultist and Chosen","floor":24,"turns":7},{"damage":46,"enemies":"Book of Stabbing","floor":28,"turns":7}],"seed_played":"-7097613791905045277","potions_obtained":[{"floor":1,"key":"SpeedPotion"},{"floor":2,"key":"Explosive Potion"},{"floor":14,"key":"Fire Potion"}],"is_trial":false,"path_per_floor":["M","M","M","M","?","R","E","R","T","R","E","?","?","E","R","B",null,"M","M","?","?","T","R","M","R","T","$","E"],"character_chosen":"THE_SILENT","items_purchased":["Shuriken","Dodge and Roll+1"],"campfire_rested":3,"item_purchase_floors":[27,27],"current_hp_per_floor":[56,53,43,43,32,32,15,34,34,53,20,36,36,14,32,18,52,46,39,31,31,31,31,29,29,29,29,0],"gold":78,"neow_bonus":"THREE_CARDS","is_prod":false,"is_daily":false,"chose_seed":false,"campfire_upgraded":3,"win_rate":0,"timestamp":1551711173,"path_taken":["M","M","M","M","?","R","E","R","T","R","E","?","?","E","R","BOSS","M","?","?","?","?","R","M","R","T","?","E"],"build_version":"2019-01-23","purchased_purges":1,"victory":false,"max_hp_per_floor":[66,66,66,66,66,66,66,66,66,66,66,66,63,63,63,63,63,63,63,63,44,44,44,44,44,44,44,44],"card_choices":[{"not_picked":["Prepared","Blade Dance"],"picked":"Underhanded Strike","floor":0},{"not_picked":["Eviscerate","Masterful Stab"],"picked":"Caltrops","floor":1},{"not_picked":["Blade Dance","Escape Plan"],"picked":"Backflip","floor":2},{"not_picked":["Accuracy","Well Laid Plans"],"picked":"Dagger Throw","floor":3},{"not_picked":["Dagger Throw","Backflip"],"picked":"Dagger Spray","floor":4},{"not_picked":["Blade Dance","Cloak And Dagger"],"picked":"Endless Agony","floor":7},{"not_picked":["Dodge and Roll","Underhanded Strike"],"picked":"Leg Sweep","floor":11},{"not_picked":["A Thousand Cuts","Caltrops"],"picked":"Endless Agony","floor":14},{"not_picked":["Malaise","Night Terror"],"picked":"After Image","floor":16},{"not_picked":["Sucker Punch","Concentrate"],"picked":"Outmaneuver","floor":18},{"not_picked":["Masterful Stab","Heel Hook"],"picked":"Backflip+1","floor":19},{"not_picked":["Expertise","Flying Knee"],"picked":"Blur","floor":24}],"player_experience":4462944,"relics_obtained":[{"floor":7,"key":"Tiny Chest"},{"floor":9,"key":"Boot"},{"floor":11,"key":"Blue Candle"},{"floor":14,"key":"Gremlin Horn"},{"floor":22,"key":"Smiling Mask"},{"floor":26,"key":"Toxic Egg 2"}],"event_choices":[{"damage_healed":0,"gold_gain":75,"player_choice":"Gather Gold","damage_taken":11,"max_hp_gain":0,"max_hp_loss":0,"event_name":"World of Goop","floor":5,"gold_loss":0},{"damage_healed":16,"gold_gain":0,"player_choice":"Healed and dodged fight","damage_taken":0,"max_hp_gain":0,"max_hp_loss":0,"event_name":"Mushrooms","floor":12,"gold_loss":0,"cards_obtained":["Parasite"]},{"cards_removed":["Parasite"],"damage_healed":0,"gold_gain":0,"player_choice":"Purged","damage_taken":0,"max_hp_gain":0,"max_hp_loss":0,"event_name":"Purifier","floor":13,"gold_loss":0},{"damage_healed":0,"gold_gain":0,"player_choice":"Fight","damage_taken":0,"max_hp_gain":0,"max_hp_loss":0,"event_name":"Colosseum","floor":20,"gold_loss":0},{"damage_healed":0,"gold_gain":0,"player_choice":"Fled From Nobs","damage_taken":0,"max_hp_gain":0,"max_hp_loss":0,"event_name":"Colosseum","floor":20,"gold_loss":0},{"damage_healed":0,"gold_gain":0,"player_choice":"Became a vampire","damage_taken":0,"max_hp_gain":0,"max_hp_loss":19,"event_name":"Vampires","floor":21,"gold_loss":0,"cards_obtained":["Bite","Bite","Bite","Bite","Bite"]}],"is_beta":false,"boss_relics":[{"not_picked":["Ring of the Serpent","Calling Bell"],"picked":"Sozu"}],"items_purged_floors":[27],"is_endless":false,"potions_floor_spawned":[1,2,14,24],"killed_by":"Book of Stabbing","ascension_level":20}