{"gold_per_floor":[114,289,304,10,110,136,148,171,208,230,274,302,341,366,378,491,553,585,617,285,295,395,395,35,55,78,78,95,126,126,142,142,240,240,257,267,267,267,267,282,282,84,84,111,111,139,139,139,139,139],"floor_reached":51,"playtime":6467,"items_purged":["Doubt","Strike_G","Strike_G","Strike_G"],"score":820,"play_id":"e2f5905d-ba3c-4135-b69e-4addbf05b7eb","local_time":"20190209215749","is_ascension_mode":false,"campfire_choices":[{"data":"Noxious Fumes","floor":7,"key":"SMITH"},{"floor":15,"key":"REST"},{"floor":23,"key":"REST"},{"floor":27,"key":"REST"},{"floor":30,"key":"REST"},{"data":"Prepared","floor":32,"key":"SMITH"},{"data":"Adrenaline","floor":41,"key":"SMITH"},{"data":"Footwork","floor":49,"key":"SMITH"}],"neow_cost":"NONE","seed_source_timestamp":0,"circlet_count":0,"master_deck":["Defend_G","Defend_G","Defend_G","Defend_G","Defend_G","Survivor","Neutralize+1","Noxious Fumes+1","Poisoned Stab","PiercingWail","Crippling Poison","Crippling Poison","Adrenaline+1","Prepared+1","Backflip","Caltrops","Backflip+1","Bullet Time+1","Footwork+1","Burst+1","Heel Hook","Deflect+1"],"special_seed":0,"relics":["Ring of the Snake","NeowsBlessing","Medical Kit","MawBank","Anchor","Strawberry","Centennial Puzzle","Tiny House","ClockworkSouvenir","Calipers","Toxic Egg 2","Juzu Bracelet","Snake Skull","Bag of Preparation","Busted Crown","Mercury Hourglass","Gremlin Horn","Lantern"],"potions_floor_usage":[21,22,22,50,50,50],"damage_taken":[{"damage":0.0,"enemies":"2 Louse","floor":1.0,"turns":1.0},{"damage":0.0,"enemies":"Cultist","floor":3.0,"turns":1.0},{"damage":0.0,"enemies":"Gremlin Nob","floor":6.0,"turns":1.0},{"damage":2,"enemies":"Jaw Worm","floor":8,"turns":5},{"damage":0,"enemies":"Exordium Thugs","floor":10,"turns":4},{"damage":16,"enemies":"3 Sentries","floor":11,"turns":7},{"damage":0,"enemies":"Blue Slaver","floor":12,"turns":5},{"damage":26,"enemies":"Lagavulin","floor":13,"turns":8},{"damage":0,"enemies":"Looter","floor":14,"turns":4},{"damage":29,"enemies":"Hexaghost","floor":16,"turns":12},{"damage":4,"enemies":"2 Thieves","floor":18,"turns":5},{"damage":11,"enemies":"Spheric Guardian","floor":19,"turns":4},{"damage":10,"enemies":"Snake Plant","floor":21,"turns":6},{"damage":16,"enemies":"Colosseum Slavers","floor":22,"turns":5},{"damage":30,"enemies":"Colosseum Nobs","floor":22,"turns":7},{"damage":14,"enemies":"Sentry and Sphere","floor":25,"turns":6},{"damage":15,"enemies":"3 Cultists","floor":28,"turns":5},{"damage":9,"enemies":"Slavers","floor":29,"turns":5},{"damage":0,"enemies":"Centurion and Healer","floor":31,"turns":7},{"damage":33,"enemies":"Automaton","floor":33,"turns":10},{"damage":0,"enemies":"Orb Walker","floor":35,"turns":5},{"damage":0,"enemies":"3 Darklings","floor":36,"turns":4},{"damage":0,"enemies":"Jaw Worm Horde","floor":40,"turns":3},{"damage":0,"enemies":"Nemesis","floor":44,"turns":7},{"damage":3,"enemies":"Giant Head","floor":46,"turns":10},{"damage":0,"enemies":"Donu and Deca","floor":50,"turns":9}],"seed_played":"8277413416373635485","potions_obtained":[{"floor":8,"key":"Strength Potion"},{"floor":10,"key":"Swift Potion"},{"floor":11,"key":"AttackPotion"},{"floor":12,"key":"Block Potion"},{"floor":17,"key":"GhostInAJar"},{"floor":21,"key":"Ancient Potion"},{"floor":25,"key":"SpeedPotion"},{"floor":28,"key":"FairyPotion"},{"floor":31,"key":"LiquidBronze"},{"floor":46,"key":"EssenceOfSteel"}],"is_trial":false,"path_per_floor":["M","?","M","$","?","E","R","M","T","M","E","M","E","M","R","B",null,"M","M","$","M","?","R","$","M","T","R","M","E","R","M","R","B",null,"M","M","?","?","?","M","R","$","T","E","?","E","?","?","R","B",null],"character_chosen":"THE_SILENT","items_purchased":["Poisoned Stab","Medical Kit","ClockworkSouvenir","SpeedPotion","Juzu Bracelet","Caltrops","SteroidPotion"],"campfire_rested":4,"item_purchase_floors":[4,4,20,20,24,24,42],"current_hp_per_floor":[70,70,70,70,70,70,70,68,68,68,59,59,33,33,56,27,82,78,67,67,57,11,35,35,21,21,45,30,21,45,45,45,12,82,82,82,82,82,82,82,82,82,82,82,82,79,79,79,79,79],"gold":139,"neow_bonus":"THREE_ENEMY_KILL","is_prod":false,"is_daily":false,"chose_seed":false,"campfire_upgraded":4,"win_rate":0.0,"timestamp":1549717069,"path_taken":["M","?","M","$","?","E","R","M","T","M","E","?","E","M","R","BOSS","M","M","$","?","?","R","$","M","T","R","M","E","R","M","R","BOSS","M","M","?","?","?","M","R","$","T","E","?","E","?","?","R","BOSS"],"build_version":"2019-01-23","purchased_purges":4,"victory":true,"max_hp_per_floor":[70,70,70,70,70,70,70,70,70,70,77,77,77,77,77,77,82,82,82,82,82,82,82,82,82,82,82,82,82,82,82,82,82,82,82,82,82,82,82,82,82,82,82,82,82,82,82,82,82,82],"card_choices":[{"not_picked":["Quick Slash","Acrobatics"],"picked":"Noxious Fumes","floor":1.0},{"not_picked":["Slice","Endless Agony","Dagger Spray"],"picked":"SKIP","floor":3.0},{"not_picked":["Noxious Fumes","Deadly Poison"],"picked":"PiercingWail","floor":6.0},{"not_picked":["All Out Attack","Noxious Fumes","Distraction"],"picked":"SKIP","floor":8},{"not_picked":["Dodge and Roll","Eviscerate"],"picked":"Crippling Poison","floor":10},{"not_picked":["Underhanded Strike","Finisher","Blade Dance"],"picked":"SKIP","floor":11},{"not_picked":["Sucker Punch","Endless Agony","Poisoned Stab"],"picked":"SKIP","floor":12},{"not_picked":["Poisoned Stab","Acrobatics"],"picked":"Crippling Poison","floor":13},{"not_picked":["Masterful Stab","Reflex"],"picked":"Flying Knee","floor":14},{"not_picked":["Bullet Time","Die Die Die"],"picked":"Adrenaline","floor":16},{"not_picked":["Terror","Poisoned Stab"],"picked":"Prepared","floor":18},{"not_picked":["Tactician","Prepared"],"picked":"Backflip","floor":19},{"not_picked":["Dagger Throw+1","Blade Dance","Noxious Fumes"],"picked":"SKIP","floor":21},{"not_picked":["Quick Slash","Masterful Stab"],"picked":"Backflip+1","floor":25},{"not_picked":["Dagger Spray","Deadly Poison+1"],"picked":"Bullet Time+1","floor":28},{"not_picked":["Poisoned Stab","Riddle With Holes"],"picked":"Footwork","floor":29},{"not_picked":["Dagger Spray+1","Dagger Throw","Blade Dance+1"],"picked":"SKIP","floor":31},{"not_picked":["Envenom","Phantasmal Killer+1"],"picked":"Burst+1","floor":33},{"not_picked":["Skewer"],"picked":"SKIP","floor":35},{"not_picked":["Poisoned Stab+1"],"picked":"SKIP","floor":36},{"not_picked":["Sucker Punch"],"picked":"SKIP","floor":40},{"not_picked":[],"picked":"Deflect+1","floor":44},{"not_picked":["Choke+1"],"picked":"SKIP","floor":46}],"player_experience":7460,"relics_obtained":[{"floor":6.0,"key":"MawBank"},{"floor":9,"key":"Anchor"},{"floor":11,"key":"Strawberry"},{"floor":13,"key":"Centennial Puzzle"},{"floor":22,"key":"Calipers"},{"floor":22,"key":"Toxic Egg 2"},{"floor":26,"key":"Snake Skull"},{"floor":29,"key":"Bag of Preparation"},{"floor":43,"key":"Mercury Hourglass"},{"floor":44,"key":"Gremlin Horn"},{"floor":46,"key":"Lantern"}],"event_choices":[{"damage_healed":0.0,"max_hp_gain":0.0,"max_hp_loss":0.0,"gold_gain":175.0,"event_name":"Liars Game","player_choice":"AGREE","floor":2.0,"gold_loss":0.0,"damage_taken":0.0,"cards_obtained":["Doubt"]},{"damage_healed":0.0,"max_hp_gain":0.0,"max_hp_loss":0.0,"gold_gain":100.0,"event_name":"Golden Shrine","player_choice":"Pray","floor":5.0,"gold_loss":0.0,"damage_taken":0.0},{"damage_healed":0,"gold_gain":0,"player_choice":"Fight","damage_taken":0,"max_hp_gain":0,"max_hp_loss":0,"event_name":"Colosseum","floor":22,"gold_loss":0},{"damage_healed":0,"gold_gain":0,"player_choice":"Fought Nobs","damage_taken":0,"max_hp_gain":0,"max_hp_loss":0,"event_name":"Colosseum","floor":22,"gold_loss":0},{"damage_healed":0,"gold_gain":0,"player_choice":"Memory 1","damage_taken":0,"max_hp_gain":0,"max_hp_loss":0,"event_name":"SensoryStone","floor":37,"gold_loss":0},{"damage_healed":0,"gold_gain":0,"player_choice":"Ignored","damage_taken":0,"max_hp_gain":0,"max_hp_loss":0,"event_name":"Tomb of Lord Red Mask","floor":38,"gold_loss":0},{"damage_healed":0,"gold_gain":0,"cards_transformed":["Strike_G"],"player_choice":"Transformed","damage_taken":0,"max_hp_gain":0,"max_hp_loss":0,"event_name":"Transmorgrifier","floor":39,"gold_loss":0,"cards_obtained":["Heel Hook"]},{"cards_removed":["Flying Knee"],"damage_healed":0,"gold_gain":0,"player_choice":"Removed Attack","damage_taken":0,"max_hp_gain":0,"max_hp_loss":0,"event_name":"Falling","floor":45,"gold_loss":0},{"cards_removed":["Strike_G"],"damage_healed":0,"gold_gain":0,"player_choice":"Offered Basic","damage_taken":0,"max_hp_gain":0,"max_hp_loss":0,"event_name":"Bonfire Elementals","floor":47,"gold_loss":0},{"damage_healed":0,"gold_gain":0,"player_choice":"Ignored","damage_taken":0,"max_hp_gain":0,"max_hp_loss":0,"event_name":"NoteForYourself","floor":48,"gold_loss":0}],"is_beta":false,"boss_relics":[{"not_picked":["Lizard Tail","Runic Pyramid"],"picked":"Tiny House"},{"not_picked":["Sozu","Fusion Hammer"],"picked":"Busted Crown"}],"items_purged_floors":[4,20,24,42],"is_endless":false,"potions_floor_spawned":[8,10,11,12,19,21,22,25,28,31,36,46],"ascension_level":0}