{"gold_per_floor":[109,126,144,144,144,176,176,194,194,194,208,236,236,268,268,268],"floor_reached":16,"playtime":963,"items_purged":[],"score":156,"play_id":"bfa91ed3-f4c2-4f90-8221-f5216b51460b","local_time":"20190222205604","is_ascension_mode":true,"campfire_choices":[{"floor":10.0,"key":"REST"},{"floor":13.0,"key":"REST"},{"data":"Iron Wave","floor":15.0,"key":"SMITH"}],"neow_cost":"NONE","seed_source_timestamp":0,"circlet_count":0,"master_deck":["Strike_R","Strike_R","Strike_R","Strike_R","Defend_R","Defend_R","Defend_R","Defend_R","Bash","Iron Wave+1","Heavy Blade","Clothesline","Cleave","Impervious","Shockwave"],"special_seed":0,"relics":["Burning Blood","Pen Nib","Gambling Chip","Ornamental Fan","Letter Opener","The Courier"],"potions_floor_usage":[16],"damage_taken":[{"damage":15.0,"enemies":"Small Slimes","floor":1.0,"turns":3.0},{"damage":7.0,"enemies":"Jaw Worm","floor":2.0,"turns":2.0},{"damage":1.0,"enemies":"Cultist","floor":3.0,"turns":3.0},{"damage":32.0,"enemies":"Lagavulin","floor":6.0,"turns":6.0},{"damage":16.0,"enemies":"Blue Slaver","floor":8.0,"turns":3.0},{"damage":13.0,"enemies":"3 Louse","floor":11.0,"turns":2.0},{"damage":25.0,"enemies":"3 Sentries","floor":12.0,"turns":9.0},{"damage":25.0,"enemies":"Lagavulin","floor":14.0,"turns":6.0},{"damage":52,"enemies":"The Guardian","floor":16,"turns":11}],"seed_played":"-1317959246277652591","potions_obtained":[{"floor":2.0,"key":"Weak Potion"},{"floor":8.0,"key":"SkillPotion"}],"is_trial":false,"path_per_floor":["M","M","M","?","?","E","?","M","T","R","M","E","R","E","R","B"],"character_chosen":"IRONCLAD","items_purchased":[],"campfire_rested":2,"item_purchase_floors":[],"current_hp_per_floor":[63,62,67,60,65,39,39,29,29,54,47,28,53,34,34,0],"gold":268,"neow_bonus":"RANDOM_COMMON_RELIC","is_prod":false,"is_daily":false,"chose_seed":false,"campfire_upgraded":1,"win_rate":0,"timestamp":1550865364,"path_taken":["M","M","M","?","?","E","?","M","T","R","?","E","R","E","R","BOSS"],"build_version":"2019-01-23","purchased_purges":0,"victory":false,"max_hp_per_floor":[80,80,80,80,85,85,85,85,85,85,85,85,85,85,85,85],"card_choices":[{"not_picked":["True Grit","Body Slam"],"picked":"Iron Wave","floor":1.0},{"not_picked":["Disarm","Body Slam"],"picked":"Heavy Blade","floor":2.0},{"not_picked":["Anger","True Grit"],"picked":"Clothesline","floor":3.0},{"not_picked":["True Grit","Warcry"],"picked":"Cleave","floor":6.0},{"not_picked":["Intimidate","Havoc"],"picked":"Impervious","floor":8.0},{"not_picked":["Sword Boomerang","Clothesline","Havoc"],"picked":"SKIP","floor":11.0},{"not_picked":["Anger","Fire Breathing"],"picked":"Shockwave","floor":12.0},{"not_picked":["Wild Strike","Perfected Strike","Headbutt"],"picked":"SKIP","floor":14.0}],"player_experience":359292,"relics_obtained":[{"floor":6.0,"key":"Gambling Chip"},{"floor":9.0,"key":"Ornamental Fan"},{"floor":12.0,"key":"Letter Opener"},{"floor":14.0,"key":"The Courier"}],"event_choices":[{"cards_removed":["Strike_R"],"damage_healed":0.0,"max_hp_gain":0.0,"max_hp_loss":0.0,"gold_gain":0.0,"event_name":"Golden Wing","player_choice":"Card Removal","floor":4.0,"gold_loss":0.0,"damage_taken":7.0},{"damage_healed":0.0,"max_hp_gain":5.0,"max_hp_loss":0.0,"gold_gain":0.0,"event_name":"Big Fish","player_choice":"Donut","floor":5.0,"gold_loss":0.0,"damage_taken":0.0},{"damage_healed":0.0,"max_hp_gain":0.0,"max_hp_loss":0.0,"gold_gain":0.0,"event_name":"The Woman in Blue","player_choice":"Bought 0 Potions","floor":7.0,"gold_loss":0.0,"damage_taken":0.0}],"is_beta":false,"boss_relics":[],"items_purged_floors":[],"is_endless":false,"potions_floor_spawned":[2,8],"killed_by":"The Guardian","ascension_level":6}