{"gold_per_floor":[115,75,94,94,19,19,49,49,127,161,172,36,36,61,61,163,163,179,197,296,296,309,309,323,174,174,184,284,314,333,363,363,465,515,526,140,240,253,268,268,283,108,134,188,188,198,226,241,241,241],"floor_reached":51,"playtime":4198,"items_purged":["Strike_B","Defend_B","Strike_B","Defend_B","Blizzard"],"score":1251,"play_id":"ed4d2141-e50d-4661-b61d-e3a8819d89fd","local_time":"20190126230458","is_ascension_mode":true,"campfire_choices":[{"data":"Dualcast","floor":6.0,"key":"SMITH"},{"data":"Buffer","floor":8.0,"key":"SMITH"},{"data":"Go for the Eyes","floor":13.0,"key":"SMITH"},{"floor":15.0,"key":"REST"},{"floor":23.0,"key":"REST"},{"floor":32.0,"key":"REST"},{"data":"Fission","floor":40.0,"key":"SMITH"},{"floor":49,"key":"REST"}],"neow_cost":"PERCENT_DAMAGE","seed_source_timestamp":703386382681328,"circlet_count":0,"master_deck":["AscendersBane","Defend_B","Defend_B","Zap+1","Dualcast+1","Cold Snap","Cold Snap","Buffer+1","Chill","Go for the Eyes+1","Conserve Battery","Electrodynamics","Buffer","Consume","Leap","Compile Driver+1","Hologram+1","Coolheaded","Rebound","Seek","Barrage+1","Fission+1","Double Energy","BootSequence","Tempest","Glacier+1","Parasite","Loop","Coolheaded+1","Reinforced Body+1"],"special_seed":0,"relics":["Cracked Core","Lantern","Shuriken","Bag of Preparation","Dream Catcher","Inserter","Matryoshka","Orichalcum","Question Card","Tiny House","Lee\u0027s Waffle","Gambling Chip","Letter Opener","Anchor","Mango","War Paint"],"potions_floor_usage":[50,50],"damage_taken":[{"damage":7.0,"enemies":"Jaw Worm","floor":1.0,"turns":3.0},{"damage":0.0,"enemies":"Cultist","floor":3.0,"turns":3.0},{"damage":8.0,"enemies":"3 Sentries","floor":7.0,"turns":10.0},{"damage":11.0,"enemies":"Gremlin Nob","floor":10.0,"turns":5.0},{"damage":0.0,"enemies":"2 Louse","floor":11.0,"turns":2.0},{"damage":0.0,"enemies":"3 Sentries","floor":14.0,"turns":6.0},{"damage":35.0,"enemies":"Hexaghost","floor":16.0,"turns":12.0},{"damage":6.0,"enemies":"Spheric Guardian","floor":18.0,"turns":6.0},{"damage":0.0,"enemies":"Chosen","floor":19.0,"turns":7.0},{"damage":29.0,"enemies":"Snake Plant","floor":22.0,"turns":7.0},{"damage":1.0,"enemies":"Chosen and Byrds","floor":24.0,"turns":7.0},{"damage":0.0,"enemies":"3 Cultists","floor":27.0,"turns":5.0},{"damage":0.0,"enemies":"Book of Stabbing","floor":29.0,"turns":10.0},{"damage":4.0,"enemies":"Snake Plant","floor":30.0,"turns":5.0},{"damage":13.0,"enemies":"Gremlin Leader","floor":31.0,"turns":9.0},{"damage":1.0,"enemies":"Collector","floor":33.0,"turns":12.0},{"damage":14.0,"enemies":"3 Darklings","floor":35.0,"turns":7.0},{"damage":0.0,"enemies":"Mind Bloom Boss Battle","floor":37.0,"turns":7.0},{"damage":0.0,"enemies":"3 Shapes","floor":38.0,"turns":6.0},{"damage":0.0,"enemies":"Writhing Mass","floor":39.0,"turns":12.0},{"damage":11.0,"enemies":"Maw","floor":41.0,"turns":9.0},{"damage":46.0,"enemies":"2 Orb Walkers","floor":44.0,"turns":4.0},{"damage":0,"enemies":"4 Shapes","floor":46,"turns":3},{"damage":7,"enemies":"Giant Head","floor":47,"turns":14},{"damage":0,"enemies":"Spire Growth","floor":48,"turns":6},{"damage":69,"enemies":"Time Eater","floor":50,"turns":15}],"seed_played":"5319669250692671333","potions_obtained":[{"floor":2.0,"key":"EntropicBrew"},{"floor":2.0,"key":"FearPotion"},{"floor":3.0,"key":"SteroidPotion"},{"floor":7.0,"key":"Ancient Potion"},{"floor":16.0,"key":"Ancient Potion"},{"floor":18.0,"key":"Weak Potion"},{"floor":22.0,"key":"Block Potion"},{"floor":34.0,"key":"EntropicBrew"},{"floor":47,"key":"Swift Potion"}],"is_trial":false,"path_per_floor":["M","?","M","?","$","R","E","R","T","E","M","$","R","E","R","B",null,"M","M","?","?","M","R","M","$","T","M","?","E","M","E","R","B",null,"M","$","?","M","M","R","M","$","T","?","?","M","E","M","R","B",null],"character_chosen":"DEFECT","items_purchased":["Blizzard","Coolheaded","Tempest","Lee\u0027s Waffle"],"campfire_rested":4,"item_purchase_floors":[12,25,36,36],"current_hp_per_floor":[57,57,57,57,57,57,49,49,49,38,38,38,38,38,64,29,74,68,68,68,68,39,65,64,64,64,64,64,64,60,47,73,72,90,76,101,101,101,101,101,90,90,90,58,58,58,51,51,85,16],"gold":241,"neow_bonus":"TWENTY_PERCENT_HP_BONUS","is_prod":false,"is_daily":false,"chose_seed":false,"campfire_upgraded":4,"win_rate":0,"timestamp":1548561898,"path_taken":["M","?","?","?","?","R","E","R","T","E","M","$","R","E","R","BOSS","M","M","?","?","?","R","M","$","T","M","?","E","?","E","R","BOSS","M","$","?","M","M","R","M","$","T","?","?","M","E","?","R","BOSS"],"build_version":"2019-01-23","purchased_purges":5,"victory":true,"max_hp_per_floor":[89,89,89,89,89,89,89,89,89,89,89,89,89,89,89,89,89,89,89,89,89,89,89,89,89,89,89,89,89,89,89,89,89,94,94,101,101,101,101,101,101,101,101,115,115,115,115,115,115,115],"card_choices":[{"not_picked":["Sweeping Beam","Heatsinks"],"picked":"Cold Snap","floor":1.0},{"not_picked":["Stack","Barrage"],"picked":"Cold Snap","floor":3.0},{"not_picked":["Redo","Streamline"],"picked":"Buffer","floor":7.0},{"not_picked":["Go for the Eyes","Conserve Battery"],"picked":"Chill","floor":10.0},{"not_picked":["Streamline","Cold Snap"],"picked":"Go for the Eyes","floor":11.0},{"not_picked":["Aggregate","Turbo"],"picked":"Conserve Battery","floor":14.0},{"not_picked":["Gash","Aggregate"],"picked":"Electrodynamics","floor":15.0},{"not_picked":["Hyperbeam","Thunder Strike"],"picked":"Buffer","floor":16.0},{"not_picked":["Redo","White Noise"],"picked":"Consume","floor":18.0},{"not_picked":["Beam Cell","Reprogram"],"picked":"Leap","floor":19.0},{"not_picked":["Undo","Static Discharge","Steam"],"picked":"SKIP","floor":22.0},{"not_picked":["Streamline","Hello World"],"picked":"Hologram","floor":23.0},{"not_picked":["Scrape","Compile Driver","Turbo"],"picked":"SKIP","floor":24.0},{"not_picked":["Streamline","Hello World"],"picked":"Rebound","floor":27.0},{"not_picked":["Hyperbeam","Rebound"],"picked":"Seek","floor":29.0},{"not_picked":["Force Field+1","Heatsinks","Go for the Eyes"],"picked":"SKIP","floor":30.0},{"not_picked":["Undo","Cold Snap"],"picked":"Barrage+1","floor":31.0},{"not_picked":["Rainbow","Core Surge","All For One"],"picked":"Fission","floor":33.0},{"not_picked":["Static Discharge","White Noise","Compile Driver"],"picked":"Double Energy","floor":34.0},{"not_picked":["Sunder+1","Redo+1","Go for the Eyes+1"],"picked":"BootSequence","floor":35.0},{"not_picked":["Barrage+1","Steam","Streamline"],"picked":"Glacier+1","floor":37.0},{"not_picked":["Beam Cell","Ball Lightning","Gash","Steam"],"picked":"SKIP","floor":38.0},{"not_picked":["Rebound","Coolheaded","Fission","Stack+1"],"picked":"SKIP","floor":39.0},{"not_picked":["Gash+1","Hologram","Force Field"],"picked":"Loop","floor":41.0},{"not_picked":["Recycle","Stack","Undo","Melter"],"picked":"SKIP","floor":46},{"not_picked":["Hologram","Stack+1","Conserve Battery"],"picked":"Coolheaded+1","floor":47},{"not_picked":["Rip and Tear","Auto Shields+1","Coolheaded"],"picked":"Reinforced Body+1","floor":48}],"player_experience":477395,"relics_obtained":[{"floor":7.0,"key":"Lantern"},{"floor":9.0,"key":"Shuriken"},{"floor":10.0,"key":"Bag of Preparation"},{"floor":14.0,"key":"Dream Catcher"},{"floor":26.0,"key":"Matryoshka"},{"floor":29.0,"key":"Orichalcum"},{"floor":31.0,"key":"Question Card"},{"floor":37.0,"key":"Gambling Chip"},{"floor":43.0,"key":"Letter Opener"},{"floor":43.0,"key":"Anchor"},{"floor":44.0,"key":"Mango"},{"floor":47,"key":"War Paint"}],"event_choices":[{"damage_healed":0.0,"max_hp_gain":0.0,"max_hp_loss":0.0,"gold_gain":0.0,"event_name":"The Woman in Blue","player_choice":"Bought 3 Potions","floor":2.0,"gold_loss":0.0,"damage_taken":0.0},{"cards_removed":["Strike_B"],"damage_healed":0.0,"max_hp_gain":0.0,"max_hp_loss":0.0,"gold_gain":0.0,"event_name":"Bonfire Elementals","player_choice":"Offered Basic","floor":4.0,"gold_loss":0.0,"damage_taken":0.0},{"damage_healed":0.0,"max_hp_gain":0.0,"max_hp_loss":0.0,"gold_gain":99.0,"event_name":"Nest","player_choice":"Stole From Cult","floor":20.0,"gold_loss":0.0,"damage_taken":0.0},{"damage_healed":0.0,"max_hp_gain":0.0,"max_hp_loss":0.0,"gold_gain":0.0,"cards_transformed":["Strike_B"],"event_name":"Transmorgrifier","player_choice":"Transformed","floor":21.0,"gold_loss":0.0,"damage_taken":0.0,"cards_obtained":["Compile Driver"]},{"damage_healed":0.0,"max_hp_gain":0.0,"max_hp_loss":0.0,"gold_gain":100.0,"event_name":"Golden Shrine","player_choice":"Pray","floor":28.0,"gold_loss":0.0,"damage_taken":0.0},{"damage_healed":0.0,"max_hp_gain":0.0,"max_hp_loss":0.0,"gold_gain":0.0,"event_name":"MindBloom","player_choice":"Fight","floor":37.0,"gold_loss":0.0,"damage_taken":0.0},{"damage_healed":0.0,"max_hp_gain":0.0,"max_hp_loss":0.0,"gold_gain":0.0,"event_name":"Mysterious Sphere","player_choice":"Fight","floor":44.0,"gold_loss":0.0,"damage_taken":0.0},{"damage_healed":0,"gold_gain":0,"player_choice":"Leave","damage_taken":0,"max_hp_gain":0,"max_hp_loss":0,"event_name":"FaceTrader","floor":45,"gold_loss":0}],"is_beta":false,"boss_relics":[{"not_picked":["Nuclear Battery","Coffee Dripper"],"picked":"Inserter"},{"not_picked":["Calling Bell","FrozenCore"],"picked":"Tiny House"}],"items_purged_floors":[5,12,25,36,42],"is_endless":false,"potions_floor_spawned":[3,7,16,18,22,27,29,31,37,38,47,48],"ascension_level":12}