{"gold_per_floor":[111,122,133,133,150,150,150,150,150,194,219,239,239,254,254,254],"floor_reached":16,"playtime":630,"items_purged":[],"score":198,"play_id":"e0286f9a-27c6-4c9d-9333-d347a42fe94a","local_time":"20190319222125","is_ascension_mode":true,"campfire_choices":[{"data":"Whirlwind","floor":6,"key":"SMITH"},{"data":"Second Wind","floor":8,"key":"SMITH"},{"floor":13,"key":"REST"},{"data":"True Grit","floor":15,"key":"SMITH"}],"neow_cost":"NONE","seed_source_timestamp":433712439204998,"circlet_count":0,"master_deck":["AscendersBane","Strike_R","Strike_R","Strike_R","Strike_R","Strike_R","Defend_R","Defend_R","Defend_R","Defend_R","Bash","Sword Boomerang","Ghostly Armor","Whirlwind+1","Second Wind+1","Injury","Flame Barrier","True Grit+1"],"relics":["Burning Blood","NeowsBlessing","Golden Idol","Kunai","Blue Candle"],"potions_floor_usage":[5],"damage_taken":[{"damage":0,"enemies":"2 Louse","floor":1,"turns":1},{"damage":0,"enemies":"Small Slimes","floor":2,"turns":1},{"damage":0,"enemies":"Cultist","floor":3,"turns":1},{"damage":12,"enemies":"Large Slime","floor":5,"turns":7},{"damage":71,"enemies":"Lagavulin","floor":10,"turns":10},{"damage":2,"enemies":"Red Slaver","floor":11,"turns":4},{"damage":2,"enemies":"Looter","floor":12,"turns":4},{"damage":7,"enemies":"Exordium Wildlife","floor":14,"turns":5},{"damage":44,"enemies":"The Guardian","floor":16,"turns":4}],"seed_played":"-5322491315894352546","potions_obtained":[{"floor":2,"key":"Explosive Potion"},{"floor":12,"key":"Fire Potion"},{"floor":14,"key":"Poison Potion"}],"is_trial":false,"path_per_floor":["M","M","M","?","M","R","?","R","T","E","M","M","R","M","R","B"],"character_chosen":"IRONCLAD","items_purchased":[],"campfire_rested":1,"item_purchase_floors":[],"current_hp_per_floor":[74,75,75,80,74,74,74,74,74,9,13,17,41,40,40,0],"gold":254,"neow_bonus":"THREE_ENEMY_KILL","is_prod":false,"is_daily":false,"chose_seed":false,"campfire_upgraded":3,"win_rate":0,"timestamp":1553001685,"path_taken":["M","M","M","?","M","R","?","R","T","E","M","M","R","M","R","BOSS"],"build_version":"2019-01-23","purchased_purges":0,"victory":false,"max_hp_per_floor":[75,75,75,80,80,80,80,80,80,80,80,80,80,80,80,80],"card_choices":[{"not_picked":["Rage","Iron Wave"],"picked":"Sword Boomerang","floor":1},{"not_picked":["Sword Boomerang","Corruption"],"picked":"Ghostly Armor","floor":2},{"not_picked":["Carnage","Clothesline"],"picked":"Whirlwind","floor":3},{"not_picked":["Armaments","Wild Strike"],"picked":"Second Wind","floor":5},{"not_picked":["Disarm","Pommel Strike","Sword Boomerang"],"picked":"SKIP","floor":10},{"not_picked":["Whirlwind","Bloodletting"],"picked":"Flame Barrier","floor":11},{"not_picked":["Havoc","Uppercut","Second Wind"],"picked":"SKIP","floor":12},{"not_picked":["Ghostly Armor","Heavy Blade"],"picked":"True Grit","floor":14}],"player_experience":366404,"relics_obtained":[{"floor":9,"key":"Kunai"},{"floor":10,"key":"Blue Candle"}],"event_choices":[{"damage_healed":0,"gold_gain":0,"player_choice":"Donut","damage_taken":0,"max_hp_gain":5,"max_hp_loss":0,"event_name":"Big Fish","floor":4,"gold_loss":0},{"damage_healed":0,"gold_gain":0,"player_choice":"Take Wound","damage_taken":0,"relics_obtained":["Golden Idol"],"max_hp_gain":0,"max_hp_loss":0,"event_name":"Golden Idol","floor":7,"gold_loss":0,"cards_obtained":["Injury"]}],"is_beta":false,"boss_relics":[],"items_purged_floors":[],"is_endless":false,"potions_floor_spawned":[2,12,14],"killed_by":"The Guardian","ascension_level":18}