{"gold_per_floor":[113,131,131,96,121,165,165,203,251,264,289,289,309,323,323,449,449,474,492,492,407,407,407,440,465,465,109,109,133,133,171,171,299,362,378,378,234,247,197,197,237,258,258,258,281,324,343,363,363,363],"floor_reached":51,"playtime":745,"items_purged":[],"score":1134,"play_id":"e628e9cb-0e1c-419a-99b5-a59a487ccb6a","local_time":"20190210033203","is_ascension_mode":false,"campfire_choices":[{"floor":7,"key":"REST"},{"data":"Heatsinks","floor":12,"key":"SMITH"},{"data":"Electrodynamics","floor":15,"key":"SMITH"},{"data":"Defragment","floor":23,"key":"SMITH"},{"data":"Thunder Strike","floor":28,"key":"SMITH"},{"data":"Biased Cognition","floor":30,"key":"SMITH"},{"floor":32,"key":"REST"},{"data":"Heatsinks","floor":40,"key":"SMITH"},{"data":"Biased Cognition","floor":44,"key":"SMITH"},{"data":"Amplify","floor":49,"key":"SMITH"}],"neow_cost":"","seed_source_timestamp":0,"circlet_count":0,"master_deck":["Storm+1","Storm","Storm","Storm","Storm","Storm","Storm","Storm","Storm","Storm","Storm","Storm","Heatsinks+1","Electrodynamics+1","Defragment+1","Thunder Strike+1","Biased Cognition+1","Capacitor+1","Biased Cognition+1","Heatsinks+1","Heatsinks+1","Amplify+1"],"relics":["Cracked Core","Unceasing Top","Mummified Hand","Golden Idol","Kunai","Art of War","Dream Catcher","Runic Dome","Anchor","Incense Burner","Question Card","ClockworkSouvenir","Blood Vial","Turnip","Tiny House","Ancient Tea Set","Bronze Scales","Darkstone Periapt","Boot"],"potions_floor_usage":[50,50],"damage_taken":[{"damage":0,"enemies":"Jaw Worm","floor":1,"turns":1},{"damage":0,"enemies":"Small Slimes","floor":2,"turns":1},{"damage":0,"enemies":"2 Louse","floor":5,"turns":1},{"damage":0,"enemies":"3 Sentries","floor":6,"turns":1},{"damage":0,"enemies":"Gremlin Nob","floor":8,"turns":2},{"damage":0,"enemies":"Blue Slaver","floor":10,"turns":1},{"damage":0,"enemies":"Exordium Thugs","floor":11,"turns":1},{"damage":0,"enemies":"Looter","floor":13,"turns":1},{"damage":0,"enemies":"Large Slime","floor":14,"turns":1},{"damage":0,"enemies":"Hexaghost","floor":16,"turns":2},{"damage":0,"enemies":"Shell Parasite","floor":18,"turns":1},{"damage":0,"enemies":"3 Byrds","floor":19,"turns":1},{"damage":0,"enemies":"Slavers","floor":24,"turns":1},{"damage":0,"enemies":"Cultist and Chosen","floor":25,"turns":2},{"damage":0,"enemies":"Snake Plant","floor":29,"turns":1},{"damage":0,"enemies":"Book of Stabbing","floor":31,"turns":1},{"damage":0,"enemies":"Collector","floor":33,"turns":2},{"damage":0,"enemies":"Orb Walker","floor":35,"turns":1},{"damage":0,"enemies":"3 Darklings","floor":38,"turns":1},{"damage":0,"enemies":"Reptomancer","floor":41,"turns":2},{"damage":0,"enemies":"Transient","floor":42,"turns":2},{"damage":0,"enemies":"Writhing Mass","floor":45,"turns":1},{"damage":8,"enemies":"Nemesis","floor":46,"turns":2},{"damage":0,"enemies":"3 Darklings","floor":47,"turns":1},{"damage":0,"enemies":"Spire Growth","floor":48,"turns":1},{"damage":0,"enemies":"Awakened One","floor":50,"turns":2}],"seed_played":"1440108106489642111","potions_obtained":[{"floor":2,"key":"Explosive Potion"},{"floor":5,"key":"SteroidPotion"},{"floor":8,"key":"FocusPotion"},{"floor":24,"key":"Ancient Potion"}],"is_trial":true,"path_per_floor":["M","M","?","?","M","E","R","E","T","M","M","R","M","M","R","B",null,"M","M","?","?","?","R","E","M","T","$","R","M","R","E","R","B",null,"M","?","$","M","$","R","E","M","T","R","M","E","M","M","R","B",null],"character_chosen":"DEFECT","items_purchased":["ClockworkSouvenir","Blood Vial","Ancient Tea Set","PowerPotion"],"campfire_rested":2,"item_purchase_floors":[27,27,37,39],"current_hp_per_floor":[75,75,57,75,75,75,75,75,75,75,75,75,75,75,75,75,75,75,75,75,75,75,75,75,75,75,75,75,75,75,75,75,75,80,80,80,80,80,80,80,80,80,80,80,80,72,74,76,76,78],"gold":363,"neow_bonus":"","is_prod":false,"is_daily":false,"chose_seed":false,"campfire_upgraded":8,"win_rate":0,"timestamp":1549737123,"path_taken":["M","M","?","?","M","E","R","E","T","M","M","R","M","M","R","BOSS","M","M","?","?","?","R","E","M","T","$","R","M","R","E","R","BOSS","M","?","?","M","$","R","E","M","T","R","M","E","M","?","R","BOSS"],"build_version":"2019-01-23","purchased_purges":0,"victory":true,"max_hp_per_floor":[75,75,75,75,75,75,75,75,75,75,75,75,75,75,75,75,75,75,75,75,75,75,75,75,75,75,75,75,75,75,75,75,75,80,80,80,80,80,80,80,80,80,80,80,80,80,80,80,80,80],"card_choices":[{"not_picked":["Coolheaded","Barrage","Go for the Eyes"],"picked":"SKIP","floor":1},{"not_picked":["Go for the Eyes","Gash","Sweeping Beam"],"picked":"SKIP","floor":2},{"not_picked":["Undo","Fusion","Conserve Battery"],"picked":"SKIP","floor":5},{"not_picked":["Chill","Turbo","Hologram"],"picked":"SKIP","floor":6},{"not_picked":["Recycle","Auto Shields"],"picked":"Heatsinks","floor":8},{"not_picked":["Streamline","Sweeping Beam","Hologram"],"picked":"SKIP","floor":10},{"not_picked":["Stack","Loop","Turbo"],"picked":"SKIP","floor":11},{"not_picked":["Turbo","Genetic Algorithm"],"picked":"Electrodynamics","floor":13},{"not_picked":["Scrape","Go for the Eyes"],"picked":"Defragment","floor":14},{"not_picked":["Fission","Hyperbeam"],"picked":"Thunder Strike","floor":16},{"not_picked":["Steam Power","Hello World","Conserve Battery"],"picked":"SKIP","floor":18},{"not_picked":["Sweeping Beam","Reinforced Body+1","Steam Power"],"picked":"SKIP","floor":19},{"not_picked":["Scrape","Go for the Eyes","Redo"],"picked":"SKIP","floor":24},{"not_picked":["Steam","Doom and Gloom","Recycle"],"picked":"SKIP","floor":25},{"not_picked":["Beam Cell","Sweeping Beam+1","Stack"],"picked":"Biased Cognition","floor":29},{"not_picked":["Darkness+1","Reprogram+1","Skim"],"picked":"Capacitor+1","floor":31},{"not_picked":["All For One","Seek","Hyperbeam"],"picked":"Biased Cognition","floor":33},{"not_picked":["Hologram+1","Force Field","Streamline","Chill"],"picked":"SKIP","floor":35},{"not_picked":["Streamline+1","Steam","Stack"],"picked":"Heatsinks","floor":38},{"not_picked":["Redo","Leap","Steam","Force Field"],"picked":"SKIP","floor":41},{"not_picked":["Turbo","Fission","Stack+1"],"picked":"Heatsinks+1","floor":42},{"not_picked":["Fusion","Cold Snap","Reinforced Body","Conserve Battery"],"picked":"SKIP","floor":45},{"not_picked":["Go for the Eyes+1","Steam Power+1","Leap","Gash"],"picked":"SKIP","floor":46},{"not_picked":["Beam Cell+1","Rip and Tear+1","Barrage+1"],"picked":"Amplify","floor":47},{"not_picked":["Ball Lightning+1","Genetic Algorithm","Auto Shields+1","Glacier"],"picked":"SKIP","floor":48}],"player_experience":4248659,"relics_obtained":[{"floor":6,"key":"Kunai"},{"floor":8,"key":"Art of War"},{"floor":9,"key":"Dream Catcher"},{"floor":24,"key":"Incense Burner"},{"floor":26,"key":"Question Card"},{"floor":31,"key":"Turnip"},{"floor":41,"key":"Bronze Scales"},{"floor":43,"key":"Darkstone Periapt"},{"floor":46,"key":"Boot"}],"event_choices":[{"damage_healed":0,"gold_gain":0,"player_choice":"Take Damage","damage_taken":18,"relics_obtained":["Golden Idol"],"max_hp_gain":0,"max_hp_loss":0,"event_name":"Golden Idol","floor":3,"gold_loss":0},{"damage_healed":18,"gold_gain":0,"player_choice":"Healed","damage_taken":0,"max_hp_gain":0,"max_hp_loss":0,"event_name":"The Cleric","floor":4,"gold_loss":35},{"damage_healed":0,"gold_gain":0,"player_choice":"Ignored","damage_taken":0,"max_hp_gain":0,"max_hp_loss":0,"event_name":"Vampires","floor":20,"gold_loss":0},{"damage_healed":0,"gold_gain":0,"player_choice":"Obtained Relic","damage_taken":0,"relics_obtained":["Anchor"],"max_hp_gain":0,"max_hp_loss":0,"event_name":"Addict","floor":21,"gold_loss":85},{"damage_healed":0,"gold_gain":0,"player_choice":"Ignored","damage_taken":0,"max_hp_gain":0,"max_hp_loss":0,"event_name":"Ghosts","floor":22,"gold_loss":0},{"damage_healed":0,"gold_gain":0,"player_choice":"Full Heal","damage_taken":0,"max_hp_gain":0,"max_hp_loss":0,"event_name":"Wheel of Change","floor":36,"gold_loss":0}],"is_beta":false,"boss_relics":[{"not_picked":["FrozenCore","Empty Cage"],"picked":"Runic Dome"},{"not_picked":["Pandora\u0027s Box","Philosopher\u0027s Stone"],"picked":"Tiny House"}],"items_purged_floors":[],"is_endless":false,"potions_floor_spawned":[2,5,8,13,16,19,24,31,35,45,46,48],"ascension_level":0}