{"gold_per_floor":[118,268,17,34,49,49,83,83,83,113,113,113,137,150,150,150],"floor_reached":16,"playtime":404,"items_purged":["Doubt"],"score":220,"play_id":"07986ad9-569b-42d1-8783-d86f7d2649c9","local_time":"20190119235925","is_ascension_mode":true,"campfire_choices":[{"data":"Blood for Blood","floor":6.0,"key":"SMITH"},{"data":"Blood for Blood","floor":8.0,"key":"SMITH"},{"data":"Rage","floor":15,"key":"SMITH"}],"neow_cost":"PERCENT_DAMAGE","seed_source_timestamp":25076469611124,"circlet_count":0,"master_deck":["AscendersBane","Strike_R","Strike_R","Strike_R","Strike_R","Defend_R","Defend_R","Defend_R","Defend_R","Bash","Thunderclap","Flame Barrier","Blood for Blood+1","Shrug It Off","Blood for Blood+1","Evolve","Rage+1"],"special_seed":0,"relics":["Burning Blood","Ginger","Gremlin Horn","Ornamental Fan","Frozen Egg 2","Golden Idol"],"potions_floor_usage":[16],"damage_taken":[{"damage":4.0,"enemies":"Jaw Worm","floor":1.0,"turns":5.0},{"damage":12.0,"enemies":"2 Louse","floor":4.0,"turns":3.0},{"damage":1.0,"enemies":"Small Slimes","floor":5.0,"turns":4.0},{"damage":28.0,"enemies":"Gremlin Nob","floor":7.0,"turns":4.0},{"damage":12.0,"enemies":"3 Sentries","floor":10.0,"turns":7.0},{"damage":10.0,"enemies":"Looter","floor":13.0,"turns":4.0},{"damage":5,"enemies":"Gremlin Gang","floor":14,"turns":4},{"damage":18,"enemies":"Hexaghost","floor":16,"turns":9}],"seed_played":"-4500447746506969372","potions_obtained":[{"floor":5.0,"key":"Energy Potion"},{"floor":13.0,"key":"GamblersBrew"}],"is_trial":false,"path_per_floor":["M","?","$","M","M","R","E","R","T","E","?","?","M","M","R","B"],"character_chosen":"IRONCLAD","items_purchased":["Flame Barrier","Blood for Blood","Shrug It Off"],"campfire_rested":0,"item_purchase_floors":[3,3,3],"current_hp_per_floor":[52,52,52,46,51,51,29,29,29,23,16,16,12,13,13,0],"gold":150,"neow_bonus":"ONE_RARE_RELIC","is_prod":false,"is_daily":false,"chose_seed":false,"campfire_upgraded":3,"win_rate":0,"timestamp":1547909965,"path_taken":["M","?","$","M","M","R","E","R","T","E","?","?","M","?","R","BOSS"],"build_version":"2019-01-17v2","purchased_purges":1,"victory":false,"max_hp_per_floor":[75,75,75,75,75,75,75,75,75,75,75,68,68,68,68,68],"card_choices":[{"not_picked":["Clash","Body Slam"],"picked":"Thunderclap","floor":1.0},{"not_picked":["Fire Breathing","Thunderclap","True Grit"],"picked":"SKIP","floor":4.0},{"not_picked":["Warcry","Fire Breathing"],"picked":"Blood for Blood","floor":5.0},{"not_picked":["Juggernaut","Sword Boomerang"],"picked":"Evolve","floor":7.0},{"not_picked":["Warcry","Thunderclap","Perfected Strike"],"picked":"SKIP","floor":10.0},{"not_picked":["Clash","Burning Pact"],"picked":"Rage","floor":13.0},{"not_picked":["Anger","Inflame+1","Shrug It Off"],"picked":"SKIP","floor":14}],"player_experience":4157429,"relics_obtained":[{"floor":7.0,"key":"Gremlin Horn"},{"floor":9.0,"key":"Ornamental Fan"},{"floor":10.0,"key":"Frozen Egg 2"}],"event_choices":[{"damage_healed":0.0,"max_hp_gain":0.0,"max_hp_loss":0.0,"gold_gain":150.0,"event_name":"Liars Game","player_choice":"AGREE","floor":2.0,"gold_loss":0.0,"damage_taken":0.0,"cards_obtained":["Doubt"]},{"cards_removed":["Strike_R"],"damage_healed":0.0,"max_hp_gain":0.0,"max_hp_loss":0.0,"gold_gain":0.0,"event_name":"Golden Wing","player_choice":"Card Removal","floor":11.0,"gold_loss":0.0,"damage_taken":7.0},{"damage_healed":0.0,"max_hp_gain":0.0,"max_hp_loss":7.0,"gold_gain":0.0,"event_name":"Golden Idol","player_choice":"Lose Max HP","floor":12.0,"gold_loss":0.0,"damage_taken":0.0,"relics_obtained":["Golden Idol"]}],"is_beta":false,"boss_relics":[],"items_purged_floors":[3],"is_endless":false,"potions_floor_spawned":[5,13],"killed_by":"Hexaghost","ascension_level":20}