{"gold_per_floor":[112,128,141,157,176,176,194,194,194,206,206,234,250,283,283,355,355,366,366,366,378,378,398,398,398,398,427,76,92,102,102,102,102],"floor_reached":33,"playtime":1442,"items_purged":["Decay"],"score":562,"play_id":"83f14f3c-91cc-40ac-95e5-11f027d7493f","local_time":"20190108233658","is_ascension_mode":true,"campfire_choices":[{"floor":6,"key":"REST"},{"floor":11,"key":"REST"},{"data":"Buffer","floor":15,"key":"SMITH"},{"floor":24,"key":"REST"},{"floor":32,"key":"REST"}],"neow_cost":"NONE","seed_source_timestamp":595021365257094,"circlet_count":0,"master_deck":["AscendersBane","Strike_B","Defend_B","Defend_B","Defend_B","Defend_B","Zap","Dualcast","Sweeping Beam","Reinforced Body","Conserve Battery","Compile Driver","FTL","Buffer+1","Streamline","Electrodynamics","Aggregate","Cold Snap","Creative AI","Hologram","Go for the Eyes","Genetic Algorithm","Steam+1","Conserve Battery","Coolheaded+1","Turbo+1","Undo+1"],"relics":["Cracked Core","Anchor","Ancient Tea Set","Sozu","Darkstone Periapt","Pear","Toxic Egg 2","Bottled Tornado"],"potions_floor_usage":[12,12,16,33],"damage_taken":[{"damage":2,"enemies":"Jaw Worm","floor":1,"turns":4},{"damage":0,"enemies":"2 Louse","floor":2,"turns":2},{"damage":0,"enemies":"Small Slimes","floor":3,"turns":4},{"damage":39,"enemies":"Exordium Thugs","floor":4,"turns":6},{"damage":2,"enemies":"Looter","floor":5,"turns":4},{"damage":6,"enemies":"Blue Slaver","floor":7,"turns":4},{"damage":1,"enemies":"2 Fungi Beasts","floor":10,"turns":3},{"damage":8,"enemies":"Gremlin Nob","floor":12,"turns":4},{"damage":0,"enemies":"Large Slime","floor":13,"turns":5},{"damage":15,"enemies":"3 Sentries","floor":14,"turns":7},{"damage":14,"enemies":"The Guardian","floor":16,"turns":15},{"damage":13,"enemies":"3 Byrds","floor":18,"turns":4},{"damage":40,"enemies":"2 Thieves","floor":21,"turns":4},{"damage":18,"enemies":"Snake Plant","floor":23,"turns":5},{"damage":16,"enemies":"Gremlin Leader","floor":27,"turns":6},{"damage":7,"enemies":"3 Cultists","floor":29,"turns":4},{"damage":0,"enemies":"Snecko","floor":30,"turns":5},{"damage":8,"enemies":"Colosseum Slavers","floor":31,"turns":3},{"damage":70,"enemies":"Collector","floor":33,"turns":11}],"seed_played":"-7306117463662028851","potions_obtained":[{"floor":5,"key":"Block Potion"},{"floor":7,"key":"Block Potion"},{"floor":12,"key":"FairyPotion"},{"floor":14,"key":"GamblersBrew"},{"floor":16,"key":"SpeedPotion"}],"is_trial":false,"path_per_floor":["M","M","M","M","M","R","M","?","T","M","R","E","M","E","R","B",null,"M","?","?","M","T","M","R","?","T","E","$","M","M","?","R","B"],"character_chosen":"DEFECT","items_purchased":["Bottled Tornado"],"campfire_rested":4,"item_purchase_floors":[28],"current_hp_per_floor":[62,62,62,23,21,42,36,36,36,35,56,48,48,33,33,19,58,45,59,59,19,19,1,22,28,38,22,22,15,15,7,33,0],"gold":102,"neow_bonus":"REMOVE_CARD","is_prod":false,"is_daily":false,"chose_seed":false,"campfire_upgraded":1,"win_rate":0,"timestamp":1546958218,"path_taken":["M","M","M","M","M","R","M","?","T","M","R","E","M","E","R","BOSS","M","?","?","M","?","?","R","?","T","E","$","M","?","?","R","BOSS"],"build_version":"2019-01-03v4","purchased_purges":1,"victory":false,"max_hp_per_floor":[71,71,71,71,71,71,71,71,71,71,71,71,71,71,71,71,71,71,71,71,71,71,71,71,77,87,87,87,87,87,87,87,87],"card_choices":[{"not_picked":["Leap","Barrage"],"picked":"Sweeping Beam","floor":1},{"not_picked":["Steam","Turbo"],"picked":"Reinforced Body","floor":2},{"not_picked":["Leap","Reprogram"],"picked":"Conserve Battery","floor":3},{"not_picked":["Undo","Capacitor"],"picked":"Compile Driver","floor":4},{"not_picked":["Self Repair","Lockon"],"picked":"FTL","floor":5},{"not_picked":["Sweeping Beam","Stack"],"picked":"Buffer","floor":7},{"not_picked":["Rebound","Blizzard"],"picked":"Streamline","floor":10},{"not_picked":["Redo","Hologram"],"picked":"Electrodynamics","floor":12},{"not_picked":["Barrage","Tempest"],"picked":"Aggregate","floor":13},{"not_picked":["Sunder","Redo"],"picked":"Cold Snap","floor":14},{"not_picked":["Core Surge","Seek"],"picked":"Creative AI","floor":16},{"not_picked":["Beam Cell","Redo"],"picked":"Hologram","floor":18},{"not_picked":["Streamline","Capacitor"],"picked":"Steam+1","floor":21},{"not_picked":["Barrage","Sunder"],"picked":"Conserve Battery","floor":23},{"not_picked":["Streamline+1","Gash"],"picked":"Coolheaded","floor":27},{"not_picked":["Ball Lightning","Skim+1"],"picked":"Turbo+1","floor":29},{"not_picked":["Capacitor","Sunder"],"picked":"Undo+1","floor":30}],"player_experience":4015298,"relics_obtained":[{"floor":12,"key":"Anchor"},{"floor":14,"key":"Ancient Tea Set"},{"floor":22,"key":"Darkstone Periapt"},{"floor":26,"key":"Pear"},{"floor":27,"key":"Toxic Egg 2"}],"event_choices":[{"damage_healed":0,"gold_gain":0,"player_choice":"Ignored","damage_taken":0,"max_hp_gain":0,"max_hp_loss":0,"event_name":"Golden Idol","floor":8,"gold_loss":0},{"damage_healed":14,"gold_gain":0,"player_choice":"Heal","damage_taken":0,"max_hp_gain":0,"max_hp_loss":0,"event_name":"The Library","floor":19,"gold_loss":0},{"damage_healed":0,"gold_gain":0,"cards_transformed":["Strike_B","Strike_B"],"player_choice":"Became Test Subject","damage_taken":0,"max_hp_gain":0,"max_hp_loss":0,"event_name":"Drug Dealer","floor":20,"gold_loss":0,"cards_obtained":["Go for the Eyes","Genetic Algorithm"]},{"damage_healed":0,"gold_gain":0,"player_choice":"Cursed","damage_taken":0,"max_hp_gain":0,"max_hp_loss":0,"event_name":"Wheel of Change","floor":25,"gold_loss":0,"cards_obtained":["Decay"]},{"damage_healed":0,"gold_gain":0,"player_choice":"Fight","damage_taken":0,"max_hp_gain":0,"max_hp_loss":0,"event_name":"Colosseum","floor":31,"gold_loss":0},{"damage_healed":0,"gold_gain":0,"player_choice":"Fled From Nobs","damage_taken":0,"max_hp_gain":0,"max_hp_loss":0,"event_name":"Colosseum","floor":31,"gold_loss":0}],"is_beta":false,"boss_relics":[{"not_picked":["Philosopher\u0027s Stone","Cursed Key"],"picked":"Sozu"}],"items_purged_floors":[28],"is_endless":false,"potions_floor_spawned":[5,7,12,14,16,21,29],"killed_by":"Collector","ascension_level":20}