{"gold_per_floor":[12,12,25,40,118,118,138,138,161,173,273,273,284,300,300,371,371,381,401,401,34,34,34,34,34,61,76,76,90,120,45,45,45],"floor_reached":33,"playtime":1138,"items_purged":["Strike_R"],"score":536,"play_id":"b27d2024-b061-4e02-b0ab-d105880332ba","local_time":"20190320104617","is_ascension_mode":true,"campfire_choices":[{"data":"Deep Breath","floor":6.0,"key":"SMITH"},{"data":"Heavy Blade","floor":8.0,"key":"SMITH"},{"data":"Spot Weakness","floor":12.0,"key":"SMITH"},{"data":"Dual Wield","floor":15.0,"key":"SMITH"},{"floor":23.0,"key":"REST"},{"data":"Limit Break","floor":25.0,"key":"SMITH"},{"data":"Whirlwind","floor":28.0,"key":"SMITH"},{"floor":32.0,"key":"REST"}],"neow_cost":"NO_GOLD","seed_source_timestamp":2094838262543,"circlet_count":0,"master_deck":["AscendersBane","Strike_R","Strike_R","Strike_R","Strike_R","Defend_R","Defend_R","Defend_R","Defend_R","Bash","Forethought","Deep Breath+1","Dual Wield+1","Spot Weakness+1","Flame Barrier","Heavy Blade+1","Pummel","Headbutt","Limit Break+1","Disarm","Whirlwind+1","Feel No Pain"],"special_seed":0,"relics":["Burning Blood","Mercury Hourglass","Pen Nib","Busted Crown","Pocketwatch","Regal Pillow","PreservedInsect"],"potions_floor_usage":[],"damage_taken":[{"damage":7.0,"enemies":"Small Slimes","floor":1.0,"turns":4.0},{"damage":9.0,"enemies":"Jaw Worm","floor":3.0,"turns":5.0},{"damage":2.0,"enemies":"2 Louse","floor":4.0,"turns":3.0},{"damage":16.0,"enemies":"Lots of Slimes","floor":7.0,"turns":4.0},{"damage":7.0,"enemies":"Looter","floor":10.0,"turns":3.0},{"damage":15.0,"enemies":"Large Slime","floor":13.0,"turns":3.0},{"damage":8.0,"enemies":"Blue Slaver","floor":14.0,"turns":3.0},{"damage":45.0,"enemies":"The Guardian","floor":16.0,"turns":9.0},{"damage":27.0,"enemies":"Shell Parasite","floor":18.0,"turns":3.0},{"damage":31.0,"enemies":"Spheric Guardian","floor":19.0,"turns":5.0},{"damage":19.0,"enemies":"Centurion and Healer","floor":27.0,"turns":4.0},{"damage":0.0,"enemies":"3 Cultists","floor":29.0,"turns":2.0},{"damage":44.0,"enemies":"Book of Stabbing","floor":30.0,"turns":5.0},{"damage":101,"enemies":"Automaton","floor":33,"turns":6}],"seed_played":"6263832728570833214","potions_obtained":[{"floor":1.0,"key":"Block Potion"},{"floor":7.0,"key":"Fire Potion"},{"floor":10.0,"key":"BloodPotion"},{"floor":16.0,"key":"Ancient Potion"},{"floor":18.0,"key":"LiquidBronze"}],"is_trial":false,"path_per_floor":["M","?","M","M","T","R","M","R","T","M","?","R","M","M","R","B",null,"M","M","?","$","?","R","?","R","T","M","R","M","E","$","R","B"],"character_chosen":"IRONCLAD","items_purchased":["Pocketwatch","Whirlwind"],"campfire_rested":2,"item_purchase_floors":[21,21],"current_hp_per_floor":[67,72,69,73,73,73,63,63,63,62,62,62,61,59,59,20,65,44,19,19,19,35,59,59,59,59,46,46,52,14,14,53,0],"gold":45,"neow_bonus":"RANDOM_COLORLESS_2","is_prod":false,"is_daily":false,"chose_seed":false,"campfire_upgraded":6,"win_rate":0,"timestamp":1553046377,"path_taken":["M","?","M","M","?","R","M","R","T","M","?","R","?","M","R","BOSS","M","M","?","$","?","R","?","R","T","?","R","?","E","$","R","BOSS"],"build_version":"2019-01-23","purchased_purges":1,"victory":false,"max_hp_per_floor":[75,80,80,80,80,80,80,80,80,80,80,80,80,80,80,80,80,80,80,80,80,80,80,80,80,80,80,80,80,80,80,80,80],"card_choices":[{"not_picked":["Clash","Body Slam"],"picked":"Dual Wield","floor":1.0},{"not_picked":["Searing Blow","Flex"],"picked":"Spot Weakness","floor":3.0},{"not_picked":["Havoc","Wild Strike"],"picked":"Flame Barrier","floor":4.0},{"not_picked":["Infernal Blade","Clothesline"],"picked":"Heavy Blade","floor":7.0},{"not_picked":["Cleave","Warcry"],"picked":"Pummel","floor":10.0},{"not_picked":["Fiend Fire","Heavy Blade"],"picked":"Headbutt","floor":13.0},{"not_picked":["Havoc","Clash","Spot Weakness"],"picked":"SKIP","floor":14.0},{"not_picked":["Feed","Barricade"],"picked":"Limit Break","floor":16.0},{"not_picked":[],"picked":"Disarm","floor":18.0},{"not_picked":["Rupture"],"picked":"SKIP","floor":19.0},{"not_picked":[],"picked":"Feel No Pain","floor":27.0},{"not_picked":["Wild Strike"],"picked":"SKIP","floor":29.0},{"not_picked":["Clothesline"],"picked":"SKIP","floor":30.0}],"player_experience":368505,"relics_obtained":[{"floor":5.0,"key":"Mercury Hourglass"},{"floor":9.0,"key":"Pen Nib"},{"floor":26.0,"key":"Regal Pillow"},{"floor":30.0,"key":"PreservedInsect"}],"event_choices":[{"damage_healed":0.0,"max_hp_gain":5.0,"max_hp_loss":0.0,"gold_gain":0.0,"event_name":"Big Fish","player_choice":"Donut","floor":2.0,"gold_loss":0.0,"damage_taken":0.0},{"damage_healed":0.0,"max_hp_gain":0.0,"max_hp_loss":0.0,"gold_gain":100.0,"event_name":"Wheel of Change","player_choice":"Gold","floor":11.0,"gold_loss":0.0,"damage_taken":0.0},{"damage_healed":0.0,"max_hp_gain":0.0,"max_hp_loss":0.0,"gold_gain":0.0,"event_name":"Ghosts","player_choice":"Ignored","floor":20.0,"gold_loss":0.0,"damage_taken":0.0},{"damage_healed":16.0,"max_hp_gain":0.0,"max_hp_loss":0.0,"gold_gain":0.0,"event_name":"The Library","player_choice":"Heal","floor":22.0,"gold_loss":0.0,"damage_taken":0.0},{"damage_healed":0.0,"max_hp_gain":0.0,"max_hp_loss":0.0,"gold_gain":0.0,"event_name":"Beggar","player_choice":"Ignored","floor":24.0,"gold_loss":0.0,"damage_taken":0.0}],"is_beta":false,"boss_relics":[{"not_picked":["White Beast Statue","Runic Pyramid"],"picked":"Busted Crown"}],"items_purged_floors":[31],"is_endless":false,"potions_floor_spawned":[1,7,10,16,18,19,29],"killed_by":"Automaton","ascension_level":18}