{"gold_per_floor":[114,114,114,130,145,168,168,207,233,249,249,249,273,298,298,298],"floor_reached":16,"playtime":914,"items_purged":[],"score":192,"play_id":"9964b310-fd64-4028-9cd9-1f4883df10ef","local_time":"20190311225140","is_ascension_mode":true,"campfire_choices":[{"floor":7.0,"key":"REST"},{"floor":12.0,"key":"REST"},{"floor":15,"key":"REST"}],"neow_cost":"TEN_PERCENT_HP_LOSS","seed_source_timestamp":695930628983424,"circlet_count":0,"master_deck":["AscendersBane","Strike_R","Strike_R+1","Strike_R","Strike_R","Strike_R+1","Defend_R","Defend_R","Defend_R","Defend_R","Bash","Deep Breath+1","Metamorphosis","Feel No Pain","Injury","Headbutt","Burning Pact","Rupture","Double Tap","Shockwave","Reaper"],"special_seed":0,"relics":["Burning Blood","Golden Idol","Blood Vial","Whetstone"],"potions_floor_usage":[16],"damage_taken":[{"damage":14.0,"enemies":"Jaw Worm","floor":1.0,"turns":3.0},{"damage":14.0,"enemies":"Small Slimes","floor":4.0,"turns":4.0},{"damage":1.0,"enemies":"Cultist","floor":5.0,"turns":3.0},{"damage":25.0,"enemies":"3 Louse","floor":6.0,"turns":5.0},{"damage":25.0,"enemies":"3 Sentries","floor":8.0,"turns":10.0},{"damage":30.0,"enemies":"Exordium Wildlife","floor":10.0,"turns":5.0},{"damage":16.0,"enemies":"2 Fungi Beasts","floor":13.0,"turns":5.0},{"damage":29,"enemies":"Gremlin Gang","floor":14,"turns":5},{"damage":33,"enemies":"The Guardian","floor":16,"turns":6}],"seed_played":"5124186095025399092","potions_obtained":[{"floor":1.0,"key":"Swift Potion"},{"floor":4.0,"key":"Strength Potion"},{"floor":14,"key":"Block Potion"}],"is_trial":false,"path_per_floor":["M","?","?","M","M","M","R","E","T","M","?","R","M","M","R","B"],"character_chosen":"IRONCLAD","items_purchased":[],"campfire_rested":3,"item_purchase_floors":[],"current_hp_per_floor":[60,60,60,52,57,38,58,39,39,17,17,37,29,8,28,0],"gold":298,"neow_bonus":"RANDOM_COLORLESS_2","is_prod":false,"is_daily":false,"chose_seed":false,"campfire_upgraded":0,"win_rate":0,"timestamp":1552312300,"path_taken":["M","?","?","M","M","M","R","E","T","?","?","R","M","M","R","BOSS"],"build_version":"2019-01-23","purchased_purges":0,"victory":false,"max_hp_per_floor":[68,68,68,68,68,68,68,68,68,68,68,68,68,68,68,68],"card_choices":[{"not_picked":["Clash","Perfected Strike"],"picked":"Feel No Pain","floor":1.0},{"not_picked":["Perfected Strike","True Grit"],"picked":"Headbutt","floor":4.0},{"not_picked":["Headbutt","Pommel Strike"],"picked":"Burning Pact","floor":5.0},{"not_picked":["Clothesline","Uppercut"],"picked":"Rupture","floor":6.0},{"not_picked":["Shrug It Off","Thunderclap"],"picked":"Double Tap","floor":8.0},{"not_picked":["Corruption","Headbutt"],"picked":"Shockwave","floor":10.0},{"not_picked":["Fire Breathing","Clash","Pommel Strike"],"picked":"SKIP","floor":13.0},{"not_picked":["Anger","Twin Strike"],"picked":"Reaper","floor":14}],"player_experience":290071,"relics_obtained":[{"floor":8.0,"key":"Blood Vial"},{"floor":9.0,"key":"Whetstone"}],"event_choices":[{"damage_healed":0.0,"max_hp_gain":0.0,"max_hp_loss":0.0,"gold_gain":0.0,"event_name":"Golden Idol","player_choice":"Take Wound","floor":2.0,"gold_loss":0.0,"damage_taken":0.0,"relics_obtained":["Golden Idol"],"cards_obtained":["Injury"]},{"damage_healed":0.0,"max_hp_gain":0.0,"max_hp_loss":0.0,"gold_gain":0.0,"event_name":"Upgrade Shrine","player_choice":"Upgraded","floor":3.0,"gold_loss":0.0,"damage_taken":0.0,"cards_upgraded":["Deep Breath"]},{"damage_healed":0.0,"max_hp_gain":0.0,"max_hp_loss":0.0,"gold_gain":0.0,"event_name":"Scrap Ooze","player_choice":"Fled","floor":11.0,"gold_loss":0.0,"damage_taken":0.0}],"is_beta":false,"boss_relics":[],"items_purged_floors":[],"is_endless":false,"potions_floor_spawned":[1,4,6,14],"killed_by":"The Guardian","ascension_level":17}