{"gold_per_floor":[110,110,129,129,129,157,157,167,167,182,37,57,57,70,70,141,141,117,130,130,150,162,162,175,175],"floor_reached":25,"playtime":866,"items_purged":[],"score":514,"play_id":"66997e0e-c0e4-49d7-8b88-a47a363162b1","local_time":"20190225011551","is_ascension_mode":true,"campfire_choices":[{"data":"Malaise","floor":7,"key":"SMITH"},{"data":"Dodge and Roll","floor":13,"key":"SMITH"},{"data":"Noxious Fumes","floor":15,"key":"SMITH"},{"floor":23,"key":"REST"}],"neow_cost":"PERCENT_DAMAGE","seed_source_timestamp":903350528572200,"circlet_count":0,"master_deck":["AscendersBane","Defend_G","Defend_G","Defend_G","Defend_G","Strike_G","Strike_G","Strike_G","Strike_G","Survivor","Neutralize","Discovery","Dark Shackles","Backflip","Malaise+1","Dagger Spray","Deadly Poison","Deadly Poison","Noxious Fumes+1","Dodge and Roll+1","Doppelganger","Glass Knife","All Out Attack","Well Laid Plans+1","Bane+1","Dash","Sucker Punch+1"],"special_seed":0,"relics":["Ring of the Snake","Gremlin Horn","Oddly Smooth Stone","Empty Cage","Pantograph"],"potions_floor_usage":[6,14],"damage_taken":[{"damage":0.0,"enemies":"Jaw Worm","floor":1.0,"turns":3.0},{"damage":2,"enemies":"2 Louse","floor":3,"turns":3},{"damage":27,"enemies":"3 Sentries","floor":6,"turns":10},{"damage":1,"enemies":"Cultist","floor":8,"turns":5},{"damage":0,"enemies":"2 Fungi Beasts","floor":10,"turns":3},{"damage":2,"enemies":"Red Slaver","floor":12,"turns":5},{"damage":2,"enemies":"Lots of Slimes","floor":14,"turns":2},{"damage":0,"enemies":"Hexaghost","floor":16,"turns":10},{"damage":12,"enemies":"2 Thieves","floor":18,"turns":4},{"damage":9,"enemies":"Shell Parasite","floor":19,"turns":8},{"damage":30,"enemies":"Sentry and Sphere","floor":21,"turns":7},{"damage":0,"enemies":"Snake Plant","floor":22,"turns":7},{"damage":19,"enemies":"Centurion and Healer","floor":24,"turns":4},{"damage":12,"enemies":"3 Cultists","floor":25,"turns":4}],"seed_played":"8500336266303012799","potions_obtained":[{"floor":3,"key":"AttackPotion"},{"floor":6,"key":"Dexterity Potion"},{"floor":10,"key":"SkillPotion"},{"floor":19,"key":"Weak Potion"},{"floor":24,"key":"Dexterity Potion"}],"is_trial":false,"path_per_floor":["M","?","M","?","?","E","R","M","T","M","$","M","R","M","R","B",null,"M","M","?","M","M","R","M","M"],"character_chosen":"THE_SILENT","items_purchased":["Deadly Poison","Noxious Fumes"],"campfire_rested":1,"item_purchase_floors":[11,11],"current_hp_per_floor":[44,44,42,42,66,39,39,38,38,38,38,36,36,34,34,34,58,46,37,37,7,7,26,7,0],"gold":175,"neow_bonus":"RANDOM_COLORLESS_2","is_prod":false,"is_daily":false,"chose_seed":false,"campfire_upgraded":3,"win_rate":0,"timestamp":1551024951,"path_taken":["M","?","M","?","?","E","R","?","T","M","$","M","R","M","R","BOSS","M","M","?","?","M","R","M","M"],"build_version":"2019-01-23","purchased_purges":0,"victory":false,"max_hp_per_floor":[66,66,66,66,66,66,66,66,66,66,66,66,66,66,66,66,66,66,66,66,66,66,66,66,66],"card_choices":[{"not_picked":["Dagger Spray","Outmaneuver"],"picked":"Well Laid Plans","floor":1.0},{"not_picked":["Cloak And Dagger","Blur"],"picked":"Backflip","floor":3},{"not_picked":["Terror","Slice"],"picked":"Malaise","floor":6},{"not_picked":["PiercingWail","Flying Knee"],"picked":"Dagger Spray","floor":8},{"not_picked":["Skewer","All Out Attack"],"picked":"Deadly Poison","floor":10},{"not_picked":["Underhanded Strike","Dagger Spray"],"picked":"Dodge and Roll","floor":12},{"not_picked":["Eviscerate","Bane"],"picked":"Doppelganger","floor":14},{"not_picked":["Venomology","Corpse Explosion"],"picked":"Glass Knife","floor":16},{"not_picked":["Blade Dance","Quick Slash"],"picked":"All Out Attack","floor":18},{"not_picked":["Escape Plan","All Out Attack"],"picked":"Well Laid Plans+1","floor":19},{"not_picked":["Cloak And Dagger","Flying Knee"],"picked":"Bane+1","floor":21},{"not_picked":["Blade Dance","Underhanded Strike"],"picked":"Dash","floor":22},{"not_picked":["Deadly Poison","Predator"],"picked":"Sucker Punch+1","floor":24}],"player_experience":4394051,"relics_obtained":[{"floor":6,"key":"Gremlin Horn"},{"floor":9,"key":"Oddly Smooth Stone"}],"event_choices":[{"damage_healed":0,"gold_gain":0,"player_choice":"Ignored","damage_taken":0,"max_hp_gain":0,"max_hp_loss":0,"event_name":"Liars Game","floor":2,"gold_loss":0},{"damage_healed":0,"gold_gain":0,"player_choice":"Ignored","damage_taken":0,"max_hp_gain":0,"max_hp_loss":0,"event_name":"Golden Idol","floor":4,"gold_loss":0},{"cards_removed":["Well Laid Plans"],"damage_healed":24,"gold_gain":0,"player_choice":"Offered Uncommon","damage_taken":0,"max_hp_gain":0,"max_hp_loss":0,"event_name":"Bonfire Elementals","floor":5,"gold_loss":0},{"damage_healed":0,"gold_gain":0,"player_choice":"Gave Potion","damage_taken":0,"relics_obtained":["Pantograph"],"max_hp_gain":0,"max_hp_loss":0,"event_name":"WeMeetAgain","floor":20,"gold_loss":0}],"is_beta":false,"boss_relics":[{"not_picked":["Lizard Tail","White Beast Statue"],"picked":"Empty Cage"}],"items_purged_floors":[],"is_endless":false,"potions_floor_spawned":[3,6,10,19,24],"killed_by":"3 Cultists","ascension_level":20}