{"gold_per_floor":[113,113,131,131,81,81,81,106,106,106,106,124,124,134,157,157,261,261,261,211,211,211,211,211,211,161,161,161,161,161,161,161,161,161,161,161,161,161,111,111,111,111,111,111,111,111,111,111,111,111,34,34,34],"floor_reached":53,"playtime":1711,"items_purged":["Clash","Anger","Anger"],"score":578,"play_id":"eec7269b-d886-4890-9a4a-0ab0dcde4b4f","local_time":"20190208013200","is_ascension_mode":false,"campfire_choices":[{"data":"Armaments","floor":6,"key":"SMITH"},{"data":"Immolate","floor":11,"key":"SMITH"},{"data":"Feel No Pain","floor":13,"key":"SMITH"},{"data":"Havoc","floor":16,"key":"SMITH"},{"data":"Evolve","floor":24,"key":"SMITH"},{"data":"Pommel Strike","floor":29,"key":"SMITH"},{"floor":31,"key":"REST"},{"floor":34,"key":"REST"},{"floor":42,"key":"REST"},{"floor":50,"key":"REST"},{"floor":52,"key":"RECALL"}],"neow_cost":"NONE","seed_source_timestamp":714023639706100,"circlet_count":0,"master_deck":["True Grit+1","Armaments+1","Feel No Pain+1","Ghostly Armor","Pommel Strike+1","Hemokinesis","Shrug It Off","Impervious","Immolate+1","Wild Strike","Anger","Blood for Blood","Body Slam","Havoc+1","Hemokinesis","Evolve+1","Sentinel+1","Anger+1","Combust","Wild Strike+1","Infernal Blade+1","Sentinel","Impervious","Parasite","Heavy Blade+1","Seeing Red","Shrug It Off"],"relics":["Sozu","Smiling Mask","Odd Mushroom","Ectoplasm","Charon\u0027s Ashes","Juzu Bracelet","Black Star","Happy Flower","Darkstone Periapt","Nunchaku","Molten Egg 2"],"potions_floor_usage":[],"damage_taken":[{"damage":0,"enemies":"Cultist","floor":1,"turns":2},{"damage":3,"enemies":"Jaw Worm","floor":3,"turns":2},{"damage":2,"enemies":"Lagavulin","floor":8,"turns":6},{"damage":0,"enemies":"Small Slimes","floor":12,"turns":2},{"damage":0,"enemies":"3 Louse","floor":14,"turns":1},{"damage":0,"enemies":"The Mushroom Lair","floor":15,"turns":1},{"damage":3,"enemies":"Slime Boss","floor":17,"turns":5},{"damage":1,"enemies":"Chosen","floor":19,"turns":3},{"damage":3,"enemies":"Spheric Guardian","floor":21,"turns":1},{"damage":15,"enemies":"Book of Stabbing","floor":25,"turns":4},{"damage":0,"enemies":"Centurion and Healer","floor":32,"turns":4},{"damage":11,"enemies":"Snake Plant","floor":33,"turns":4},{"damage":19,"enemies":"Collector","floor":35,"turns":7},{"damage":0,"enemies":"3 Shapes","floor":37,"turns":4},{"damage":10,"enemies":"Orb Walker","floor":38,"turns":3},{"damage":17,"enemies":"3 Darklings","floor":40,"turns":3},{"damage":0,"enemies":"Sphere and 2 Shapes","floor":44,"turns":3},{"damage":45,"enemies":"Giant Head","floor":47,"turns":7},{"damage":10,"enemies":"Writhing Mass","floor":48,"turns":8},{"damage":19,"enemies":"Jaw Worm Horde","floor":49,"turns":3},{"damage":59,"enemies":"Time Eater","floor":53,"turns":5}],"seed_played":"-1335300607224249475","potions_obtained":[],"is_trial":false,"path_per_floor":["M","$","M","$","?","R","?","E","T","T","R","M","R","M","?","R","B",null,"M","?","M","?","?","R","E","$","T","T","R","?","R","M","M","R","B",null,"M","M","$","M","?","R","T","M","T","T","E","M","M","R","$","R","B"],"character_chosen":"IRONCLAD","items_purchased":["Shrug It Off"],"campfire_rested":4,"item_purchase_floors":[51],"current_hp_per_floor":[80,80,77,77,77,77,77,75,75,75,75,75,75,75,75,75,72,80,79,79,76,76,76,76,61,61,61,61,61,46,71,71,60,85,66,85,85,75,75,58,58,83,83,83,83,83,38,34,15,42,42,42,0],"gold":34,"neow_bonus":"BOSS_RELIC","is_prod":false,"is_daily":false,"chose_seed":false,"campfire_upgraded":6,"win_rate":0,"timestamp":1549557120,"path_taken":["M","$","?","$","?","R","?","E","T","R","M","R","M","?","R","BOSS","M","?","?","?","?","R","E","$","T","R","?","R","M","M","R","BOSS","M","M","$","M","?","R","?","M","T","E","M","M","R","$","R","BOSS"],"build_version":"2019-01-23","purchased_purges":3,"victory":false,"max_hp_per_floor":[80,80,80,80,80,80,80,80,80,80,80,80,80,80,80,80,80,80,80,80,80,80,80,80,80,80,80,80,80,85,85,85,85,85,85,85,85,85,85,85,85,85,85,85,85,85,85,91,91,91,91,91,91],"card_choices":[{"not_picked":["Seeing Red","Carnage"],"picked":"Clash","floor":1},{"not_picked":["Armaments","Cleave"],"picked":"Wild Strike","floor":3},{"not_picked":["Warcry","Burning Pact"],"picked":"Anger","floor":8},{"not_picked":["Twin Strike","Spot Weakness"],"picked":"Blood for Blood","floor":12},{"not_picked":["Bloodletting","True Grit"],"picked":"Body Slam","floor":14},{"not_picked":["Thunderclap","Carnage"],"picked":"Havoc","floor":15},{"not_picked":["True Grit","Whirlwind"],"picked":"Hemokinesis","floor":19},{"not_picked":["Headbutt","True Grit"],"picked":"Anger","floor":21},{"not_picked":["Feed","Clothesline+1"],"picked":"Sentinel+1","floor":25},{"not_picked":["Rampage+1","Havoc+1"],"picked":"Anger+1","floor":32},{"not_picked":["Flex","Sword Boomerang"],"picked":"Combust","floor":33},{"not_picked":["Limit Break","Barricade"],"picked":"Brutality","floor":35},{"not_picked":["Uppercut","True Grit+1"],"picked":"Wild Strike+1","floor":37},{"not_picked":["Headbutt","Havoc"],"picked":"Anger","floor":38},{"not_picked":["Flex","Warcry"],"picked":"Infernal Blade+1","floor":40},{"not_picked":["Warcry","Evolve"],"picked":"Sentinel","floor":44},{"not_picked":["Shrug It Off+1","Armaments"],"picked":"Impervious","floor":47},{"not_picked":["Iron Wave+1","Shrug It Off+1"],"picked":"Heavy Blade+1","floor":48},{"not_picked":["Shrug It Off","Uppercut+1"],"picked":"Seeing Red","floor":49}],"player_experience":4219714,"relics_obtained":[{"floor":8,"key":"Smiling Mask"},{"floor":15,"key":"Odd Mushroom"},{"floor":25,"key":"Charon\u0027s Ashes"},{"floor":27,"key":"Juzu Bracelet"},{"floor":43,"key":"Happy Flower"},{"floor":45,"key":"Darkstone Periapt"},{"floor":47,"key":"Nunchaku"},{"floor":47,"key":"Molten Egg 2"}],"event_choices":[{"cards_removed":["Inflame"],"damage_healed":0,"gold_gain":0,"player_choice":"Card Removal","damage_taken":0,"max_hp_gain":0,"max_hp_loss":0,"event_name":"The Cleric","floor":5,"gold_loss":50},{"damage_healed":0,"gold_gain":0,"player_choice":"Grow","damage_taken":0,"max_hp_gain":0,"max_hp_loss":0,"event_name":"Living Wall","floor":7,"gold_loss":0,"cards_upgraded":["True Grit"]},{"damage_healed":0,"gold_gain":0,"player_choice":"Fought Mushrooms","damage_taken":0,"max_hp_gain":0,"max_hp_loss":0,"event_name":"Mushrooms","floor":15,"gold_loss":0},{"damage_healed":0,"gold_gain":0,"player_choice":"Bet on Murderer","damage_taken":0,"max_hp_gain":0,"max_hp_loss":0,"event_name":"The Joust","floor":20,"gold_loss":50},{"damage_healed":0,"gold_gain":0,"player_choice":"Read","damage_taken":0,"max_hp_gain":0,"max_hp_loss":0,"event_name":"The Library","floor":23,"gold_loss":0,"cards_obtained":["Evolve"]},{"damage_healed":0,"gold_gain":0,"player_choice":"Shed Blood","damage_taken":20,"max_hp_gain":5,"max_hp_loss":0,"event_name":"Forgotten Altar","floor":30,"gold_loss":0},{"cards_removed":["Brutality"],"damage_healed":0,"gold_gain":0,"player_choice":"Removed Power","damage_taken":0,"max_hp_gain":0,"max_hp_loss":0,"event_name":"Falling","floor":41,"gold_loss":0}],"is_beta":false,"boss_relics":[{"not_picked":["Snecko Eye","Pandora\u0027s Box"],"picked":"Ectoplasm"},{"not_picked":["Cursed Key","Empty Cage"],"picked":"Black Star"}],"items_purged_floors":[26,39,51],"is_endless":false,"potions_floor_spawned":[8,14,17,21,35,40,44,48,49],"killed_by":"Time Eater","ascension_level":0}