{"gold_per_floor":[113,113,125,25,36,36,56,56,56,21,21,40,56,5,5,79,79,96,96,96,116,133,133,133,149,149,179,104,4,4,4],"floor_reached":31,"playtime":1607,"items_purged":["Defend_B","Compile Driver"],"score":500,"play_id":"a966f8f8-2827-41e9-ac81-689cef20248b","local_time":"20190103021252","is_ascension_mode":true,"campfire_choices":[{"data":"Redo","floor":6.0,"key":"SMITH"},{"data":"Recycle","floor":8.0,"key":"SMITH"},{"data":"Coolheaded","floor":11.0,"key":"SMITH"},{"data":"Coolheaded","floor":15.0,"key":"SMITH"},{"data":"Zap","floor":23.0,"key":"SMITH"},{"data":"Skim","floor":30.0,"key":"SMITH"}],"neow_cost":"PERCENT_DAMAGE","seed_source_timestamp":85410239201578,"circlet_count":0,"master_deck":["AscendersBane","Zap+1","Dualcast","Loop","Redo+1","Coolheaded+1","Recycle+1","Skim+1","Undo","Coolheaded+1","Creative AI","Consume","Seek"],"special_seed":0,"relics":["Cracked Core","Mummified Hand","Nloth\u0027s Gift","Happy Flower","Red Mask"],"potions_floor_usage":[],"damage_taken":[{"damage":2.0,"enemies":"Jaw Worm","floor":1.0,"turns":4.0},{"damage":0.0,"enemies":"Cultist","floor":3.0,"turns":3.0},{"damage":0.0,"enemies":"Small Slimes","floor":5.0,"turns":2.0},{"damage":9.0,"enemies":"Exordium Thugs","floor":7.0,"turns":5.0},{"damage":12.0,"enemies":"Exordium Wildlife","floor":12.0,"turns":3.0},{"damage":6.0,"enemies":"Blue Slaver","floor":13.0,"turns":3.0},{"damage":33.0,"enemies":"Slime Boss","floor":16.0,"turns":22.0},{"damage":0.0,"enemies":"Spheric Guardian","floor":18.0,"turns":4.0},{"damage":10.0,"enemies":"Shell Parasite","floor":21.0,"turns":4.0},{"damage":13.0,"enemies":"Snake Plant","floor":22.0,"turns":3.0},{"damage":0.0,"enemies":"3 Cultists","floor":25.0,"turns":4.0},{"damage":0.0,"enemies":"Masked Bandits","floor":27.0,"turns":4.0},{"damage":31,"enemies":"Slavers","floor":31,"turns":2}],"seed_played":"1333185280541324842","potions_obtained":[{"floor":1.0,"key":"Swift Potion"},{"floor":7.0,"key":"SpeedPotion"},{"floor":16.0,"key":"SpeedPotion"},{"floor":18.0,"key":"Poison Potion"}],"is_trial":false,"path_per_floor":["M","?","M","$","M","R","M","R","T","?","R","M","M","$","R","B",null,"M","?","?","M","M","R","?","M","T","?","?","$","R","E"],"character_chosen":"DEFECT","items_purchased":["Compile Driver","Coolheaded"],"campfire_rested":0,"item_purchase_floors":[4,14],"current_hp_per_floor":[44,44,44,44,44,44,35,35,35,52,52,40,34,34,34,1,54,54,54,54,44,31,31,31,31,31,31,31,31,31,0],"gold":4,"neow_bonus":"REMOVE_TWO","is_prod":false,"is_daily":false,"chose_seed":false,"campfire_upgraded":6,"win_rate":0,"timestamp":1546449172,"path_taken":["M","?","?","$","M","R","?","R","T","?","R","M","M","?","R","BOSS","M","?","?","M","M","R","?","?","T","?","?","$","R","E"],"build_version":"2018-12-20","purchased_purges":2,"victory":false,"max_hp_per_floor":[71,71,71,71,71,71,71,71,71,71,71,71,71,71,71,71,71,71,71,71,71,71,71,71,71,71,71,71,71,71,71],"card_choices":[{"not_picked":["Consume","Coolheaded"],"picked":"Loop","floor":1.0},{"not_picked":["Leap","Turbo"],"picked":"Redo","floor":3.0},{"not_picked":["Reprogram","Streamline"],"picked":"Coolheaded","floor":5.0},{"not_picked":["Rebound","Stack"],"picked":"Recycle","floor":7.0},{"not_picked":["Echo Form","Go for the Eyes"],"picked":"Skim","floor":12.0},{"not_picked":["Melter","Go for the Eyes"],"picked":"Undo","floor":13.0},{"not_picked":["Biased Cognition","Buffer"],"picked":"Creative AI","floor":16.0},{"not_picked":["Genetic Algorithm","Consume","FTL"],"picked":"SKIP","floor":18.0},{"not_picked":["Genetic Algorithm","FTL"],"picked":"Consume","floor":18.0},{"not_picked":["Cold Snap","Turbo","Streamline"],"picked":"SKIP","floor":21.0},{"not_picked":["Go for the Eyes","Sweeping Beam","Reinforced Body"],"picked":"SKIP","floor":22.0},{"not_picked":["Streamline","Leap"],"picked":"Seek","floor":25.0}],"player_experience":3980756,"relics_obtained":[{"floor":9.0,"key":"Mummified Hand"},{"floor":26.0,"key":"Happy Flower"},{"floor":27.0,"key":"Red Mask"}],"event_choices":[{"cards_removed":["Strike_B"],"damage_healed":0.0,"max_hp_gain":0.0,"max_hp_loss":0.0,"gold_gain":0.0,"event_name":"Purifier","player_choice":"Purged","floor":2.0,"gold_loss":0.0,"damage_taken":0.0},{"damage_healed":17.0,"max_hp_gain":0.0,"max_hp_loss":0.0,"gold_gain":0.0,"event_name":"The Cleric","player_choice":"Healed","floor":10.0,"gold_loss":35.0,"damage_taken":0.0},{"cards_removed":["Strike_B"],"damage_healed":0.0,"max_hp_gain":0.0,"max_hp_loss":0.0,"gold_gain":0.0,"event_name":"Back to Basics","player_choice":"Elegance","floor":19.0,"gold_loss":0.0,"damage_taken":0.0},{"damage_healed":0.0,"max_hp_gain":0.0,"max_hp_loss":0.0,"gold_gain":0.0,"event_name":"N\u0027loth","player_choice":"Traded Relic","floor":24.0,"relics_lost":["Empty Cage"],"gold_loss":0.0,"damage_taken":0.0,"relics_obtained":["Nloth\u0027s Gift"]},{"damage_healed":0.0,"max_hp_gain":0.0,"max_hp_loss":0.0,"gold_gain":0.0,"event_name":"Masked Bandits","player_choice":"Fought Bandits","floor":27.0,"gold_loss":0.0,"damage_taken":0.0},{"cards_removed":["Defend_B"],"damage_healed":0.0,"max_hp_gain":0.0,"max_hp_loss":0.0,"gold_gain":0.0,"event_name":"Beggar","player_choice":"Gave Gold","floor":28.0,"gold_loss":75.0,"damage_taken":0.0}],"is_beta":false,"boss_relics":[{"not_picked":["Lizard Tail","White Beast Statue"],"picked":"Empty Cage"}],"items_purged_floors":[4,29],"is_endless":false,"potions_floor_spawned":[1,7,12,16,18,22],"killed_by":"Slavers","ascension_level":20}