{"gold_per_floor":[118,132,149,54,129,129,145,145,145,165,165,185,195,214,214,214],"floor_reached":16,"playtime":1067,"items_purged":[],"score":144,"play_id":"9f5aad4c-e94c-495d-a28f-68ed17f6691a","local_time":"20190305132423","is_ascension_mode":true,"campfire_choices":[{"floor":6,"key":"REST"},{"data":"Bash","floor":8,"key":"SMITH"},{"floor":11,"key":"REST"},{"floor":15,"key":"REST"}],"neow_cost":"NONE","seed_source_timestamp":12052095580078,"circlet_count":0,"master_deck":["AscendersBane","Strike_R","Strike_R","Strike_R","Defend_R","Defend_R","Defend_R","Defend_R","Bash+1","Perfected Strike","Evolve","Shrug It Off","Good Instincts","Warcry","Wild Strike","Blood for Blood","Battle Trance","Perfected Strike"],"special_seed":0,"relics":["Empty Cage","Mercury Hourglass"],"potions_floor_usage":[16,16,16],"damage_taken":[{"damage":6.0,"enemies":"Cultist","floor":1.0,"turns":3.0},{"damage":18.0,"enemies":"Jaw Worm","floor":2.0,"turns":4.0},{"damage":15,"enemies":"Small Slimes","floor":3,"turns":5},{"damage":3,"enemies":"3 Louse","floor":7,"turns":4},{"damage":21,"enemies":"Blue Slaver","floor":10,"turns":3},{"damage":27,"enemies":"Gremlin Gang","floor":12,"turns":4},{"damage":11,"enemies":"Looter","floor":13,"turns":3},{"damage":5,"enemies":"2 Fungi Beasts","floor":14,"turns":3},{"damage":27,"enemies":"Hexaghost","floor":16,"turns":9}],"seed_played":"-6256066812205413716","potions_obtained":[{"floor":1.0,"key":"SpeedPotion"},{"floor":2.0,"key":"Strength Potion"},{"floor":14,"key":"Weak Potion"}],"is_trial":false,"path_per_floor":["M","M","M","$","?","R","M","R","T","M","R","M","M","M","R","B"],"character_chosen":"IRONCLAD","items_purchased":["Good Instincts"],"campfire_rested":3,"item_purchase_floors":[4],"current_hp_per_floor":[66,48,33,33,22,46,43,43,43,22,46,19,8,3,27,0],"gold":214,"neow_bonus":"BOSS_RELIC","is_prod":false,"is_daily":false,"chose_seed":false,"campfire_upgraded":1,"win_rate":0,"timestamp":1551759863,"path_taken":["M","M","M","$","?","R","M","R","T","M","R","M","M","M","R","BOSS"],"build_version":"2019-01-23","purchased_purges":0,"victory":false,"max_hp_per_floor":[80,80,80,80,80,80,80,80,80,80,80,80,80,80,80,80],"card_choices":[{"not_picked":["Battle Trance","Body Slam"],"picked":"Perfected Strike","floor":1.0},{"not_picked":["Pommel Strike","Cleave"],"picked":"Evolve","floor":2.0},{"not_picked":["Clash","Entrench"],"picked":"Shrug It Off","floor":3},{"not_picked":["Sever Soul","Burning Pact"],"picked":"Warcry","floor":7},{"not_picked":["Body Slam","Fire Breathing"],"picked":"Wild Strike","floor":10},{"not_picked":["Flame Barrier","Heavy Blade"],"picked":"Blood for Blood","floor":12},{"not_picked":["Clothesline","Dropkick"],"picked":"Battle Trance","floor":13},{"not_picked":["Fire Breathing","Warcry"],"picked":"Perfected Strike","floor":14}],"player_experience":232983,"relics_obtained":[{"floor":9,"key":"Mercury Hourglass"}],"event_choices":[{"damage_healed":0,"gold_gain":75,"player_choice":"Gather Gold","damage_taken":11,"max_hp_gain":0,"max_hp_loss":0,"event_name":"World of Goop","floor":5,"gold_loss":0}],"is_beta":false,"boss_relics":[],"items_purged_floors":[],"is_endless":false,"potions_floor_spawned":[1,2,14],"killed_by":"Hexaghost","ascension_level":10}