{"gold_per_floor":[219,231,181,59,73,73,73,73,99,117,144,156,184,199,199,304,304,315,315,332,347,7,17,17,36,115,133,85,85,85,102,102,201,251,271,290,290],"floor_reached":37,"playtime":3822,"items_purged":["Defend_R"],"score":410,"play_id":"a850edea-3d0e-40af-bdac-8e547d9748fa","local_time":"20190101092106","is_ascension_mode":false,"campfire_choices":[{"floor":6,"key":"RECALL"},{"data":"Metallicize","floor":8,"key":"SMITH"},{"data":"Feed","floor":15,"key":"SMITH"},{"floor":24,"key":"REST"},{"floor":30,"key":"REST"},{"floor":32,"key":"REST"}],"neow_cost":"NONE","seed_source_timestamp":0,"circlet_count":0,"master_deck":["Defend_R","Defend_R","Defend_R","Bash","Carnage","Shrug It Off","Metallicize+1","Shrug It Off","Clothesline","Uppercut","Feed+1","Juggernaut","Shrug It Off","Rage","Iron Wave","Infernal Blade","Dual Wield+1","Rebound","Feel No Pain+1","Burning Pact","Impervious","Armaments+1","Iron Wave","Bite","Bite","Bite+1","Bite","Bite","Double Tap","Spot Weakness+1","Pummel+1"],"special_seed":0,"relics":["Burning Blood","Regal Pillow","Bottled Lightning","Orrery","Lantern","Shuriken","Tiny House"],"potions_floor_usage":[13,16,16,18,25,33,33,35,36],"damage_taken":[{"damage":5,"enemies":"Small Slimes","floor":1,"turns":3},{"damage":0,"enemies":"2 Louse","floor":2,"turns":3},{"damage":2,"enemies":"Jaw Worm","floor":5,"turns":4},{"damage":12,"enemies":"Exordium Thugs","floor":10,"turns":5},{"damage":21,"enemies":"3 Sentries","floor":11,"turns":12},{"damage":8,"enemies":"2 Fungi Beasts","floor":12,"turns":3},{"damage":4,"enemies":"Gremlin Nob","floor":13,"turns":3},{"damage":4,"enemies":"3 Louse","floor":14,"turns":4},{"damage":36,"enemies":"The Guardian","floor":16,"turns":16},{"damage":29,"enemies":"3 Byrds","floor":18,"turns":6},{"damage":29,"enemies":"Spheric Guardian","floor":20,"turns":6},{"damage":20,"enemies":"Shelled Parasite and Fungi","floor":21,"turns":9},{"damage":10,"enemies":"Chosen and Byrds","floor":23,"turns":8},{"damage":20,"enemies":"Centurion and Healer","floor":25,"turns":9},{"damage":30,"enemies":"Shelled Parasite and Fungi","floor":27,"turns":12},{"damage":52,"enemies":"3 Cultists","floor":31,"turns":8},{"damage":83,"enemies":"Champ","floor":33,"turns":20},{"damage":4,"enemies":"3 Shapes","floor":35,"turns":5},{"damage":41,"enemies":"3 Darklings","floor":36,"turns":8},{"damage":57,"enemies":"Transient","floor":37,"turns":4}],"seed_played":"-6744717864070985578","potions_obtained":[{"floor":1,"key":"Block Potion"},{"floor":2,"key":"FearPotion"},{"floor":11,"key":"SneckoOil"},{"floor":14,"key":"Strength Potion"},{"floor":16,"key":"Regen Potion"},{"floor":20,"key":"Swift Potion"},{"floor":23,"key":"EssenceOfSteel"},{"floor":27,"key":"Ancient Potion"},{"floor":34,"key":"Fire Potion"},{"floor":35,"key":"LiquidBronze"}],"is_trial":false,"path_per_floor":["M","M","?","$","M","R","?","R","T","M","E","M","E","M","R","B",null,"M","?","M","M","$","M","R","M","T","M","$","?","R","M","R","B",null,"M","M","M"],"character_chosen":"IRONCLAD","items_purchased":["Shrug It Off","Lantern","Burning Pact","Impervious","Iron Wave"],"campfire_rested":3,"item_purchase_floors":[4,22,22,22,28],"current_hp_per_floor":[80,80,80,80,80,80,80,80,80,74,59,57,59,61,61,31,80,69,69,50,40,40,36,77,67,67,43,43,43,64,30,64,7,69,69,51,0],"gold":290,"neow_bonus":"HUNDRED_GOLD","is_prod":false,"is_daily":false,"chose_seed":false,"campfire_upgraded":2,"win_rate":0,"timestamp":1546330866,"path_taken":["M","M","?","$","M","R","?","R","T","M","E","M","E","M","R","BOSS","M","?","M","M","$","M","R","M","T","M","?","?","R","M","R","BOSS","M","M","M"],"build_version":"2018-12-20","purchased_purges":1,"victory":false,"max_hp_per_floor":[80,80,80,80,80,80,80,80,80,80,80,80,80,80,80,80,80,80,80,84,88,88,88,88,92,92,92,92,64,64,64,64,64,69,69,69,69],"card_choices":[{"not_picked":["Evolve","Bloodletting"],"picked":"Carnage","floor":1},{"not_picked":["Havoc","Hemokinesis","Cleave"],"picked":"SKIP","floor":2},{"not_picked":["Dropkick","Iron Wave"],"picked":"Metallicize","floor":5},{"not_picked":["Anger","Perfected Strike"],"picked":"Shrug It Off","floor":10},{"not_picked":["Hemokinesis","Perfected Strike"],"picked":"Clothesline","floor":11},{"not_picked":["Heavy Blade","Iron Wave"],"picked":"Uppercut","floor":12},{"not_picked":["Sentinel","Intimidate"],"picked":"Feed","floor":13},{"not_picked":["Pommel Strike","Clash","Corruption"],"picked":"SKIP","floor":14},{"not_picked":["Feed","Offering"],"picked":"Juggernaut","floor":16},{"not_picked":["Twin Strike","Shockwave"],"picked":"Shrug It Off","floor":17},{"not_picked":["Spot Weakness","Ghostly Armor"],"picked":"Rage","floor":17},{"not_picked":["Perfected Strike","Flex"],"picked":"Searing Blow","floor":17},{"not_picked":["Headbutt","Perfected Strike"],"picked":"Iron Wave","floor":17},{"not_picked":["True Grit","Rupture"],"picked":"Infernal Blade","floor":17},{"not_picked":["Impervious","True Grit+1"],"picked":"Dual Wield+1","floor":18},{"not_picked":["Flex","Rampage","Heavy Blade"],"picked":"SKIP","floor":20},{"not_picked":["Clash","Cleave"],"picked":"Feel No Pain+1","floor":21},{"not_picked":["Shrug It Off","Dark Embrace"],"picked":"Armaments+1","floor":23},{"not_picked":["Clothesline","Headbutt+1","Iron Wave"],"picked":"SKIP","floor":25},{"not_picked":["Warcry","Dual Wield","Rage"],"picked":"SKIP","floor":27},{"not_picked":["Blood for Blood","Wild Strike+1","Clash"],"picked":"SKIP","floor":31},{"not_picked":["Dark Embrace","Juggernaut"],"picked":"Double Tap","floor":33},{"not_picked":["Battle Trance","Heavy Blade"],"picked":"Spot Weakness+1","floor":34},{"not_picked":["Sever Soul","Ghostly Armor+1"],"picked":"Pummel+1","floor":35},{"not_picked":["Wild Strike","True Grit","Clothesline"],"picked":"SKIP","floor":36}],"player_experience":230451,"relics_obtained":[{"floor":11,"key":"Regal Pillow"},{"floor":13,"key":"Bottled Lightning"},{"floor":26,"key":"Shuriken"}],"event_choices":[{"cards_removed":["Strike_R"],"damage_healed":0,"gold_gain":0,"player_choice":"Card Removal","damage_taken":0,"max_hp_gain":0,"max_hp_loss":0,"event_name":"The Cleric","floor":3,"gold_loss":50},{"damage_healed":0,"gold_gain":0,"player_choice":"Searched \u00270\u0027 times","damage_taken":0,"max_hp_gain":0,"max_hp_loss":0,"event_name":"Dead Adventurer","floor":7,"gold_loss":0},{"cards_removed":["Searing Blow"],"damage_healed":0,"gold_gain":0,"player_choice":"Took Card","damage_taken":0,"max_hp_gain":0,"max_hp_loss":0,"event_name":"NoteForYourself","floor":19,"gold_loss":0,"cards_obtained":["Rebound"]},{"damage_healed":0,"gold_gain":0,"player_choice":"Became a vampire","damage_taken":0,"max_hp_gain":0,"max_hp_loss":28,"event_name":"Vampires","floor":29,"gold_loss":0,"cards_obtained":["Bite","Bite","Bite","Bite","Bite"]}],"is_beta":false,"boss_relics":[{"not_picked":["Mark of Pain","Busted Crown"],"picked":"Orrery"},{"not_picked":["Sozu","Black Star"],"picked":"Tiny House"}],"items_purged_floors":[4],"is_endless":false,"potions_floor_spawned":[1,2,11,14,16,20,23,27,35],"killed_by":"Transient","ascension_level":0}