{"gold_per_floor":[115,40,50,50,50,50,50,63,63,63,87,102,116,129,129,224,224,235,250,265,265,265,265,235,135,189,208,35,51,51],"floor_reached":30,"playtime":1457,"items_purged":["Strike_B","Decay"],"score":355,"play_id":"9ec9b7bd-994a-4f2e-a91b-dd7a8c21de53","local_time":"20190120215335","is_ascension_mode":true,"campfire_choices":[{"data":"Dualcast","floor":6.0,"key":"SMITH"},{"floor":10.0,"key":"REST"},{"floor":15.0,"key":"REST"},{"floor":23.0,"key":"REST"}],"neow_cost":"NONE","seed_source_timestamp":183295959710960,"circlet_count":0,"master_deck":["AscendersBane","Strike_B","Defend_B","Defend_B","Defend_B","Zap","Dualcast+1","Cold Snap","Compile Driver","Darkness","Auto Shields","Self Repair","Cold Snap","Echo Form","Conserve Battery","Coolheaded+1","Ball Lightning","Capacitor","Bandage Up","Loop","Conserve Battery+1"],"special_seed":0,"relics":["Cracked Core","Potion Belt","Dead Branch","Odd Mushroom","Empty Cage","Bronze Scales"],"potions_floor_usage":[29,29,29,30],"damage_taken":[{"damage":0.0,"enemies":"2 Louse","floor":1.0,"turns":3.0},{"damage":16.0,"enemies":"Small Slimes","floor":3.0,"turns":4.0},{"damage":0.0,"enemies":"Jaw Worm","floor":8.0,"turns":3.0},{"damage":26.0,"enemies":"The Mushroom Lair","floor":11.0,"turns":4.0},{"damage":7.0,"enemies":"Large Slime","floor":12.0,"turns":4.0},{"damage":4.0,"enemies":"Looter","floor":13.0,"turns":3.0},{"damage":8.0,"enemies":"2 Fungi Beasts","floor":14.0,"turns":3.0},{"damage":29.0,"enemies":"The Guardian","floor":16.0,"turns":12.0},{"damage":35.0,"enemies":"3 Byrds","floor":18.0,"turns":4.0},{"damage":16.0,"enemies":"Shell Parasite","floor":19.0,"turns":5.0},{"damage":28.0,"enemies":"Centurion and Healer","floor":20.0,"turns":10.0},{"damage":17.0,"enemies":"Snake Plant","floor":27.0,"turns":5.0},{"damage":29,"enemies":"Cultist and Chosen","floor":29,"turns":8},{"damage":29,"enemies":"Slavers","floor":30,"turns":4}],"seed_played":"3213811821197596754","potions_obtained":[{"floor":3.0,"key":"Regen Potion"},{"floor":8.0,"key":"Poison Potion"},{"floor":11.0,"key":"Ancient Potion"},{"floor":13.0,"key":"Ancient Potion"},{"floor":16.0,"key":"Weak Potion"},{"floor":19.0,"key":"Block Potion"},{"floor":24.0,"key":"LiquidBronze"},{"floor":24.0,"key":"Swift Potion"},{"floor":27.0,"key":"Regen Potion"}],"is_trial":false,"path_per_floor":["M","$","M","?","?","R","?","M","T","R","?","M","M","M","R","B",null,"M","M","M","?","?","R","?","$","T","M","$","M","E"],"character_chosen":"DEFECT","items_purchased":["Bandage Up","Loop"],"campfire_rested":3,"item_purchase_floors":[28,28],"current_hp_per_floor":[75,75,59,41,34,34,34,34,34,58,44,37,33,32,56,34,70,42,33,12,12,12,36,36,36,36,19,19,16,0],"gold":51,"neow_bonus":"TEN_PERCENT_HP_BONUS","is_prod":false,"is_daily":false,"chose_seed":false,"campfire_upgraded":1,"win_rate":0,"timestamp":1548039215,"path_taken":["M","$","M","?","?","R","?","M","T","R","?","M","?","M","R","BOSS","M","M","M","?","?","R","?","$","T","?","$","?","E"],"build_version":"2019-01-17v2","purchased_purges":2,"victory":false,"max_hp_per_floor":[82,82,82,82,82,82,82,82,82,82,82,82,82,82,82,82,82,82,82,82,82,82,82,82,82,82,82,82,82,82],"card_choices":[{"not_picked":["Sweeping Beam","Stack"],"picked":"Cold Snap","floor":1.0},{"not_picked":["Static Discharge","Barrage"],"picked":"Compile Driver","floor":3.0},{"not_picked":["Reprogram","Hologram"],"picked":"Darkness","floor":8.0},{"not_picked":["Leap","Double Energy"],"picked":"Auto Shields","floor":11.0},{"not_picked":["Steam","Storm","Stack"],"picked":"SKIP","floor":12.0},{"not_picked":["Melter","Sweeping Beam"],"picked":"Self Repair","floor":13.0},{"not_picked":["Stack","Hologram"],"picked":"Cold Snap","floor":14.0},{"not_picked":["Rainbow","Creative AI"],"picked":"Echo Form","floor":16.0},{"not_picked":["Beam Cell","Darkness"],"picked":"Conserve Battery","floor":18.0},{"not_picked":["Turbo","Redo+1"],"picked":"Coolheaded+1","floor":19.0},{"not_picked":["Beam Cell","Compile Driver"],"picked":"Ball Lightning","floor":20.0},{"not_picked":["Doom and Gloom","Redo"],"picked":"Capacitor","floor":27.0},{"not_picked":["Rebound","Beam Cell"],"picked":"Conserve Battery+1","floor":29}],"player_experience":458649,"relics_obtained":[{"floor":9.0,"key":"Dead Branch"},{"floor":11.0,"key":"Odd Mushroom"},{"floor":26.0,"key":"Bronze Scales"}],"event_choices":[{"damage_healed":0.0,"max_hp_gain":0.0,"max_hp_loss":0.0,"gold_gain":0.0,"event_name":"Scrap Ooze","player_choice":"Success","floor":4.0,"gold_loss":0.0,"damage_taken":18.0,"relics_obtained":["Potion Belt"]},{"cards_removed":["Defend_B"],"damage_healed":0.0,"max_hp_gain":0.0,"max_hp_loss":0.0,"gold_gain":0.0,"event_name":"Golden Wing","player_choice":"Card Removal","floor":5.0,"gold_loss":0.0,"damage_taken":7.0},{"damage_healed":0.0,"max_hp_gain":0.0,"max_hp_loss":0.0,"gold_gain":0.0,"event_name":"Liars Game","player_choice":"Ignored","floor":7.0,"gold_loss":0.0,"damage_taken":0.0},{"damage_healed":0.0,"max_hp_gain":0.0,"max_hp_loss":0.0,"gold_gain":0.0,"event_name":"Mushrooms","player_choice":"Fought Mushrooms","floor":11.0,"gold_loss":0.0,"damage_taken":0.0},{"damage_healed":0.0,"max_hp_gain":0.0,"max_hp_loss":0.0,"gold_gain":0.0,"event_name":"Vampires","player_choice":"Ignored","floor":21.0,"gold_loss":0.0,"damage_taken":0.0},{"damage_healed":0.0,"max_hp_gain":0.0,"max_hp_loss":0.0,"gold_gain":0.0,"event_name":"Forgotten Altar","player_choice":"Smashed Altar","floor":22.0,"gold_loss":0.0,"damage_taken":0.0,"cards_obtained":["Decay"]},{"damage_healed":0.0,"max_hp_gain":0.0,"max_hp_loss":0.0,"gold_gain":0.0,"event_name":"The Woman in Blue","player_choice":"Bought 2 Potions","floor":24.0,"gold_loss":0.0,"damage_taken":0.0}],"is_beta":false,"boss_relics":[{"not_picked":["Fusion Hammer","Busted Crown"],"picked":"Empty Cage"}],"items_purged_floors":[2,25],"is_endless":false,"potions_floor_spawned":[3,8,11,13,16,19,27],"killed_by":"Slavers","ascension_level":12}