{"gold_per_floor":[119,139,152,165,177,502,502,502,502,532,179,197,38,50,50,151,151,170,170,180,197,197,197,215,229,229,229],"floor_reached":27,"playtime":2217,"items_purged":["Strike_G"],"score":252,"play_id":"2e731cb0-8e19-4b60-8141-48b92c8ce867","local_time":"20190320143413","is_ascension_mode":true,"campfire_choices":[{"floor":7.0,"key":"REST"},{"floor":15.0,"key":"REST"},{"floor":23,"key":"REST"}],"neow_cost":"NONE","seed_source_timestamp":0,"circlet_count":0,"master_deck":["Defend_G","Defend_G","Defend_G","Defend_G","Defend_G","Strike_G","Strike_G","Survivor","Neutralize","Skewer","Well Laid Plans","Poisoned Stab","Outmaneuver","Quick Slash","Catalyst","Crippling Poison","Catalyst","Footwork","Adrenaline","Bane","Envenom","Dodge and Roll","Deflect+1","Quick Slash+1","Cloak And Dagger","Backflip+1"],"special_seed":0,"relics":["Ring of the Snake","Omamori","Old Coin","Dream Catcher","DollysMirror","Empty Cage","Enchiridion","Blood Vial","Bag of Marbles"],"potions_floor_usage":[24,27],"damage_taken":[{"damage":4.0,"enemies":"Jaw Worm","floor":1.0,"turns":4.0},{"damage":0.0,"enemies":"2 Louse","floor":2.0,"turns":2.0},{"damage":1.0,"enemies":"Cultist","floor":3.0,"turns":4.0},{"damage":5.0,"enemies":"2 Fungi Beasts","floor":4.0,"turns":4.0},{"damage":21.0,"enemies":"Gremlin Gang","floor":5.0,"turns":5.0},{"damage":29.0,"enemies":"3 Sentries","floor":6.0,"turns":9.0},{"damage":0.0,"enemies":"Exordium Wildlife","floor":12.0,"turns":3.0},{"damage":2.0,"enemies":"3 Louse","floor":14.0,"turns":5.0},{"damage":47.0,"enemies":"Hexaghost","floor":16.0,"turns":10.0},{"damage":0.0,"enemies":"Chosen","floor":18.0,"turns":6.0},{"damage":6.0,"enemies":"Shell Parasite","floor":20.0,"turns":5.0},{"damage":25,"enemies":"3 Cultists","floor":21,"turns":6},{"damage":30,"enemies":"Shelled Parasite and Fungi","floor":24,"turns":6},{"damage":3,"enemies":"Centurion and Healer","floor":25,"turns":6},{"damage":15,"enemies":"Cultist and Chosen","floor":27,"turns":8}],"seed_played":"-3862130651682068931","potions_obtained":[{"floor":4.0,"key":"Explosive Potion"},{"floor":5.0,"key":"Poison Potion"},{"floor":6.0,"key":"Poison Potion"},{"floor":12.0,"key":"Swift Potion"},{"floor":21,"key":"EssenceOfSteel"},{"floor":24,"key":"Weak Potion"}],"is_trial":false,"path_per_floor":["M","M","M","M","M","E","R","?","T","?","$","M","$","M","R","B",null,"M","?","M","M","?","R","M","M","T","M"],"character_chosen":"THE_SILENT","items_purchased":["Crippling Poison","DollysMirror","Adrenaline"],"campfire_rested":3,"item_purchase_floors":[11,11,13],"current_hp_per_floor":[66,66,65,60,39,10,31,31,31,31,31,31,31,29,50,3,70,70,54,48,23,23,44,16,15,15,2],"gold":229,"neow_bonus":"RANDOM_COMMON_RELIC","is_prod":false,"is_daily":false,"chose_seed":false,"campfire_upgraded":0,"win_rate":0,"timestamp":1553088853,"path_taken":["M","M","M","M","M","E","R","?","T","?","$","M","?","M","R","BOSS","M","?","M","M","?","R","M","M","T","M"],"build_version":"2019-01-23","purchased_purges":1,"victory":false,"max_hp_per_floor":[70,70,70,70,70,70,70,70,70,70,70,70,70,70,70,70,70,70,70,70,70,70,70,70,70,70,70],"card_choices":[{"not_picked":["Deadly Poison","Flying Knee"],"picked":"Skewer","floor":1.0},{"not_picked":["Reflex","Blur"],"picked":"Well Laid Plans","floor":2.0},{"not_picked":["Bane","Skewer"],"picked":"Poisoned Stab","floor":3.0},{"not_picked":["Deadly Poison","Poisoned Stab"],"picked":"Outmaneuver","floor":4.0},{"not_picked":["Flying Knee","Underhanded Strike"],"picked":"Quick Slash","floor":5.0},{"not_picked":["Burst","Flying Knee"],"picked":"Catalyst","floor":6.0},{"not_picked":["Acrobatics","Bane"],"picked":"Footwork","floor":12.0},{"not_picked":["Prepared","Sucker Punch","Leg Sweep"],"picked":"SKIP","floor":14.0},{"not_picked":["Underhanded Strike","Quick Slash"],"picked":"Bane","floor":15.0},{"not_picked":["Storm of Steel","Wraith Form v2"],"picked":"Envenom","floor":16.0},{"not_picked":["PiercingWail","Deflect"],"picked":"Dodge and Roll","floor":18.0},{"not_picked":["Eviscerate","Leg Sweep+1","Dash+1"],"picked":"SKIP","floor":20.0},{"not_picked":["Expertise","After Image"],"picked":"Deflect+1","floor":21},{"not_picked":["Slice+1","Dagger Throw"],"picked":"Quick Slash+1","floor":23},{"not_picked":["Slice","Outmaneuver"],"picked":"Cloak And Dagger","floor":24},{"not_picked":["Acrobatics","Cloak And Dagger"],"picked":"Backflip+1","floor":25}],"player_experience":392104,"relics_obtained":[{"floor":6.0,"key":"Old Coin"},{"floor":9.0,"key":"Dream Catcher"},{"floor":19.0,"key":"Enchiridion"},{"floor":26,"key":"Bag of Marbles"}],"event_choices":[{"damage_healed":0.0,"max_hp_gain":0.0,"max_hp_loss":0.0,"gold_gain":0.0,"event_name":"Golden Idol","player_choice":"Ignored","floor":8.0,"gold_loss":0.0,"damage_taken":0.0},{"damage_healed":0.0,"max_hp_gain":0.0,"max_hp_loss":0.0,"gold_gain":30.0,"event_name":"Dead Adventurer","player_choice":"Searched \u00272\u0027 times","floor":10.0,"gold_loss":0.0,"damage_taken":0.0},{"damage_healed":0.0,"max_hp_gain":0.0,"max_hp_loss":0.0,"gold_gain":0.0,"event_name":"Cursed Tome","player_choice":"Obtained Book","floor":19.0,"gold_loss":0.0,"damage_taken":16.0},{"damage_healed":0,"gold_gain":0,"player_choice":"Opened","damage_taken":0,"relics_obtained":["Blood Vial"],"max_hp_gain":0,"max_hp_loss":0,"event_name":"The Mausoleum","floor":22,"gold_loss":0}],"is_beta":false,"boss_relics":[{"not_picked":["Coffee Dripper","Pandora\u0027s Box"],"picked":"Empty Cage"}],"items_purged_floors":[11],"is_endless":false,"potions_floor_spawned":[4,5,6,12,21,24],"killed_by":"Cultist and Chosen","ascension_level":3}