{"gold_per_floor":[17,31,31,43,43,69,69,69,69,69,93,93,157,170,170,268,268,286,201,232,13,28,28],"floor_reached":23,"playtime":1711,"items_purged":[],"score":266,"play_id":"d8fdae08-7c6d-43e0-94b6-bf34198da471","local_time":"20190226131131","is_ascension_mode":true,"campfire_choices":[{"floor":7,"key":"REST"},{"data":"Combust","floor":10,"key":"SMITH"},{"floor":15,"key":"REST"}],"neow_cost":"NO_GOLD","seed_source_timestamp":10606154277681,"circlet_count":0,"master_deck":["Defend_R","Defend_R","Defend_R","Bash+1","Discovery","Dramatic Entrance","Flame Barrier","Combust+1","Sever Soul+1","Battle Trance","Impervious","Fire Breathing+1","Reckless Charge+1","Pummel+1","Dropkick","Shrug It Off","Corruption+1"],"relics":["Burning Blood","Bottled Lightning","Frozen Egg 2","Odd Mushroom","Tiny Chest","Astrolabe","Bag of Preparation","Red Mask","Membership Card"],"potions_floor_usage":[13,14,16,20,23],"damage_taken":[{"damage":26,"enemies":"Jaw Worm","floor":1,"turns":6},{"damage":5,"enemies":"Cultist","floor":2,"turns":4},{"damage":7,"enemies":"Small Slimes","floor":4,"turns":2},{"damage":29,"enemies":"3 Sentries","floor":6,"turns":5},{"damage":12,"enemies":"The Mushroom Lair","floor":11,"turns":3},{"damage":16,"enemies":"Lagavulin","floor":13,"turns":5},{"damage":2,"enemies":"2 Fungi Beasts","floor":14,"turns":2},{"damage":39,"enemies":"The Guardian","floor":16,"turns":13},{"damage":16,"enemies":"2 Thieves","floor":18,"turns":5},{"damage":7,"enemies":"Masked Bandits","floor":20,"turns":3},{"damage":11,"enemies":"Shell Parasite","floor":22,"turns":10},{"damage":69,"enemies":"Book of Stabbing","floor":23,"turns":6}],"seed_played":"678065098706949342","potions_obtained":[{"floor":4,"key":"Strength Potion"},{"floor":11,"key":"SkillPotion"},{"floor":14,"key":"Swift Potion"},{"floor":16,"key":"PowerPotion"},{"floor":18,"key":"Energy Potion"},{"floor":20,"key":"FearPotion"}],"is_trial":false,"path_per_floor":["M","M","?","M","?","E","R","?","T","R","?","?","E","M","R","B",null,"M","?","?","$","M","E"],"character_chosen":"IRONCLAD","items_purchased":["Membership Card","Shrug It Off"],"campfire_rested":2,"item_purchase_floors":[21,21],"current_hp_per_floor":[52,53,53,52,36,13,37,37,37,37,31,24,14,18,42,9,62,52,52,51,51,46,0],"gold":28,"neow_bonus":"RANDOM_COLORLESS_2","is_prod":false,"is_daily":false,"chose_seed":false,"campfire_upgraded":1,"win_rate":0,"timestamp":1551154291,"path_taken":["M","M","?","?","?","E","R","?","T","R","?","?","E","M","R","BOSS","M","?","?","?","M","E"],"build_version":"2019-01-23","purchased_purges":0,"victory":false,"max_hp_per_floor":[80,80,80,80,80,80,80,80,80,80,80,80,80,80,80,80,80,80,80,80,80,80,80],"card_choices":[{"not_picked":["Battle Trance","Infernal Blade","Disarm"],"picked":"SKIP","floor":1},{"not_picked":["Warcry","Cleave"],"picked":"Flame Barrier","floor":2},{"not_picked":["Carnage","Headbutt"],"picked":"Sever Soul","floor":4},{"not_picked":["Perfected Strike","Rage"],"picked":"Battle Trance","floor":6},{"not_picked":["Dual Wield","Bloodletting","Seeing Red"],"picked":"SKIP","floor":13},{"not_picked":["Wild Strike","Bloodletting","Body Slam"],"picked":"SKIP","floor":14},{"not_picked":["Fiend Fire","Exhume"],"picked":"Impervious","floor":16},{"not_picked":["Iron Wave","Warcry+1"],"picked":"Dropkick","floor":18},{"not_picked":["Clothesline","Clash+1"],"picked":"Corruption+1","floor":22}],"player_experience":190939,"relics_obtained":[{"floor":6,"key":"Bottled Lightning"},{"floor":9,"key":"Frozen Egg 2"},{"floor":11,"key":"Odd Mushroom"},{"floor":13,"key":"Tiny Chest"},{"floor":20,"key":"Red Mask"}],"event_choices":[{"damage_healed":0,"gold_gain":0,"cards_transformed":["Strike_R"],"player_choice":"Transformed","damage_taken":0,"max_hp_gain":0,"max_hp_loss":0,"event_name":"Transmorgrifier","floor":3,"gold_loss":0,"cards_obtained":["Combust"]},{"damage_healed":0,"gold_gain":0,"player_choice":"Entered Light","damage_taken":16,"max_hp_gain":0,"max_hp_loss":0,"event_name":"Shining Light","floor":5,"gold_loss":0,"cards_upgraded":["Sever Soul","Bash"]},{"cards_removed":["Strike_R"],"damage_healed":0,"gold_gain":0,"player_choice":"Forget","damage_taken":0,"max_hp_gain":0,"max_hp_loss":0,"event_name":"Living Wall","floor":8,"gold_loss":0},{"damage_healed":0,"gold_gain":0,"player_choice":"Fought Mushrooms","damage_taken":0,"max_hp_gain":0,"max_hp_loss":0,"event_name":"Mushrooms","floor":11,"gold_loss":0},{"cards_removed":["Strike_R"],"damage_healed":0,"gold_gain":0,"player_choice":"Card Removal","damage_taken":7,"max_hp_gain":0,"max_hp_loss":0,"event_name":"Golden Wing","floor":12,"gold_loss":0},{"damage_healed":0,"gold_gain":0,"player_choice":"Obtained Relic","damage_taken":0,"relics_obtained":["Bag of Preparation"],"max_hp_gain":0,"max_hp_loss":0,"event_name":"Addict","floor":19,"gold_loss":85},{"damage_healed":0,"gold_gain":0,"player_choice":"Fought Bandits","damage_taken":0,"max_hp_gain":0,"max_hp_loss":0,"event_name":"Masked Bandits","floor":20,"gold_loss":0}],"is_beta":false,"boss_relics":[{"not_picked":["Orrery","Velvet Choker"],"picked":"Astrolabe"}],"items_purged_floors":[],"is_endless":false,"potions_floor_spawned":[4,11,14,16,18,20],"killed_by":"Book of Stabbing","ascension_level":7}