{"gold_per_floor":[111,186,198,123,141,170,170,205,205,205,205,219,219,219,219,294,294,304,60,60,75,87,114,114,133,207,221,256,256,285,313,325,413,425,454,477,500,512,524,536,580,603,615,639,667,250,304,64,64,64,64,64,64,37,70,70],"floor_reached":56,"playtime":2408,"items_purged":["Strike_R","Strike_R+1","Immolate"],"score":1944,"play_id":"afbc8239-b7d3-44e9-81a4-1c0eda5447ea","local_time":"20190118031304","is_ascension_mode":true,"campfire_choices":[{"floor":7,"key":"REST"},{"floor":13,"key":"REST"},{"data":"Demon Form","floor":15,"key":"SMITH"},{"floor":24,"key":"REST"},{"floor":29,"key":"RECALL"},{"floor":32,"key":"REST"},{"floor":40,"key":"REST"},{"floor":49,"key":"REST"},{"floor":53,"key":"REST"}],"neow_cost":"NONE","seed_source_timestamp":636805710110958,"circlet_count":0,"master_deck":["AscendersBane","Defend_R","Defend_R+1","Bash","Thunderclap","Clothesline","Anger","Fiend Fire","Demon Form+1","Power Through","Intimidate+1","Reaper","Sword Boomerang","Shrug It Off","Reaper","Twin Strike+1","Twin Strike+1","Power Through","Shockwave","Battle Trance+1","Finesse","Thinking Ahead","Armaments+1","Feel No Pain","Second Wind","Battle Trance+1","Pummel+1"],"relics":["Burning Blood","Pen Nib","Thread and Needle","Question Card","Fusion Hammer","Vajra","Oddly Smooth Stone","Meat on the Bone","Happy Flower","MawBank","Astrolabe","Mango","Unceasing Top","Membership Card","Calipers","Nunchaku","DollysMirror","Art of War"],"potions_floor_usage":[5,6,16,21,30,30,33,41,55,56],"damage_taken":[{"damage":10,"enemies":"Small Slimes","floor":1,"turns":4},{"damage":3,"enemies":"2 Louse","floor":3,"turns":3},{"damage":4,"enemies":"Jaw Worm","floor":5,"turns":3},{"damage":20,"enemies":"Lagavulin","floor":6,"turns":7},{"damage":49,"enemies":"3 Sentries","floor":8,"turns":8},{"damage":4,"enemies":"Blue Slaver","floor":12,"turns":4},{"damage":22,"enemies":"The Guardian","floor":16,"turns":8},{"damage":8,"enemies":"2 Thieves","floor":18,"turns":4},{"damage":0,"enemies":"Shell Parasite","floor":21,"turns":5},{"damage":9,"enemies":"Sentry and Sphere","floor":22,"turns":5},{"damage":19,"enemies":"Gremlin Leader","floor":23,"turns":6},{"damage":2,"enemies":"3 Cultists","floor":25,"turns":5},{"damage":5,"enemies":"Centurion and Healer","floor":27,"turns":5},{"damage":28,"enemies":"Book of Stabbing","floor":28,"turns":4},{"damage":27,"enemies":"Gremlin Leader","floor":30,"turns":5},{"damage":30,"enemies":"Cultist and Chosen","floor":31,"turns":7},{"damage":36,"enemies":"Automaton","floor":33,"turns":8},{"damage":32,"enemies":"3 Shapes","floor":35,"turns":2},{"damage":0,"enemies":"Orb Walker","floor":36,"turns":3},{"damage":42,"enemies":"Transient","floor":37,"turns":6},{"damage":32,"enemies":"Reptomancer","floor":41,"turns":6},{"damage":9,"enemies":"3 Darklings","floor":42,"turns":5},{"damage":36,"enemies":"Spire Growth","floor":44,"turns":5},{"damage":32,"enemies":"Sphere and 2 Shapes","floor":45,"turns":8},{"damage":45,"enemies":"2 Orb Walkers","floor":47,"turns":5},{"damage":52,"enemies":"Donu and Deca","floor":50,"turns":10},{"damage":64,"enemies":"Time Eater","floor":51,"turns":10},{"damage":58,"enemies":"Shield and Spear","floor":55,"turns":7},{"damage":130,"enemies":"The Heart","floor":56,"turns":11}],"seed_played":"-6715611893858290718","potions_obtained":[{"floor":1,"key":"Poison Potion"},{"floor":5,"key":"FearPotion"},{"floor":8,"key":"Energy Potion"},{"floor":16,"key":"GamblersBrew"},{"floor":18,"key":"Swift Potion"},{"floor":21,"key":"Ancient Potion"},{"floor":28,"key":"AttackPotion"},{"floor":30,"key":"SteroidPotion"},{"floor":36,"key":"PowerPotion"},{"floor":41,"key":"Explosive Potion"},{"floor":47,"key":"SkillPotion"}],"is_trial":false,"path_per_floor":["M","?","M","?","M","E","R","E","T","?","?","M","R","?","R","B",null,"M","$","?","M","M","E","R","M","T","M","E","R","E","M","R","B",null,"M","M","M","?","?","R","E","M","T","M","M","$","?","$","R","B","B",null,"R","$","E","B"],"character_chosen":"IRONCLAD","items_purchased":["Vajra","Membership Card","Calipers","Second Wind","DollysMirror","Swift Potion","PowerPotion"],"campfire_rested":7,"item_purchase_floors":[19,46,46,48,48,48,54],"current_hp_per_floor":[71,60,63,63,65,51,75,32,32,32,7,9,33,33,33,17,66,64,64,64,70,67,54,78,82,82,82,60,60,61,52,76,76,81,55,61,49,49,39,63,70,96,96,91,85,85,68,68,96,90,95,96,96,96,96,0],"gold":70,"neow_bonus":"TEN_PERCENT_HP_BONUS","is_prod":false,"is_daily":false,"chose_seed":false,"campfire_upgraded":1,"win_rate":0,"timestamp":1547748784,"path_taken":["M","?","M","?","M","E","R","E","T","?","?","?","R","?","R","BOSS","M","$","?","M","?","E","R","?","T","M","E","R","E","M","R","BOSS","M","M","M","?","?","R","E","M","T","M","M","$","?","$","R","BOSS","BOSS","R","$","E","BOSS"],"build_version":"2019-01-10","purchased_purges":3,"victory":false,"max_hp_per_floor":[82,82,82,82,82,82,82,82,82,82,82,82,82,82,82,82,82,82,82,82,82,82,82,82,82,82,82,82,82,82,82,82,82,82,82,82,82,82,82,82,96,96,96,96,96,96,96,96,96,96,96,96,96,96,96,96],"card_choices":[{"not_picked":["True Grit","Dropkick"],"picked":"Thunderclap","floor":1},{"not_picked":["Entrench","Warcry"],"picked":"Clothesline","floor":3},{"not_picked":["True Grit","Flame Barrier"],"picked":"Anger","floor":5},{"not_picked":["Flex","Twin Strike"],"picked":"Fiend Fire","floor":6},{"not_picked":["Body Slam","Corruption"],"picked":"Demon Form","floor":8},{"not_picked":["Clothesline","Anger","Second Wind"],"picked":"Power Through","floor":12},{"not_picked":["Exhume","Double Tap","Dark Embrace"],"picked":"Immolate","floor":16},{"not_picked":["Thunderclap","True Grit","Sword Boomerang"],"picked":"Intimidate+1","floor":18},{"not_picked":["Headbutt","Twin Strike","Hemokinesis","Blood for Blood"],"picked":"SKIP","floor":21},{"not_picked":["Perfected Strike","Thunderclap","Metallicize","Warcry"],"picked":"SKIP","floor":22},{"not_picked":["Carnage","Sword Boomerang","Flex"],"picked":"Reaper","floor":23},{"not_picked":["Armaments","Anger","Havoc","Perfected Strike"],"picked":"SKIP","floor":25},{"not_picked":["Perfected Strike+1","True Grit","Havoc","Body Slam"],"picked":"SKIP","floor":27},{"not_picked":["Perfected Strike+1","True Grit","Havoc","Body Slam"],"picked":"SKIP","floor":27},{"not_picked":["Clothesline","Combust","Thunderclap"],"picked":"Sword Boomerang","floor":28},{"not_picked":["Pommel Strike","Perfected Strike","Whirlwind"],"picked":"Shrug It Off","floor":30},{"not_picked":["True Grit","Thunderclap","Juggernaut","Uppercut+1"],"picked":"SKIP","floor":31},{"not_picked":["Fiend Fire","Exhume","Offering"],"picked":"Reaper","floor":33},{"not_picked":["Corruption","Inflame","Uppercut"],"picked":"Power Through","floor":35},{"not_picked":["Pommel Strike","Ghostly Armor","Clash"],"picked":"Shockwave","floor":36},{"not_picked":["Shockwave","Cleave+1","Second Wind"],"picked":"Battle Trance+1","floor":37},{"not_picked":["Discovery","Mayhem","Trip"],"picked":"Finesse","floor":39},{"not_picked":["Good Instincts","PanicButton","Flash of Steel"],"picked":"Thinking Ahead","floor":39},{"not_picked":["Iron Wave","Havoc","Clash"],"picked":"Armaments+1","floor":41},{"not_picked":["Headbutt","Pummel","Sword Boomerang+1","Clash+1"],"picked":"SKIP","floor":42},{"not_picked":["Sever Soul","Bloodletting","Ghostly Armor+1"],"picked":"Feel No Pain","floor":44},{"not_picked":["Heavy Blade","Flex","Bloodletting","Body Slam"],"picked":"SKIP","floor":45},{"not_picked":["Spot Weakness","Combust+1","Anger"],"picked":"Pummel+1","floor":55}],"player_experience":4123585,"relics_obtained":[{"floor":6,"key":"Pen Nib"},{"floor":8,"key":"Thread and Needle"},{"floor":23,"key":"Oddly Smooth Stone"},{"floor":26,"key":"Meat on the Bone"},{"floor":28,"key":"Happy Flower"},{"floor":30,"key":"MawBank"},{"floor":41,"key":"Mango"},{"floor":43,"key":"Unceasing Top"},{"floor":47,"key":"Nunchaku"},{"floor":55,"key":"Art of War"}],"event_choices":[{"damage_healed":0,"gold_gain":75,"player_choice":"Gather Gold","damage_taken":11,"max_hp_gain":0,"max_hp_loss":0,"event_name":"World of Goop","floor":2,"gold_loss":0},{"cards_removed":["Strike_R"],"damage_healed":0,"gold_gain":0,"player_choice":"Card Removal","damage_taken":0,"max_hp_gain":0,"max_hp_loss":0,"event_name":"The Cleric","floor":4,"gold_loss":75},{"damage_healed":0,"gold_gain":0,"player_choice":"Searched \u00271\u0027 times","damage_taken":0,"relics_obtained":["Question Card"],"max_hp_gain":0,"max_hp_loss":0,"event_name":"Dead Adventurer","floor":10,"gold_loss":0},{"damage_healed":0,"gold_gain":0,"player_choice":"Entered Light","damage_taken":25,"max_hp_gain":0,"max_hp_loss":0,"event_name":"Shining Light","floor":11,"gold_loss":0,"cards_upgraded":["Strike_R","Defend_R"]},{"damage_healed":0,"gold_gain":0,"player_choice":"Ignored","damage_taken":0,"max_hp_gain":0,"max_hp_loss":0,"event_name":"Liars Game","floor":14,"gold_loss":0},{"cards_removed":["Strike_R"],"damage_healed":0,"gold_gain":0,"player_choice":"Offered Basic","damage_taken":0,"max_hp_gain":0,"max_hp_loss":0,"event_name":"Bonfire Elementals","floor":20,"gold_loss":0},{"cards_removed":["Sever Soul"],"damage_healed":0,"gold_gain":0,"player_choice":"Removed Attack","damage_taken":0,"max_hp_gain":0,"max_hp_loss":0,"event_name":"Falling","floor":38,"gold_loss":0},{"damage_healed":0,"gold_gain":0,"player_choice":"Memory 3","damage_taken":10,"max_hp_gain":0,"max_hp_loss":0,"event_name":"SensoryStone","floor":39,"gold_loss":0},{"damage_healed":0,"gold_gain":0,"player_choice":"Fight","damage_taken":0,"max_hp_gain":0,"max_hp_loss":0,"event_name":"Mysterious Sphere","floor":47,"gold_loss":0}],"is_beta":false,"boss_relics":[{"not_picked":["Runic Dome","Calling Bell"],"picked":"Fusion Hammer"},{"not_picked":["Runic Cube","Philosopher\u0027s Stone"],"picked":"Astrolabe"}],"items_purged_floors":[19,46,48],"is_endless":false,"potions_floor_spawned":[1,5,8,16,18,21,28,30,36,41,47],"killed_by":"The Heart","ascension_level":20}