{"gold_per_floor":[112,10,10,20,20,53,53,70,151,166,198,198,217,246,246,246],"floor_reached":16,"playtime":949,"items_purged":["Strike_R"],"score":218,"play_id":"d0cee260-ad0a-4c69-839a-78334d5960d2","local_time":"20190305124852","is_ascension_mode":true,"campfire_choices":[{"floor":12,"key":"REST"},{"floor":15,"key":"REST"}],"neow_cost":"NONE","seed_source_timestamp":9799599299811,"circlet_count":0,"master_deck":["AscendersBane","Strike_R","Strike_R","Strike_R","Defend_R","Defend_R","Defend_R","Defend_R","Bash","Clash","Shrug It Off","Regret","Sever Soul","Whirlwind","Impatience+1","Reaper","Clash","Power Through+1","Shrug It Off+1","Carnage","Armaments+1"],"special_seed":0,"relics":["Burning Blood","NeowsBlessing","Bag of Marbles","Toxic Egg 2","Ornamental Fan","Incense Burner","Smiling Mask"],"potions_floor_usage":[],"damage_taken":[{"damage":0.0,"enemies":"Jaw Worm","floor":1.0,"turns":1.0},{"damage":0.0,"enemies":"Small Slimes","floor":4.0,"turns":1.0},{"damage":0.0,"enemies":"3 Sentries","floor":6.0,"turns":1.0},{"damage":0.0,"enemies":"2 Louse","floor":8.0,"turns":2.0},{"damage":20,"enemies":"Exordium Thugs","floor":10,"turns":6},{"damage":60,"enemies":"Gremlin Nob","floor":11,"turns":6},{"damage":3,"enemies":"Exordium Wildlife","floor":13,"turns":3},{"damage":33,"enemies":"3 Sentries","floor":14,"turns":11},{"damage":66,"enemies":"Slime Boss","floor":16,"turns":9}],"seed_played":"-6996385710694524081","potions_obtained":[{"floor":1.0,"key":"FearPotion"},{"floor":10,"key":"SkillPotion"},{"floor":14,"key":"Poison Potion"}],"is_trial":false,"path_per_floor":["M","$","?","M","?","E","?","M","T","M","E","R","M","E","R","B"],"character_chosen":"IRONCLAD","items_purchased":["Clash"],"campfire_rested":2,"item_purchase_floors":[2],"current_hp_per_floor":[78,78,78,80,80,80,80,80,80,70,16,40,55,42,66,0],"gold":246,"neow_bonus":"THREE_ENEMY_KILL","is_prod":false,"is_daily":false,"chose_seed":false,"campfire_upgraded":0,"win_rate":0,"timestamp":1551757732,"path_taken":["M","$","?","M","?","E","?","M","T","M","E","R","?","E","R","BOSS"],"build_version":"2019-01-23","purchased_purges":1,"victory":false,"max_hp_per_floor":[80,80,80,80,80,80,80,80,80,80,80,80,80,80,80,80],"card_choices":[{"not_picked":["Dual Wield","Clash","Sword Boomerang"],"picked":"SKIP","floor":1.0},{"not_picked":["Pummel","True Grit"],"picked":"Shrug It Off","floor":4.0},{"not_picked":["Rampage","Rage"],"picked":"Sever Soul","floor":6.0},{"not_picked":["Burning Pact+1","Sword Boomerang"],"picked":"Power Through+1","floor":8.0},{"not_picked":["Body Slam","Twin Strike"],"picked":"Shrug It Off+1","floor":10},{"not_picked":["Iron Wave","True Grit+1"],"picked":"Carnage","floor":11},{"not_picked":["Wild Strike","Clash"],"picked":"Armaments+1","floor":13},{"not_picked":["Cleave","Power Through+1","Armaments+1"],"picked":"SKIP","floor":14}],"player_experience":231463,"relics_obtained":[{"floor":6.0,"key":"Toxic Egg 2"},{"floor":9.0,"key":"Ornamental Fan"},{"floor":11,"key":"Incense Burner"},{"floor":14,"key":"Smiling Mask"}],"event_choices":[{"cards_removed":["Strike_R"],"damage_healed":0.0,"max_hp_gain":0.0,"max_hp_loss":0.0,"gold_gain":0.0,"event_name":"Living Wall","player_choice":"Forget","floor":3.0,"gold_loss":0.0,"damage_taken":0.0},{"damage_healed":0.0,"max_hp_gain":0.0,"max_hp_loss":0.0,"gold_gain":0.0,"event_name":"Big Fish","player_choice":"Box","floor":5.0,"gold_loss":0.0,"damage_taken":0.0,"relics_obtained":["Bag of Marbles"],"cards_obtained":["Regret"]},{"damage_healed":0.0,"max_hp_gain":0.0,"max_hp_loss":0.0,"gold_gain":0.0,"event_name":"Match and Keep!","player_choice":"4 cards matched","floor":7.0,"gold_loss":0.0,"damage_taken":0.0,"cards_obtained":["Whirlwind","Impatience","Reaper","Clash"]}],"is_beta":false,"boss_relics":[],"items_purged_floors":[2],"is_endless":false,"potions_floor_spawned":[1,10,14],"killed_by":"Slime Boss","ascension_level":10}