{"gold_per_floor":[116,116,134,134,153,153,34,62,62,88,98,63,63,121,121,221,221,241,241,258,258,258,258,293,304,331,63,81,81,111,126,126,222,222,239,258,258,558,573,607,607,607,607,621,621,655,305,322,322,322],"floor_reached":51,"playtime":4784,"items_purged":["Strike_R"],"score":930,"play_id":"6ae5688a-02ef-4df0-8b10-ca57d54aec0c","local_time":"20190219210132","is_ascension_mode":true,"campfire_choices":[{"data":"Clothesline","floor":6.0,"key":"SMITH"},{"data":"Hemokinesis","floor":13.0,"key":"SMITH"},{"floor":15.0,"key":"REST"},{"floor":23,"key":"REST"},{"floor":29,"key":"REST"},{"data":"Whirlwind","floor":32,"key":"SMITH"},{"floor":45,"key":"REST"},{"floor":49,"key":"REST"}],"neow_cost":"NONE","seed_source_timestamp":0,"circlet_count":0,"master_deck":["Strike_R","Strike_R","Strike_R","Strike_R","Defend_R","Defend_R","Defend_R","Defend_R","Bash+1","Dual Wield","Shockwave","Clothesline+1","Whirlwind+1","Shrug It Off","Rupture","Hemokinesis+1","Brutality","Feel No Pain+1","Battle Trance","Reckless Charge+1","Corruption","Reckless Charge","Pummel","Warcry","Heavy Blade+1","Fiend Fire","Blood for Blood","Hemokinesis","Bloodletting+1","Writhe","Double Tap","Armaments+1","Body Slam+1"],"special_seed":0,"relics":["Black Blood","Tiny Chest","Gambling Chip","Du-Vu Doll","Boot","Mercury Hourglass","Mango","MutagenicStrength","Thread and Needle","Red Mask","Bag of Preparation","Red Skull","Sozu","Old Coin","Dead Branch","Bottled Tornado","Frozen Egg 2","Ice Cream","Frozen Eye","Centennial Puzzle"],"potions_floor_usage":[20,24,24,24,31,31,33],"damage_taken":[{"damage":5.0,"enemies":"Small Slimes","floor":1.0,"turns":4.0},{"damage":1.0,"enemies":"2 Louse","floor":3.0,"turns":3.0},{"damage":14.0,"enemies":"Jaw Worm","floor":5.0,"turns":3.0},{"damage":39.0,"enemies":"3 Sentries","floor":8.0,"turns":8.0},{"damage":24.0,"enemies":"Gremlin Nob","floor":10.0,"turns":4.0},{"damage":11.0,"enemies":"2 Fungi Beasts","floor":11.0,"turns":4.0},{"damage":2.0,"enemies":"Gremlin Nob","floor":14.0,"turns":2.0},{"damage":68.0,"enemies":"The Guardian","floor":16.0,"turns":13.0},{"damage":41.0,"enemies":"Shell Parasite","floor":18.0,"turns":5.0},{"damage":36,"enemies":"2 Thieves","floor":20,"turns":3},{"damage":10,"enemies":"Masked Bandits","floor":24,"turns":3},{"damage":11,"enemies":"3 Cultists","floor":25,"turns":5},{"damage":22,"enemies":"Centurion and Healer","floor":28,"turns":6},{"damage":20,"enemies":"Slavers","floor":30,"turns":5},{"damage":16,"enemies":"Shelled Parasite and Fungi","floor":31,"turns":5},{"damage":39,"enemies":"Automaton","floor":33,"turns":6},{"damage":0,"enemies":"Orb Walker","floor":35,"turns":3},{"damage":20,"enemies":"3 Darklings","floor":36,"turns":5},{"damage":12,"enemies":"4 Shapes","floor":39,"turns":5},{"damage":48,"enemies":"Nemesis","floor":40,"turns":5},{"damage":34,"enemies":"Writhing Mass","floor":44,"turns":4},{"damage":22,"enemies":"Reptomancer","floor":46,"turns":6},{"damage":13,"enemies":"Sphere and 2 Shapes","floor":48,"turns":3},{"damage":10,"enemies":"Time Eater","floor":50,"turns":3}],"seed_played":"5683663150494318932","potions_obtained":[{"floor":1.0,"key":"AttackPotion"},{"floor":3.0,"key":"Regen Potion"},{"floor":10.0,"key":"GamblersBrew"},{"floor":11.0,"key":"Explosive Potion"},{"floor":20,"key":"EntropicBrew"},{"floor":24,"key":"Strength Potion"},{"floor":30,"key":"Energy Potion"}],"is_trial":false,"path_per_floor":["M","?","M","?","M","R","$","E","T","E","M","$","R","?","R","B",null,"M","?","M","?","T","R","?","M","T","$","M","R","E","M","R","B",null,"M","M","?","T","M","E","T","?","T","M","R","E","$","M","R","B",null],"character_chosen":"IRONCLAD","items_purchased":["Tiny Chest","Hemokinesis","Corruption","Reckless Charge","Pummel","Frozen Eye","Centennial Puzzle"],"campfire_rested":5,"item_purchase_floors":[7,12,27,27,27,47,47],"current_hp_per_floor":[88,88,88,88,80,80,80,62,62,44,39,39,39,43,69,7,88,57,71,45,45,45,75,75,74,74,74,62,92,82,76,76,47,102,102,92,92,92,90,52,52,78,78,54,84,72,72,69,99,99],"gold":322,"neow_bonus":"TEN_PERCENT_HP_BONUS","is_prod":false,"is_daily":false,"chose_seed":false,"campfire_upgraded":3,"win_rate":0,"timestamp":1550606492,"path_taken":["M","?","M","?","M","R","?","E","T","E","M","$","R","?","R","BOSS","M","?","M","?","?","R","?","M","T","?","M","R","E","M","R","BOSS","M","M","?","?","?","E","?","?","T","M","R","E","$","M","R","BOSS"],"build_version":"2019-01-23","purchased_purges":1,"victory":true,"max_hp_per_floor":[88,88,88,88,88,88,88,88,88,88,88,88,88,88,88,88,88,88,102,102,102,102,102,102,102,102,102,102,102,102,102,102,102,102,102,102,102,102,102,102,102,102,102,102,102,102,102,102,102,102],"card_choices":[{"not_picked":["Body Slam","Twin Strike"],"picked":"Dual Wield","floor":1.0},{"not_picked":["Wild Strike","Thunderclap"],"picked":"Shockwave","floor":3.0},{"not_picked":["Metallicize","True Grit"],"picked":"Clothesline","floor":5.0},{"not_picked":["Perfected Strike","Rampage"],"picked":"Whirlwind","floor":8.0},{"not_picked":["Warcry","Body Slam"],"picked":"Shrug It Off","floor":10.0},{"not_picked":["Searing Blow","Fire Breathing"],"picked":"Rupture","floor":11.0},{"not_picked":["Demon Form","Offering"],"picked":"Brutality","floor":16.0},{"not_picked":["Entrench+1","Iron Wave"],"picked":"Feel No Pain+1","floor":18.0},{"not_picked":["Shrug It Off","Cleave"],"picked":"Battle Trance","floor":20},{"not_picked":["Shrug It Off","Perfected Strike+1"],"picked":"Reckless Charge+1","floor":24},{"not_picked":["Warcry","Sentinel","Armaments"],"picked":"SKIP","floor":25},{"not_picked":["Cleave","Berserk"],"picked":"Warcry","floor":28},{"not_picked":["Cleave+1","Sword Boomerang+1"],"picked":"Heavy Blade+1","floor":30},{"not_picked":["Clash","Dual Wield","Twin Strike"],"picked":"SKIP","floor":31},{"not_picked":["Brutality","Dark Embrace"],"picked":"Fiend Fire","floor":33},{"not_picked":["Thunderclap","Clothesline"],"picked":"Blood for Blood","floor":35},{"not_picked":["Warcry","Cleave+1"],"picked":"Hemokinesis","floor":36},{"not_picked":["Carnage","Infernal Blade"],"picked":"Bloodletting+1","floor":39},{"not_picked":["Clash+1","Headbutt","Warcry+1"],"picked":"SKIP","floor":40},{"not_picked":["Pommel Strike+1","Twin Strike"],"picked":"Double Tap","floor":44},{"not_picked":["Rampage","Headbutt"],"picked":"Armaments+1","floor":46},{"not_picked":["Burning Pact","Corruption+1"],"picked":"Body Slam+1","floor":48}],"player_experience":345416,"relics_obtained":[{"floor":8.0,"key":"Gambling Chip"},{"floor":9.0,"key":"Du-Vu Doll"},{"floor":10.0,"key":"Boot"},{"floor":14.0,"key":"Mercury Hourglass"},{"floor":22,"key":"Thread and Needle"},{"floor":24,"key":"Red Mask"},{"floor":26,"key":"Bag of Preparation"},{"floor":30,"key":"Red Skull"},{"floor":38,"key":"Old Coin"},{"floor":40,"key":"Dead Branch"},{"floor":41,"key":"Bottled Tornado"},{"floor":43,"key":"Frozen Egg 2"},{"floor":46,"key":"Ice Cream"}],"event_choices":[{"damage_healed":0.0,"max_hp_gain":0.0,"max_hp_loss":0.0,"gold_gain":0.0,"event_name":"Living Wall","player_choice":"Grow","floor":2.0,"gold_loss":0.0,"damage_taken":0.0,"cards_upgraded":["Bash"]},{"damage_healed":0.0,"max_hp_gain":0.0,"max_hp_loss":0.0,"gold_gain":0.0,"event_name":"Liars Game","player_choice":"Ignored","floor":4.0,"gold_loss":0.0,"damage_taken":0.0},{"damage_healed":0.0,"max_hp_gain":0.0,"max_hp_loss":0.0,"gold_gain":30.0,"event_name":"Dead Adventurer","player_choice":"Searched \u00273\u0027 times","floor":14.0,"gold_loss":0.0,"damage_taken":0.0},{"damage_healed":0.0,"max_hp_gain":0.0,"max_hp_loss":0.0,"gold_gain":0.0,"event_name":"The Mausoleum","player_choice":"Opened","floor":19.0,"gold_loss":0.0,"damage_taken":0.0,"relics_obtained":["Mango"]},{"damage_healed":0,"gold_gain":0,"player_choice":"Inject Mutagens","damage_taken":0,"relics_obtained":["MutagenicStrength"],"max_hp_gain":0,"max_hp_loss":0,"event_name":"Drug Dealer","floor":21,"gold_loss":0},{"damage_healed":0,"gold_gain":0,"player_choice":"Fought Bandits","damage_taken":0,"max_hp_gain":0,"max_hp_loss":0,"event_name":"Masked Bandits","floor":24,"gold_loss":0},{"damage_healed":0,"gold_gain":0,"player_choice":"Ignored","damage_taken":0,"max_hp_gain":0,"max_hp_loss":0,"event_name":"Mysterious Sphere","floor":37,"gold_loss":0},{"damage_healed":26,"gold_gain":0,"player_choice":"Writhe","damage_taken":0,"max_hp_gain":0,"max_hp_loss":0,"event_name":"Winding Halls","floor":42,"gold_loss":0,"cards_obtained":["Writhe"]}],"is_beta":false,"boss_relics":[{"not_picked":["Runic Cube","Velvet Choker"],"picked":"Black Blood"},{"not_picked":["Mark of Pain","Lizard Tail"],"picked":"Sozu"}],"items_purged_floors":[27],"is_endless":false,"potions_floor_spawned":[1,3,10,11,20,24,30,36,44,48],"ascension_level":4}