{"gold_per_floor":[110,110,110,124,137,137,137,81,81,81,115,135,149,149,9,9,188,188,212,27,27,43,59,59,90,90,90,90,90,109,129,35,35,35,233,233,254,131,150,79,79,113,132,156,156,156,156,156,281,306,321,321,321],"floor_reached":53,"playtime":2003,"items_purged":["Riddle With Holes","Masterful Stab","Writhe"],"score":304,"play_id":"2bc53394-b525-4229-a194-53e42e33288e","local_time":"20190220034259","is_ascension_mode":true,"campfire_choices":[{"data":"Crippling Poison","floor":6,"key":"SMITH"},{"data":"Glass Knife","floor":14,"key":"SMITH"},{"data":"Apotheosis","floor":16,"key":"SMITH"},{"data":"Tactician","floor":24,"key":"SMITH"},{"data":"Masterful Stab","floor":26,"key":"SMITH"},{"data":"Masterful Stab","floor":29,"key":"SMITH"},{"data":"Acrobatics","floor":34,"key":"SMITH"},{"floor":47,"key":"RECALL"},{"floor":52,"key":"REST"}],"neow_cost":"NONE","seed_source_timestamp":479046706033500,"circlet_count":0,"master_deck":["Deflect","Sucker Punch","PiercingWail","Sucker Punch","Crippling Poison+1","Glass Knife+1","Dagger Throw","Dagger Throw","Cloak And Dagger","Cloak And Dagger","Cloak And Dagger","Tactician+1","Eviscerate+1","Apotheosis+1","Slice+1","Masterful Stab+1","Masterful Stab+1","Crippling Poison+1","Grand Finale","Infinite Blades+1","Acrobatics+1","Storm of Steel+1","Crippling Poison+1","Slice+1","Purity+1","Panacea+1","The Bomb+1","PanicButton+1","Accuracy+1","Slice","Blade Dance+1","Accuracy+1","Parasite","Slice+1"],"relics":["Sozu","Golden Idol","Bird Faced Urn","Orrery","Paper Crane","Bag of Preparation","Ninja Scroll","Toxic Egg 2","HoveringKite","Gremlin Horn","The Courier","Gambling Chip"],"potions_floor_usage":[],"damage_taken":[{"damage":0,"enemies":"Small Slimes","floor":1,"turns":2},{"damage":0,"enemies":"2 Louse","floor":4,"turns":1},{"damage":0,"enemies":"Jaw Worm","floor":5,"turns":2},{"damage":5,"enemies":"Gremlin Nob","floor":11,"turns":3},{"damage":0,"enemies":"2 Fungi Beasts","floor":12,"turns":2},{"damage":2,"enemies":"Gremlin Gang","floor":13,"turns":2},{"damage":0,"enemies":"Slime Boss","floor":17,"turns":4},{"damage":1,"enemies":"3 Byrds","floor":19,"turns":3},{"damage":0,"enemies":"2 Thieves","floor":22,"turns":3},{"damage":1,"enemies":"Snecko","floor":23,"turns":3},{"damage":5,"enemies":"Slavers","floor":25,"turns":4},{"damage":0,"enemies":"3 Cultists","floor":30,"turns":2},{"damage":0,"enemies":"Centurion and Healer","floor":31,"turns":2},{"damage":4,"enemies":"Collector","floor":35,"turns":6},{"damage":8,"enemies":"3 Darklings","floor":37,"turns":4},{"damage":0,"enemies":"Orb Walker","floor":39,"turns":1},{"damage":7,"enemies":"Reptomancer","floor":42,"turns":5},{"damage":1,"enemies":"Spire Growth","floor":43,"turns":3},{"damage":2,"enemies":"Jaw Worm Horde","floor":44,"turns":4},{"damage":21,"enemies":"Mind Bloom Boss Battle","floor":49,"turns":4},{"damage":0,"enemies":"Writhing Mass","floor":50,"turns":4},{"damage":15,"enemies":"Maw","floor":51,"turns":5},{"damage":62,"enemies":"Time Eater","floor":53,"turns":9}],"seed_played":"-1521858499948684760","potions_obtained":[],"is_trial":false,"path_per_floor":["M","?","?","M","M","R","?","$","T","T","E","M","M","R","$","R","B",null,"M","$","?","M","M","R","E","R","T","T","R","M","M","$","?","R","B",null,"M","$","M","$","?","E","M","M","T","T","R","?","?","M","M","R","B"],"character_chosen":"THE_SILENT","items_purchased":["Apotheosis","Paper Crane","Acrobatics","Crippling Poison+1","Purity+1"],"campfire_rested":1,"item_purchase_floors":[15,20,32,38,40],"current_hp_per_floor":[74,74,56,56,56,56,49,49,49,49,44,44,42,42,42,42,42,74,73,73,74,74,73,73,68,68,68,68,68,68,68,68,68,68,66,74,66,66,66,66,56,51,52,54,54,54,54,54,37,41,32,53,0],"gold":321,"neow_bonus":"BOSS_RELIC","is_prod":false,"is_daily":false,"chose_seed":false,"campfire_upgraded":7,"win_rate":0,"timestamp":1550601779,"path_taken":["M","?","?","?","M","R","?","$","T","E","?","M","R","$","R","BOSS","M","$","?","?","M","R","E","R","T","R","M","M","$","?","R","BOSS","M","$","M","$","?","E","M","M","T","R","?","?","?","M","R","BOSS"],"build_version":"2019-01-23","purchased_purges":3,"victory":false,"max_hp_per_floor":[74,74,74,74,74,74,74,74,74,74,74,74,74,74,74,74,74,74,74,74,74,74,74,74,74,74,74,74,74,74,74,74,74,74,74,74,74,74,74,74,74,74,74,74,74,74,74,70,70,70,70,70,70],"card_choices":[{"not_picked":["Backstab","Bane+1"],"picked":"Riddle With Holes","floor":1},{"not_picked":["Sucker Punch","Bane"],"picked":"Cloak And Dagger","floor":4},{"not_picked":["Backstab","Underhanded Strike+1"],"picked":"Tactician","floor":5},{"not_picked":["A Thousand Cuts","Bane"],"picked":"Eviscerate+1","floor":11},{"not_picked":["Flying Knee","Predator+1"],"picked":"Slice+1","floor":18},{"not_picked":["Dash","Acrobatics"],"picked":"Eviscerate","floor":18},{"not_picked":["Cloak And Dagger","Dagger Throw+1"],"picked":"Masterful Stab","floor":18},{"not_picked":["Setup","Burst"],"picked":"Masterful Stab","floor":18},{"not_picked":["Poisoned Stab+1","Sucker Punch+1"],"picked":"Crippling Poison+1","floor":22},{"not_picked":["Quick Slash","Poisoned Stab+1"],"picked":"Masterful Stab","floor":23},{"not_picked":["Finisher+1","Prepared"],"picked":"Grand Finale","floor":30},{"not_picked":["Cloak And Dagger+1","Calculated Gamble"],"picked":"Infinite Blades+1","floor":31},{"not_picked":["A Thousand Cuts","Phantasmal Killer+1"],"picked":"Storm of Steel+1","floor":35},{"not_picked":["Dagger Throw+1","Acrobatics+1"],"picked":"Slice+1","floor":39},{"not_picked":["Secret Weapon+1","Violence+1"],"picked":"Panacea+1","floor":41},{"not_picked":["Good Instincts+1","Dark Shackles+1"],"picked":"The Bomb+1","floor":41},{"not_picked":["Impatience+1","Blind+1"],"picked":"PanicButton+1","floor":41},{"not_picked":["Deflect+1","Cloak And Dagger+1"],"picked":"Accuracy+1","floor":42},{"not_picked":["Setup+1","Acrobatics+1"],"picked":"Slice","floor":43},{"not_picked":["Deadly Poison+1","Acrobatics+1"],"picked":"Blade Dance+1","floor":44},{"not_picked":["Blade Dance+1","Catalyst+1"],"picked":"Accuracy+1","floor":49},{"not_picked":["Expertise+1","Dagger Throw+1"],"picked":"Slice+1","floor":50}],"player_experience":4357004,"relics_obtained":[{"floor":11,"key":"Bird Faced Urn"},{"floor":25,"key":"Bag of Preparation"},{"floor":27,"key":"Ninja Scroll"},{"floor":42,"key":"Gremlin Horn"},{"floor":45,"key":"The Courier"},{"floor":49,"key":"Gambling Chip"}],"event_choices":[{"damage_healed":0,"gold_gain":0,"player_choice":"Ignored","damage_taken":0,"max_hp_gain":0,"max_hp_loss":0,"event_name":"Liars Game","floor":2,"gold_loss":0},{"damage_healed":0,"gold_gain":0,"player_choice":"Take Damage","damage_taken":18,"relics_obtained":["Golden Idol"],"max_hp_gain":0,"max_hp_loss":0,"event_name":"Golden Idol","floor":3,"gold_loss":0},{"damage_healed":0,"gold_gain":0,"player_choice":"Damaged","damage_taken":7,"max_hp_gain":0,"max_hp_loss":0,"event_name":"Wheel of Change","floor":7,"gold_loss":0},{"cards_removed":["Eviscerate"],"damage_healed":1,"gold_gain":0,"player_choice":"Offered Uncommon","damage_taken":0,"max_hp_gain":0,"max_hp_loss":0,"event_name":"Bonfire Elementals","floor":21,"gold_loss":0},{"damage_healed":0,"gold_gain":0,"player_choice":"Opened","damage_taken":0,"relics_obtained":["Toxic Egg 2"],"max_hp_gain":0,"max_hp_loss":0,"event_name":"The Mausoleum","floor":33,"gold_loss":0,"cards_obtained":["Writhe"]},{"damage_healed":0,"gold_gain":0,"player_choice":"Memory 3","damage_taken":10,"max_hp_gain":0,"max_hp_loss":0,"event_name":"SensoryStone","floor":41,"gold_loss":0},{"damage_healed":0,"gold_gain":0,"player_choice":"Max HP","damage_taken":0,"max_hp_gain":0,"max_hp_loss":4,"event_name":"Winding Halls","floor":48,"gold_loss":0},{"damage_healed":0,"gold_gain":0,"player_choice":"Fight","damage_taken":0,"max_hp_gain":0,"max_hp_loss":0,"event_name":"MindBloom","floor":49,"gold_loss":0}],"is_beta":false,"boss_relics":[{"not_picked":["Cursed Key","Eternal Feather"],"picked":"Orrery"},{"not_picked":["Busted Crown","Runic Pyramid"],"picked":"HoveringKite"}],"items_purged_floors":[8,32,38],"is_endless":false,"potions_floor_spawned":[1,13,23,25,31,35,39,42,49,51],"killed_by":"Time Eater","ascension_level":-10}