{"gold_per_floor":[109,66,77,2,77,102,0,0,0,0,26,26,51,65,65,139,139,149,165,182,182,182,182],"floor_reached":23,"playtime":676,"items_purged":["Strike_R"],"score":464,"play_id":"f8a9e034-9b88-4637-9609-db5a832a95c7","local_time":"20190108024907","is_ascension_mode":true,"campfire_choices":[{"data":"Body Slam","floor":8,"key":"SMITH"},{"data":"Havoc","floor":10,"key":"SMITH"},{"data":"Demon Form","floor":15,"key":"SMITH"}],"neow_cost":"NONE","seed_source_timestamp":520914307496599,"circlet_count":0,"master_deck":["AscendersBane","Strike_R","Strike_R","Defend_R","Defend_R","Defend_R","Defend_R","Bash","Second Wind","Feel No Pain","Sever Soul","Havoc+1","Body Slam+1","Shrug It Off","Wild Strike","Demon Form+1","Immolate","Sword Boomerang+1","Decay","True Grit","Juggernaut"],"relics":["Black Blood","NeowsBlessing","Juzu Bracelet","Pen Nib","Ice Cream","Magic Flower"],"potions_floor_usage":[16,18,19],"damage_taken":[{"damage":0,"enemies":"Cultist","floor":1,"turns":1},{"damage":0,"enemies":"Jaw Worm","floor":3,"turns":1},{"damage":0,"enemies":"Gremlin Nob","floor":6,"turns":1},{"damage":6,"enemies":"3 Sentries","floor":11,"turns":10},{"damage":2,"enemies":"Lagavulin","floor":13,"turns":5},{"damage":7,"enemies":"Small Slimes","floor":14,"turns":4},{"damage":46,"enemies":"Hexaghost","floor":16,"turns":8},{"damage":47,"enemies":"3 Byrds","floor":18,"turns":5},{"damage":11,"enemies":"2 Thieves","floor":19,"turns":4},{"damage":33,"enemies":"Snake Plant","floor":20,"turns":5},{"damage":26,"enemies":"Gremlin Leader","floor":23,"turns":4}],"seed_played":"5055505488817683618","potions_obtained":[{"floor":1,"key":"Dexterity Potion"},{"floor":3,"key":"SkillPotion"},{"floor":14,"key":"Strength Potion"},{"floor":18,"key":"Block Potion"}],"is_trial":false,"path_per_floor":["M","$","M","$","?","E","$","R","T","R","E","?","E","M","R","B",null,"M","M","M","?","?","E"],"character_chosen":"IRONCLAD","items_purchased":["Feel No Pain","Body Slam","Shrug It Off"],"campfire_rested":0,"item_purchase_floors":[2,7,7],"current_hp_per_floor":[74,74,75,75,64,70,70,70,70,70,70,70,74,75,75,38,66,34,38,20,20,20,0],"gold":182,"neow_bonus":"THREE_ENEMY_KILL","is_prod":false,"is_daily":false,"chose_seed":false,"campfire_upgraded":3,"win_rate":0,"timestamp":1546883347,"path_taken":["M","$","M","$","?","E","$","R","T","R","E","?","E","M","R","BOSS","M","M","M","?","?","E"],"build_version":"2019-01-03v4","purchased_purges":1,"victory":false,"max_hp_per_floor":[75,75,75,75,75,75,75,75,75,75,75,75,75,75,75,75,75,75,75,75,75,75,75],"card_choices":[{"not_picked":["Armaments","Cleave"],"picked":"Second Wind","floor":1},{"not_picked":["Heavy Blade","Perfected Strike"],"picked":"Sever Soul","floor":3},{"not_picked":["Whirlwind","Flex"],"picked":"Havoc","floor":6},{"not_picked":["Double Tap","Thunderclap"],"picked":"Wild Strike","floor":11},{"not_picked":["Heavy Blade","Twin Strike"],"picked":"Demon Form","floor":13},{"not_picked":["Clash","Dropkick","Uppercut"],"picked":"SKIP","floor":14},{"not_picked":["Exhume","Double Tap"],"picked":"Immolate","floor":16},{"not_picked":["Pommel Strike","Reckless Charge","Uppercut"],"picked":"SKIP","floor":18},{"not_picked":["Uppercut","Second Wind"],"picked":"Sword Boomerang+1","floor":19},{"not_picked":["Thunderclap","Entrench","Clothesline"],"picked":"SKIP","floor":20}],"player_experience":4014622,"relics_obtained":[{"floor":6,"key":"Juzu Bracelet"},{"floor":9,"key":"Pen Nib"},{"floor":11,"key":"Ice Cream"},{"floor":13,"key":"Magic Flower"}],"event_choices":[{"damage_healed":0,"gold_gain":75,"player_choice":"Gather Gold","damage_taken":11,"max_hp_gain":0,"max_hp_loss":0,"event_name":"World of Goop","floor":5,"gold_loss":0},{"damage_healed":0,"gold_gain":0,"player_choice":"Ignored","damage_taken":0,"max_hp_gain":0,"max_hp_loss":0,"event_name":"Liars Game","floor":12,"gold_loss":0},{"damage_healed":0,"gold_gain":0,"player_choice":"Smashed Altar","damage_taken":0,"max_hp_gain":0,"max_hp_loss":0,"event_name":"Forgotten Altar","floor":21,"gold_loss":0,"cards_obtained":["Decay"]},{"damage_healed":0,"gold_gain":0,"cards_transformed":["Strike_R","Strike_R"],"player_choice":"Became Test Subject","damage_taken":0,"max_hp_gain":0,"max_hp_loss":0,"event_name":"Drug Dealer","floor":22,"gold_loss":0,"cards_obtained":["True Grit","Juggernaut"]}],"is_beta":false,"boss_relics":[{"not_picked":["Busted Crown","Black Star"],"picked":"Black Blood"}],"items_purged_floors":[4],"is_endless":false,"potions_floor_spawned":[1,3,14,18],"killed_by":"Gremlin Leader","ascension_level":20}