{"gold_per_floor":[110,127,144,164,183,183,197,197,197,211,211,211,211,235,235,329,329,349,264,264,189,208,244,244,244,296,296,256,279,279,179,179,275,275,295,118,133,146,146,146,146],"floor_reached":41,"playtime":1709,"items_purged":["Defend_G","Strike_G","Storm of Steel"],"score":846,"play_id":"0d481a98-1154-47c2-babc-38dbf43c01b9","local_time":"20190313000711","is_ascension_mode":true,"campfire_choices":[{"data":"Quick Slash","floor":6.0,"key":"SMITH"},{"data":"Calculated Gamble","floor":8.0,"key":"SMITH"},{"data":"Sucker Punch","floor":12.0,"key":"SMITH"},{"data":"Grand Finale","floor":15.0,"key":"SMITH"},{"data":"Setup","floor":24.0,"key":"SMITH"},{"data":"Acrobatics","floor":30.0,"key":"SMITH"},{"data":"Prepared","floor":32.0,"key":"SMITH"},{"data":"Blur","floor":40,"key":"SMITH"}],"neow_cost":"PERCENT_DAMAGE","seed_source_timestamp":453924907773900,"circlet_count":0,"master_deck":["AscendersBane","Survivor","Neutralize","Quick Slash+1","Sucker Punch+1","Calculated Gamble+1","Cloak And Dagger","Underhanded Strike","Grand Finale+1","Backflip","Tools of the Trade","Setup+1","Acrobatics+1","Prepared+1","After Image","Crippling Poison","Bullet Time","Bullet Time","Slice","Blur+1","Acrobatics"],"special_seed":0,"relics":["Ring of the Snake","Anchor","Golden Idol","Eternal Feather","Oddly Smooth Stone","PreservedInsect","Blood Vial","Pandora\u0027s Box"],"potions_floor_usage":[33,35,37],"damage_taken":[{"damage":1.0,"enemies":"Cultist","floor":1.0,"turns":4.0},{"damage":3.0,"enemies":"Small Slimes","floor":2.0,"turns":5.0},{"damage":8.0,"enemies":"Jaw Worm","floor":3.0,"turns":6.0},{"damage":0.0,"enemies":"Looter","floor":4.0,"turns":4.0},{"damage":14.0,"enemies":"Lots of Slimes","floor":5.0,"turns":6.0},{"damage":6.0,"enemies":"Red Slaver","floor":7.0,"turns":3.0},{"damage":6.0,"enemies":"3 Louse","floor":10.0,"turns":4.0},{"damage":2.0,"enemies":"Lots of Slimes","floor":14.0,"turns":5.0},{"damage":16.0,"enemies":"Hexaghost","floor":16.0,"turns":9.0},{"damage":1.0,"enemies":"2 Thieves","floor":18.0,"turns":2.0},{"damage":9.0,"enemies":"Chosen","floor":22.0,"turns":7.0},{"damage":8.0,"enemies":"Book of Stabbing","floor":23.0,"turns":4.0},{"damage":0.0,"enemies":"Gremlin Leader","floor":25.0,"turns":3.0},{"damage":33.0,"enemies":"3 Cultists","floor":29.0,"turns":5.0},{"damage":24,"enemies":"Automaton","floor":33,"turns":8},{"damage":9,"enemies":"Orb Walker","floor":35,"turns":6},{"damage":0,"enemies":"3 Darklings","floor":37,"turns":5},{"damage":7,"enemies":"Writhing Mass","floor":38,"turns":8},{"damage":67,"enemies":"Transient","floor":41,"turns":5}],"seed_played":"-9051607975613561349","potions_obtained":[{"floor":3.0,"key":"Regen Potion"},{"floor":10.0,"key":"GhostInAJar"},{"floor":14.0,"key":"PowerPotion"},{"floor":18.0,"key":"SmokeBomb"},{"floor":23.0,"key":"Dexterity Potion"},{"floor":28.0,"key":"Ancient Potion"},{"floor":29.0,"key":"GhostInAJar"},{"floor":33,"key":"SkillPotion"},{"floor":38,"key":"FearPotion"}],"is_trial":false,"path_per_floor":["M","M","M","M","M","R","M","R","T","M","?","R","?","M","R","B",null,"M","?","?","$","M","E","R","E","T","?","?","M","R","$","R","B",null,"M","$","M","M","?","R","M"],"character_chosen":"THE_SILENT","items_purchased":["Acrobatics"],"campfire_rested":0,"item_purchase_floors":[36],"current_hp_per_floor":[55,52,44,44,45,45,39,39,39,33,33,33,33,31,31,15,57,56,56,56,56,47,39,51,51,51,51,51,20,32,32,44,22,59,52,52,54,49,49,61,0],"gold":146,"neow_bonus":"TWENTY_PERCENT_HP_BONUS","is_prod":false,"is_daily":false,"chose_seed":false,"campfire_upgraded":8,"win_rate":0,"timestamp":1552403231,"path_taken":["M","M","M","M","M","R","M","R","T","M","?","R","?","M","R","BOSS","M","?","?","$","M","E","R","E","T","?","?","M","R","$","R","BOSS","M","$","M","?","?","R","M"],"build_version":"2019-01-23","purchased_purges":3,"victory":false,"max_hp_per_floor":[78,78,78,78,78,78,78,78,78,78,78,78,71,71,71,71,71,71,71,71,71,71,71,71,71,71,71,71,71,71,71,71,71,71,71,71,71,71,71,71,71],"card_choices":[{"not_picked":["Eviscerate","Expertise"],"picked":"Quick Slash","floor":1.0},{"not_picked":["Accuracy","Heel Hook"],"picked":"Sucker Punch","floor":2.0},{"not_picked":["Escape Plan","Sucker Punch"],"picked":"Calculated Gamble","floor":3.0},{"not_picked":["Distraction","Reflex"],"picked":"Cloak And Dagger","floor":4.0},{"not_picked":["Blade Dance","Quick Slash"],"picked":"Underhanded Strike","floor":5.0},{"not_picked":["Dash","Backflip"],"picked":"Grand Finale","floor":7.0},{"not_picked":["Catalyst","Blade Dance","Dagger Throw"],"picked":"SKIP","floor":10.0},{"not_picked":["Catalyst","Blade Dance","Dagger Throw"],"picked":"SKIP","floor":10.0},{"not_picked":["Slice","Underhanded Strike"],"picked":"Backflip","floor":14.0},{"not_picked":["Storm of Steel","Night Terror"],"picked":"Tools of the Trade","floor":16.0},{"not_picked":["Crippling Poison","Flying Knee","Outmaneuver+1"],"picked":"SKIP","floor":18.0},{"not_picked":["Poisoned Stab","PiercingWail"],"picked":"Setup","floor":22.0},{"not_picked":["Leg Sweep","Escape Plan"],"picked":"Acrobatics","floor":23.0},{"not_picked":["Deflect","Deadly Poison+1"],"picked":"Prepared","floor":29.0},{"not_picked":["Corpse Explosion","Malaise"],"picked":"After Image","floor":33},{"not_picked":["Crippling Poison","Choke","Backflip"],"picked":"SKIP","floor":35},{"not_picked":["Dodge and Roll","PiercingWail","Deflect"],"picked":"SKIP","floor":37},{"not_picked":["Crippling Poison","Eviscerate+1","Cloak And Dagger"],"picked":"SKIP","floor":38}],"player_experience":4518268,"relics_obtained":[{"floor":9.0,"key":"Anchor"},{"floor":23.0,"key":"PreservedInsect"},{"floor":26.0,"key":"Blood Vial"}],"event_choices":[{"cards_removed":["Strike_G"],"damage_healed":0.0,"max_hp_gain":0.0,"max_hp_loss":0.0,"gold_gain":0.0,"event_name":"Living Wall","player_choice":"Forget","floor":11.0,"gold_loss":0.0,"damage_taken":0.0},{"damage_healed":0.0,"max_hp_gain":0.0,"max_hp_loss":7.0,"gold_gain":0.0,"event_name":"Golden Idol","player_choice":"Lose Max HP","floor":13.0,"gold_loss":0.0,"damage_taken":0.0,"relics_obtained":["Golden Idol"]},{"damage_healed":0.0,"max_hp_gain":0.0,"max_hp_loss":0.0,"gold_gain":0.0,"event_name":"Addict","player_choice":"Obtained Relic","floor":19.0,"gold_loss":85.0,"damage_taken":0.0,"relics_obtained":["Oddly Smooth Stone"]},{"damage_healed":0.0,"max_hp_gain":0.0,"max_hp_loss":0.0,"gold_gain":0.0,"event_name":"The Mausoleum","player_choice":"Ignored","floor":20.0,"gold_loss":0.0,"damage_taken":0.0},{"damage_healed":0.0,"max_hp_gain":0.0,"max_hp_loss":0.0,"gold_gain":0.0,"event_name":"Ghosts","player_choice":"Ignored","floor":27.0,"gold_loss":0.0,"damage_taken":0.0},{"damage_healed":0.0,"max_hp_gain":0.0,"max_hp_loss":0.0,"gold_gain":0.0,"event_name":"The Woman in Blue","player_choice":"Bought 3 Potions","floor":28.0,"gold_loss":0.0,"damage_taken":0.0},{"cards_removed":["Crippling Poison"],"damage_healed":0,"gold_gain":0,"player_choice":"Removed Skill","damage_taken":0,"max_hp_gain":0,"max_hp_loss":0,"event_name":"Falling","floor":39,"gold_loss":0}],"is_beta":false,"boss_relics":[{"not_picked":["Sozu","Fusion Hammer"],"picked":"Eternal Feather"},{"not_picked":["Runic Pyramid","Tiny House"],"picked":"Pandora\u0027s Box"}],"items_purged_floors":[21,31,36],"is_endless":false,"potions_floor_spawned":[3,10,14,18,23,29,33,38],"killed_by":"Transient","ascension_level":20}