{"gold_per_floor":[217,105,117,117,192,192,222,238,238,265,285,285,314,327,327,422,422,439,70,70,90,106,138,138,165,190,190,201,201],"floor_reached":29,"playtime":2169,"items_purged":["Strike_B","Strike_B+1"],"score":283,"play_id":"a526bc07-a276-4fb4-b437-a38c334550fa","local_time":"20190210211224","is_ascension_mode":false,"campfire_choices":[{"data":"Sunder","floor":6.0,"key":"SMITH"},{"floor":12,"key":"REST"},{"floor":15,"key":"REST"},{"data":"Defragment","floor":24,"key":"SMITH"}],"neow_cost":"NONE","seed_source_timestamp":0,"circlet_count":0,"master_deck":["Strike_B+1","Strike_B+1","Defend_B","Defend_B","Defend_B","Defend_B","Zap","Dualcast","Sunder+1","Capacitor","White Noise+1","Storm","Coolheaded","FTL","Electrodynamics","Machine Learning","Go for the Eyes+1","Defragment+1","Conserve Battery","Decay"],"special_seed":0,"relics":["Cracked Core","Question Card","Strawberry","Unceasing Top","Whetstone","Busted Crown","PreservedInsect","Bag of Marbles","Molten Egg 2","Dream Catcher"],"potions_floor_usage":[16,22],"damage_taken":[{"damage":1.0,"enemies":"2 Louse","floor":1.0,"turns":4.0},{"damage":2.0,"enemies":"Small Slimes","floor":3.0,"turns":4.0},{"damage":13.0,"enemies":"3 Sentries","floor":7.0,"turns":3.0},{"damage":6.0,"enemies":"Jaw Worm","floor":8.0,"turns":2.0},{"damage":8,"enemies":"Gremlin Nob","floor":10,"turns":3},{"damage":12,"enemies":"Exordium Wildlife","floor":11,"turns":4},{"damage":17,"enemies":"3 Sentries","floor":13,"turns":4},{"damage":10,"enemies":"Looter","floor":14,"turns":2},{"damage":27,"enemies":"The Guardian","floor":16,"turns":9},{"damage":20,"enemies":"2 Thieves","floor":18,"turns":3},{"damage":4,"enemies":"Shell Parasite","floor":21,"turns":4},{"damage":0,"enemies":"Snecko","floor":22,"turns":4},{"damage":20,"enemies":"Slavers","floor":23,"turns":3},{"damage":10,"enemies":"Gremlin Leader","floor":25,"turns":7},{"damage":19,"enemies":"Cultist and Chosen","floor":28,"turns":5},{"damage":0,"enemies":"Centurion and Healer","floor":29,"turns":1}],"seed_played":"1152231499554091738","potions_obtained":[{"floor":1.0,"key":"Explosive Potion"},{"floor":8.0,"key":"Poison Potion"},{"floor":11,"key":"Swift Potion"},{"floor":18,"key":"FocusPotion"},{"floor":22,"key":"SteroidPotion"}],"is_trial":false,"path_per_floor":["M","$","M","?","?","R","E","M","T","E","M","R","E","M","R","B",null,"M","$","?","M","M","E","R","E","T","?","M","M"],"character_chosen":"DEFECT","items_purchased":["Capacitor","PreservedInsect","Defragment","Conserve Battery"],"campfire_rested":2,"item_purchase_floors":[2,19,19,19],"current_hp_per_floor":[74,74,72,57,46,46,33,27,34,26,14,38,21,11,35,8,82,62,62,62,58,58,38,38,28,28,28,9,9],"gold":201,"neow_bonus":"HUNDRED_GOLD","is_prod":false,"is_daily":false,"chose_seed":false,"campfire_upgraded":2,"win_rate":0.0,"timestamp":1549800744,"path_taken":["M","$","M","?","?","R","E","M","T","E","M","R","E","M","R","BOSS","M","$","?","M","M","E","R","E","T","?","M","M"],"build_version":"2019-01-23","purchased_purges":2,"victory":false,"max_hp_per_floor":[75,75,75,75,75,75,75,75,82,82,82,82,82,82,82,82,82,82,82,82,82,82,82,82,82,82,82,82,82],"card_choices":[{"not_picked":["Cold Snap","Conserve Battery"],"picked":"Sunder","floor":1.0},{"not_picked":["Compile Driver","Static Discharge"],"picked":"White Noise","floor":3.0},{"not_picked":["Sweeping Beam","Gash"],"picked":"Storm","floor":7.0},{"not_picked":["Beam Cell","Darkness","Stack"],"picked":"Coolheaded","floor":8.0},{"not_picked":["Steam","Sweeping Beam","Auto Shields"],"picked":"FTL","floor":10},{"not_picked":["Hologram","Steam","Sweeping Beam"],"picked":"Electrodynamics","floor":11},{"not_picked":["Sunder","Rainbow","White Noise","Auto Shields"],"picked":"SKIP","floor":13},{"not_picked":["Compile Driver","Beam Cell","Coolheaded","Steam"],"picked":"SKIP","floor":14},{"not_picked":["Creative AI","Meteor Strike","Fission"],"picked":"Machine Learning","floor":16},{"not_picked":["Auto Shields+1"],"picked":"Go for the Eyes+1","floor":18},{"not_picked":["Beam Cell","Compile Driver+1"],"picked":"SKIP","floor":21},{"not_picked":["Hologram","Sweeping Beam+1"],"picked":"SKIP","floor":22},{"not_picked":["Go for the Eyes","Turbo+1"],"picked":"SKIP","floor":23},{"not_picked":["Hello World","Static Discharge"],"picked":"SKIP","floor":25},{"not_picked":["Reinforced Body","Sweeping Beam+1"],"picked":"SKIP","floor":28}],"player_experience":20272,"relics_obtained":[{"floor":7.0,"key":"Question Card"},{"floor":9.0,"key":"Strawberry"},{"floor":10,"key":"Unceasing Top"},{"floor":13,"key":"Whetstone"},{"floor":23,"key":"Bag of Marbles"},{"floor":25,"key":"Molten Egg 2"},{"floor":26,"key":"Dream Catcher"}],"event_choices":[{"damage_healed":0.0,"max_hp_gain":0.0,"max_hp_loss":0.0,"gold_gain":0.0,"event_name":"Shining Light","player_choice":"Entered Light","floor":4.0,"gold_loss":0.0,"damage_taken":15.0,"cards_upgraded":["White Noise","Strike_B"]},{"damage_healed":0.0,"max_hp_gain":0.0,"max_hp_loss":0.0,"gold_gain":75.0,"event_name":"World of Goop","player_choice":"Gather Gold","floor":5.0,"gold_loss":0.0,"damage_taken":11.0},{"damage_healed":0,"gold_gain":0,"player_choice":"Ignored","damage_taken":0,"max_hp_gain":0,"max_hp_loss":0,"event_name":"Vampires","floor":20,"gold_loss":0},{"damage_healed":0,"gold_gain":0,"player_choice":"Smashed Altar","damage_taken":0,"max_hp_gain":0,"max_hp_loss":0,"event_name":"Forgotten Altar","floor":27,"gold_loss":0,"cards_obtained":["Decay"]}],"is_beta":false,"boss_relics":[{"not_picked":["Runic Pyramid","Lizard Tail"],"picked":"Busted Crown"}],"items_purged_floors":[2,19],"is_endless":false,"potions_floor_spawned":[1,8,11,13,14,18,22,23,28],"killed_by":"Centurion and Healer","ascension_level":0}