{"gold_per_floor":[116,116,116,146,146,187,203,222,222,222,265,277,354,336,348,360],"floor_reached":16,"playtime":457,"items_purged":[],"score":180,"play_id":"46690dc7-e171-41e7-94b1-f94f7cbbbb0b","local_time":"20190225135500","is_ascension_mode":true,"campfire_choices":[{"floor":12,"key":"REST"},{"data":"True Grit","floor":15,"key":"SMITH"}],"neow_cost":"NONE","seed_source_timestamp":14318056395409,"circlet_count":0,"master_deck":["Strike_R","Strike_R","Strike_R","Strike_R","Defend_R","Defend_R","Defend_R","Defend_R","Bash","Body Slam","True Grit+1","Flex","Warcry","Juggernaut","Power Through"],"special_seed":0,"relics":["Burning Blood","NeowsBlessing","Golden Idol","Tiny Chest","Blood Vial","Ornamental Fan","SsserpentHead","MawBank"],"potions_floor_usage":[13],"damage_taken":[{"damage":0.0,"enemies":"2 Louse","floor":1.0,"turns":1.0},{"damage":0.0,"enemies":"Gremlin Nob","floor":6.0,"turns":1.0},{"damage":0.0,"enemies":"Small Slimes","floor":7.0,"turns":1.0},{"damage":6.0,"enemies":"Cultist","floor":8.0,"turns":3.0},{"damage":63,"enemies":"Lagavulin","floor":11,"turns":8},{"damage":2,"enemies":"Exordium Wildlife","floor":13,"turns":5},{"damage":1,"enemies":"Looter","floor":14,"turns":4},{"damage":56,"enemies":"Hexaghost","floor":16,"turns":9}],"seed_played":"-6368687146797594929","potions_obtained":[{"floor":6.0,"key":"BloodPotion"},{"floor":11,"key":"EssenceOfSteel"}],"is_trial":false,"path_per_floor":["M","?","?","?","?","E","M","M","T","?","E","R","M","M","R","B"],"character_chosen":"IRONCLAD","items_purchased":[],"campfire_rested":1,"item_purchase_floors":[],"current_hp_per_floor":[78,58,63,51,44,50,58,68,68,68,13,38,44,51,51,0],"gold":360,"neow_bonus":"THREE_ENEMY_KILL","is_prod":false,"is_daily":false,"chose_seed":false,"campfire_upgraded":1,"win_rate":0,"timestamp":1551070500,"path_taken":["M","?","?","?","?","E","M","M","T","?","E","R","?","M","R","BOSS"],"build_version":"2019-01-23","purchased_purges":0,"victory":false,"max_hp_per_floor":[80,80,85,85,85,85,85,85,85,85,85,85,85,85,85,85],"card_choices":[{"not_picked":["Shrug It Off","Clothesline"],"picked":"Body Slam","floor":1.0},{"not_picked":["Heavy Blade","Clothesline"],"picked":"True Grit","floor":6.0},{"not_picked":["Pummel","Clothesline"],"picked":"Flex","floor":7.0},{"not_picked":["Fire Breathing","Havoc"],"picked":"Warcry","floor":8.0},{"not_picked":["Cleave","Hemokinesis"],"picked":"Juggernaut","floor":11},{"not_picked":["Heavy Blade","Anger"],"picked":"Power Through","floor":13},{"not_picked":["Dual Wield","True Grit","Uppercut"],"picked":"SKIP","floor":14}],"player_experience":184928,"relics_obtained":[{"floor":6.0,"key":"Blood Vial"},{"floor":9.0,"key":"Ornamental Fan"},{"floor":11,"key":"MawBank"}],"event_choices":[{"damage_healed":0.0,"max_hp_gain":0.0,"max_hp_loss":0.0,"gold_gain":0.0,"event_name":"Golden Idol","player_choice":"Take Damage","floor":2.0,"gold_loss":0.0,"damage_taken":20.0,"relics_obtained":["Golden Idol"]},{"damage_healed":0.0,"max_hp_gain":5.0,"max_hp_loss":0.0,"gold_gain":0.0,"event_name":"Big Fish","player_choice":"Donut","floor":3.0,"gold_loss":0.0,"damage_taken":0.0},{"damage_healed":0.0,"max_hp_gain":0.0,"max_hp_loss":0.0,"gold_gain":0.0,"event_name":"Scrap Ooze","player_choice":"Success","floor":4.0,"gold_loss":0.0,"damage_taken":12.0,"relics_obtained":["Tiny Chest"]},{"cards_removed":["Strike_R"],"damage_healed":0.0,"max_hp_gain":0.0,"max_hp_loss":0.0,"gold_gain":0.0,"event_name":"Golden Wing","player_choice":"Card Removal","floor":5.0,"gold_loss":0.0,"damage_taken":7.0},{"damage_healed":0.0,"max_hp_gain":0.0,"max_hp_loss":0.0,"gold_gain":0.0,"event_name":"FaceTrader","player_choice":"Trade","floor":10.0,"gold_loss":0.0,"damage_taken":0.0,"relics_obtained":["SsserpentHead"]}],"is_beta":false,"boss_relics":[],"items_purged_floors":[],"is_endless":false,"potions_floor_spawned":[6,11],"killed_by":"Hexaghost","ascension_level":7}