{"gold_per_floor":[19,19,38,50,5,5,38,38,38,72,89,107,137,38,38,143,143,155,174,190,49,63,63,98,110],"floor_reached":25,"playtime":1159,"items_purged":["Defend_B","Strike_B"],"score":304,"play_id":"68720b56-9b03-4fed-9102-00d1774d144f","local_time":"20190107215635","is_ascension_mode":true,"campfire_choices":[{"data":"Defragment","floor":6,"key":"SMITH"},{"floor":8,"key":"REST"},{"floor":15,"key":"REST"},{"data":"Capacitor","floor":23,"key":"SMITH"}],"neow_cost":"NO_GOLD","seed_source_timestamp":1469822290879187,"circlet_count":0,"master_deck":["Defend_B","Zap","Dualcast","Storm","Static Discharge","Defragment+1","Chaos","Capacitor+1","FTL","Leap","Storm+1","Rebound","Go for the Eyes","White Noise","Self Repair+1","Cold Snap","Thunder Strike","Chaos+1","Cold Snap","Coolheaded","Reinforced Body","Conserve Battery"],"relics":["Cracked Core","Frozen Egg 2","Incense Burner","Strawberry","Bottled Lightning","Empty Cage","MawBank"],"potions_floor_usage":[10,18,24,25],"damage_taken":[{"damage":4,"enemies":"2 Louse","floor":1,"turns":3},{"damage":1,"enemies":"Cultist","floor":3,"turns":3},{"damage":4,"enemies":"Small Slimes","floor":4,"turns":3},{"damage":40,"enemies":"3 Sentries","floor":7,"turns":5},{"damage":1,"enemies":"Gremlin Nob","floor":10,"turns":3},{"damage":8,"enemies":"Blue Slaver","floor":11,"turns":3},{"damage":5,"enemies":"Red Slaver","floor":12,"turns":2},{"damage":18,"enemies":"3 Sentries","floor":13,"turns":4},{"damage":13,"enemies":"Hexaghost","floor":16,"turns":6},{"damage":20,"enemies":"3 Byrds","floor":18,"turns":2},{"damage":12,"enemies":"Chosen","floor":19,"turns":3},{"damage":7,"enemies":"Centurion and Healer","floor":20,"turns":4},{"damage":18,"enemies":"Snake Plant","floor":22,"turns":4},{"damage":54,"enemies":"Slavers","floor":24,"turns":5},{"damage":10,"enemies":"Sentry and Sphere","floor":25,"turns":2}],"seed_played":"6943820013060371985","potions_obtained":[{"floor":3,"key":"Swift Potion"},{"floor":11,"key":"Fire Potion"},{"floor":16,"key":"SteroidPotion"},{"floor":24,"key":"Strength Potion"}],"is_trial":false,"path_per_floor":["M","?","M","M","$","R","E","R","T","E","M","M","E","$","R","B",null,"M","M","M","$","M","R","E","M"],"character_chosen":"DEFECT","items_purchased":["Leap","Cold Snap","Reinforced Body"],"campfire_rested":2,"item_purchase_floors":[5,14,21],"current_hp_per_floor":[71,71,70,66,66,66,26,48,48,54,46,41,23,23,47,44,73,63,61,64,64,56,56,2,0],"gold":110,"neow_bonus":"TRANSFORM_TWO_CARDS","is_prod":false,"is_daily":false,"chose_seed":false,"campfire_upgraded":2,"win_rate":0,"timestamp":1546916195,"path_taken":["M","?","?","M","$","R","E","R","T","E","M","M","E","$","R","BOSS","M","?","M","$","M","R","E","M"],"build_version":"2019-01-03v4","purchased_purges":2,"victory":false,"max_hp_per_floor":[75,75,75,75,75,75,75,75,75,82,82,82,82,82,82,82,82,82,82,82,82,82,82,82,82],"card_choices":[{"not_picked":["Sweeping Beam","Rebound"],"picked":"Defragment","floor":1},{"not_picked":["Hologram","Compile Driver"],"picked":"Capacitor","floor":3},{"not_picked":["Chaos","Steam"],"picked":"FTL","floor":4},{"not_picked":["Ball Lightning","Coolheaded"],"picked":"Storm","floor":7},{"not_picked":["Multi-Cast","Beam Cell"],"picked":"Rebound","floor":10},{"not_picked":["Streamline","Steam"],"picked":"Go for the Eyes","floor":11},{"not_picked":["Rebound","Barrage"],"picked":"White Noise","floor":12},{"not_picked":["Streamline","Coolheaded"],"picked":"Self Repair+1","floor":13},{"not_picked":["Meteor Strike","Seek"],"picked":"Thunder Strike","floor":16},{"not_picked":["Steam Power","Glacier"],"picked":"Chaos+1","floor":18},{"not_picked":["Beam Cell+1","Darkness"],"picked":"Cold Snap","floor":19},{"not_picked":["Turbo+1","Ball Lightning"],"picked":"Coolheaded","floor":20},{"not_picked":["Cold Snap","Rip and Tear","Barrage"],"picked":"SKIP","floor":22},{"not_picked":["Go for the Eyes","Auto Shields"],"picked":"Conserve Battery","floor":24}],"player_experience":318981,"relics_obtained":[{"floor":7,"key":"Frozen Egg 2"},{"floor":9,"key":"Incense Burner"},{"floor":10,"key":"Strawberry"},{"floor":13,"key":"Bottled Lightning"},{"floor":24,"key":"MawBank"}],"event_choices":[{"damage_healed":0,"gold_gain":0,"cards_transformed":["Strike_B"],"player_choice":"Transformed","damage_taken":0,"max_hp_gain":0,"max_hp_loss":0,"event_name":"Transmorgrifier","floor":2,"gold_loss":0,"cards_obtained":["Chaos"]}],"is_beta":false,"boss_relics":[{"not_picked":["Velvet Choker","Lizard Tail"],"picked":"Empty Cage"}],"items_purged_floors":[14,21],"is_endless":false,"potions_floor_spawned":[3,11,16,24],"killed_by":"Sentry and Sphere","ascension_level":5}