{"gold_per_floor":[117,133,133,147,107,107,135,135,185,205,215,234,259,82,82,156,156,172,172,72,72,88,88,98,98],"floor_reached":25,"playtime":754,"items_purged":["Strike_R","Strike_R"],"score":426,"play_id":"a7fd9ca1-228b-40e4-b6d1-4d0e982846d8","local_time":"20190118014651","is_ascension_mode":true,"campfire_choices":[{"data":"Whirlwind","floor":6,"key":"SMITH"},{"data":"Infernal Blade","floor":8,"key":"SMITH"},{"data":"Armaments","floor":15,"key":"SMITH"},{"data":"Battle Trance","floor":23,"key":"SMITH"}],"neow_cost":"NONE","seed_source_timestamp":633286778651519,"circlet_count":0,"master_deck":["AscendersBane","Strike_R","Strike_R","Strike_R","Defend_R+1","Defend_R","Defend_R+1","Defend_R","Bash","Double Tap","Whirlwind+1","Battle Trance+1","Spot Weakness","Infernal Blade+1","Heavy Blade","Flex","Fiend Fire","Shrug It Off","Armaments+1","Reaper","Evolve+1"],"relics":["Burning Blood","War Paint","Ornamental Fan","Ancient Tea Set","MawBank","Sozu"],"potions_floor_usage":[7,13,16,25],"damage_taken":[{"damage":7,"enemies":"Cultist","floor":1,"turns":4},{"damage":7,"enemies":"Jaw Worm","floor":2,"turns":4},{"damage":12,"enemies":"Small Slimes","floor":4,"turns":2},{"damage":6,"enemies":"Looter","floor":5,"turns":4},{"damage":8,"enemies":"Gremlin Nob","floor":7,"turns":3},{"damage":7,"enemies":"3 Louse","floor":10,"turns":3},{"damage":0,"enemies":"2 Fungi Beasts","floor":11,"turns":3},{"damage":6,"enemies":"Looter","floor":12,"turns":2},{"damage":12,"enemies":"3 Sentries","floor":13,"turns":4},{"damage":28,"enemies":"The Guardian","floor":16,"turns":15},{"damage":34,"enemies":"Shell Parasite","floor":18,"turns":4},{"damage":14,"enemies":"2 Thieves","floor":22,"turns":4},{"damage":22,"enemies":"Snake Plant","floor":24,"turns":4},{"damage":61,"enemies":"Slavers","floor":25,"turns":3}],"seed_played":"8549578667397474984","potions_obtained":[{"floor":4,"key":"Strength Potion"},{"floor":7,"key":"AttackPotion"},{"floor":11,"key":"Weak Potion"},{"floor":13,"key":"Weak Potion"}],"is_trial":false,"path_per_floor":["M","M","?","M","M","R","E","R","T","M","M","M","E","$","R","B",null,"M","?","$","?","M","R","M","E"],"character_chosen":"IRONCLAD","items_purchased":["Shrug It Off","Armaments"],"campfire_rested":0,"item_purchase_floors":[14,14],"current_hp_per_floor":[67,66,55,49,49,49,47,47,47,46,52,52,46,46,46,24,62,47,26,26,26,46,46,40,0],"gold":98,"neow_bonus":"ONE_RANDOM_RARE_CARD","is_prod":false,"is_daily":false,"chose_seed":false,"campfire_upgraded":4,"win_rate":0,"timestamp":1547743611,"path_taken":["M","?","?","M","M","R","E","R","T","M","M","M","E","$","R","BOSS","M","?","$","?","M","R","M","E"],"build_version":"2019-01-10","purchased_purges":2,"victory":false,"max_hp_per_floor":[75,75,75,75,75,75,75,75,75,75,75,75,75,75,75,75,75,75,80,80,80,80,80,80,80],"card_choices":[{"not_picked":["Body Slam","Shrug It Off"],"picked":"Whirlwind","floor":1},{"not_picked":["Clothesline","Feel No Pain"],"picked":"Battle Trance","floor":2},{"not_picked":["Heavy Blade","Dual Wield"],"picked":"Spot Weakness","floor":4},{"not_picked":["Pommel Strike","Barricade","Iron Wave"],"picked":"SKIP","floor":5},{"not_picked":["Reckless Charge","Dual Wield"],"picked":"Infernal Blade","floor":7},{"not_picked":["Corruption","Perfected Strike","Havoc"],"picked":"SKIP","floor":10},{"not_picked":["Fire Breathing","Reckless Charge"],"picked":"Heavy Blade","floor":11},{"not_picked":["Body Slam","Clothesline"],"picked":"Flex","floor":12},{"not_picked":["Twin Strike","Armaments"],"picked":"Fiend Fire","floor":13},{"not_picked":["Brutality","Fiend Fire"],"picked":"Reaper","floor":16},{"not_picked":["True Grit","Shrug It Off"],"picked":"Evolve+1","floor":18},{"not_picked":["Metallicize","Carnage","Iron Wave+1"],"picked":"SKIP","floor":22},{"not_picked":["Cleave","Body Slam","Anger"],"picked":"SKIP","floor":24},{"not_picked":["Cleave","Body Slam","Anger"],"picked":"SKIP","floor":24}],"player_experience":4120352,"relics_obtained":[{"floor":7,"key":"Ornamental Fan"},{"floor":9,"key":"Ancient Tea Set"},{"floor":13,"key":"MawBank"}],"event_choices":[{"damage_healed":0,"gold_gain":0,"player_choice":"Success","damage_taken":11,"relics_obtained":["War Paint"],"max_hp_gain":0,"max_hp_loss":0,"event_name":"Scrap Ooze","floor":3,"gold_loss":0},{"damage_healed":0,"gold_gain":0,"player_choice":"Shed Blood","damage_taken":26,"max_hp_gain":5,"max_hp_loss":0,"event_name":"Forgotten Altar","floor":19,"gold_loss":0},{"damage_healed":0,"gold_gain":0,"player_choice":"Ignored","damage_taken":0,"max_hp_gain":0,"max_hp_loss":0,"event_name":"Vampires","floor":21,"gold_loss":0}],"is_beta":false,"boss_relics":[{"not_picked":["Cursed Key","Snecko Eye"],"picked":"Sozu"}],"items_purged_floors":[14,20],"is_endless":false,"potions_floor_spawned":[4,7,11,13,22,24],"killed_by":"Slavers","ascension_level":20}