{"gold_per_floor":[112,125,140,152,167,192,192,267,267,9,29,29,29,29],"floor_reached":14,"playtime":458,"items_purged":["Strike_G"],"score":184,"play_id":"0d289d0d-8b64-4083-8a1e-9806156fdbe5","local_time":"20190316003553","is_ascension_mode":true,"campfire_choices":[{"floor":7,"key":"REST"},{"data":"Well Laid Plans","floor":13,"key":"SMITH"}],"neow_cost":"NONE","seed_source_timestamp":0,"circlet_count":0,"master_deck":["AscendersBane","Defend_G","Defend_G","Defend_G","Defend_G","Defend_G","Strike_G","Strike_G","Strike_G","Strike_G","Survivor","Neutralize+1","Underhanded Strike","Well Laid Plans+1","Flying Knee","PiercingWail","Underhanded Strike","Well Laid Plans","Cloak And Dagger","Noxious Fumes","Escape Plan","Unload"],"special_seed":0,"relics":["Ring of the Snake","Kunai","WingedGreaves"],"potions_floor_usage":[6],"damage_taken":[{"damage":10.0,"enemies":"Jaw Worm","floor":1.0,"turns":11.0},{"damage":0.0,"enemies":"2 Louse","floor":2.0,"turns":3.0},{"damage":3.0,"enemies":"Small Slimes","floor":3.0,"turns":5.0},{"damage":1.0,"enemies":"Red Slaver","floor":4.0,"turns":5.0},{"damage":8.0,"enemies":"Large Slime","floor":5.0,"turns":7.0},{"damage":17,"enemies":"3 Sentries","floor":6,"turns":9},{"damage":0,"enemies":"2 Fungi Beasts","floor":11,"turns":4},{"damage":50,"enemies":"Gremlin Nob","floor":14,"turns":4}],"seed_played":"-5173411536048520567","potions_obtained":[{"floor":3.0,"key":"FearPotion"},{"floor":6,"key":"Dexterity Potion"}],"is_trial":false,"path_per_floor":["M","M","M","M","M","E","R","?","T","$","M","?","R","E"],"character_chosen":"THE_SILENT","items_purchased":["Cloak And Dagger","Noxious Fumes","Escape Plan"],"campfire_rested":1,"item_purchase_floors":[10,10,10],"current_hp_per_floor":[49,49,46,45,37,20,39,28,28,28,28,50,50,0],"gold":29,"neow_bonus":"UPGRADE_CARD","is_prod":false,"is_daily":false,"chose_seed":false,"campfire_upgraded":1,"win_rate":0,"timestamp":1552664153,"path_taken":["M","M","M","M","M","E","R","?","T","$","M","?","R","E"],"build_version":"2019-01-23","purchased_purges":1,"victory":false,"max_hp_per_floor":[66,66,66,66,66,66,66,66,66,66,66,66,66,66],"card_choices":[{"not_picked":["Quick Slash","Poisoned Stab"],"picked":"Underhanded Strike","floor":1.0},{"not_picked":["Reflex","Blade Dance"],"picked":"Well Laid Plans","floor":2.0},{"not_picked":["Outmaneuver","Concentrate"],"picked":"Flying Knee","floor":3.0},{"not_picked":["Prepared","Underhanded Strike"],"picked":"PiercingWail","floor":4.0},{"not_picked":["Slice","Well Laid Plans"],"picked":"Underhanded Strike","floor":5.0},{"not_picked":["Expertise","PiercingWail"],"picked":"Well Laid Plans","floor":6},{"not_picked":["Dodge and Roll","Escape Plan"],"picked":"Unload","floor":11}],"player_experience":4542694,"relics_obtained":[{"floor":6,"key":"Kunai"},{"floor":9,"key":"WingedGreaves"}],"event_choices":[{"damage_healed":0,"gold_gain":75,"player_choice":"Gather Gold","damage_taken":11,"max_hp_gain":0,"max_hp_loss":0,"event_name":"World of Goop","floor":8,"gold_loss":0},{"damage_healed":22,"gold_gain":0,"player_choice":"Banana","damage_taken":0,"max_hp_gain":0,"max_hp_loss":0,"event_name":"Big Fish","floor":12,"gold_loss":0}],"is_beta":false,"boss_relics":[],"items_purged_floors":[10],"is_endless":false,"potions_floor_spawned":[3,6],"killed_by":"Gremlin Nob","ascension_level":20}