{"gold_per_floor":[113,113,38,52,64,64,96,117,144,144,163,163],"floor_reached":12,"playtime":483,"items_purged":["Strike_R"],"score":148,"play_id":"7de3b78e-5f14-4129-bedb-27d6c1dd0c01","local_time":"20190319190059","is_ascension_mode":true,"campfire_choices":[{"data":"Bash","floor":6.0,"key":"SMITH"},{"data":"Corruption","floor":10.0,"key":"SMITH"}],"neow_cost":"NONE","seed_source_timestamp":33287019548484,"circlet_count":0,"master_deck":["AscendersBane","Strike_R","Strike_R","Strike_R","Strike_R","Defend_R","Defend_R","Defend_R","Defend_R","Bash+1","Evolve+1","Reaper","Ghostly Armor","Corruption+1","Sword Boomerang"],"special_seed":0,"relics":["Burning Blood","NeowsBlessing","Happy Flower","Odd Mushroom","Centennial Puzzle"],"potions_floor_usage":[12],"damage_taken":[{"damage":0.0,"enemies":"Jaw Worm","floor":1.0,"turns":1.0},{"damage":0.0,"enemies":"Cultist","floor":4.0,"turns":1.0},{"damage":0.0,"enemies":"Small Slimes","floor":5.0,"turns":1.0},{"damage":30.0,"enemies":"3 Sentries","floor":7.0,"turns":12.0},{"damage":25.0,"enemies":"The Mushroom Lair","floor":8.0,"turns":5.0},{"damage":3.0,"enemies":"2 Fungi Beasts","floor":11.0,"turns":4.0},{"damage":62,"enemies":"Lagavulin","floor":12,"turns":6}],"seed_played":"595316997377903373","potions_obtained":[{"floor":1.0,"key":"SneckoOil"},{"floor":5.0,"key":"GamblersBrew"}],"is_trial":false,"path_per_floor":["M","?","$","M","M","R","E","?","T","R","M","E"],"character_chosen":"IRONCLAD","items_purchased":[],"campfire_rested":0,"item_purchase_floors":[],"current_hp_per_floor":[74,74,74,75,75,75,51,44,44,44,47,0],"gold":163,"neow_bonus":"THREE_ENEMY_KILL","is_prod":false,"is_daily":false,"chose_seed":false,"campfire_upgraded":2,"win_rate":0,"timestamp":1552989659,"path_taken":["M","?","$","M","?","R","E","?","T","R","M","E"],"build_version":"2019-01-23","purchased_purges":1,"victory":false,"max_hp_per_floor":[75,75,75,75,75,75,75,75,75,75,75,75],"card_choices":[{"not_picked":["Infernal Blade","Pommel Strike"],"picked":"Evolve","floor":1.0},{"not_picked":["Clothesline","Armaments"],"picked":"Reaper","floor":4.0},{"not_picked":["Intimidate","Anger"],"picked":"Ghostly Armor","floor":5.0},{"not_picked":["Body Slam","Dropkick"],"picked":"Corruption","floor":7.0},{"not_picked":["Entrench","Pommel Strike"],"picked":"Sword Boomerang","floor":8.0},{"not_picked":["Clash","Warcry","Twin Strike"],"picked":"SKIP","floor":11.0}],"player_experience":364882,"relics_obtained":[{"floor":7.0,"key":"Happy Flower"},{"floor":8.0,"key":"Odd Mushroom"},{"floor":9.0,"key":"Centennial Puzzle"}],"event_choices":[{"damage_healed":0.0,"max_hp_gain":0.0,"max_hp_loss":0.0,"gold_gain":0.0,"event_name":"Upgrade Shrine","player_choice":"Upgraded","floor":2.0,"gold_loss":0.0,"damage_taken":0.0,"cards_upgraded":["Evolve"]},{"damage_healed":0.0,"max_hp_gain":0.0,"max_hp_loss":0.0,"gold_gain":0.0,"event_name":"Mushrooms","player_choice":"Fought Mushrooms","floor":8.0,"gold_loss":0.0,"damage_taken":0.0}],"is_beta":false,"boss_relics":[],"items_purged_floors":[3],"is_endless":false,"potions_floor_spawned":[1,5],"killed_by":"Lagavulin","ascension_level":18}