{"gold_per_floor":[118,137,155,155,7,21,21,49,49,75,75,102,115,115,115,244,244,265,265,283,283,303,344,359,359,359,83,101,49,49,49,49,49],"floor_reached":33,"playtime":2956,"items_purged":["Pain","Strike_R"],"score":285,"play_id":"3a520983-0476-4bc9-8cfb-a06328d96216","local_time":"20190213142438","is_ascension_mode":false,"campfire_choices":[{"data":"Evolve","floor":7,"key":"SMITH"},{"floor":11,"key":"REST"},{"floor":15,"key":"REST"},{"data":"Armaments","floor":25,"key":"SMITH"},{"floor":32,"key":"REST"}],"neow_cost":"NONE","seed_source_timestamp":14445886146669,"circlet_count":0,"master_deck":["Strike_R","Strike_R","Defend_R","Defend_R","Defend_R","Defend_R","Bash","Whirlwind","Spot Weakness","Seeing Red","Intimidate","Evolve+1","Power Through","Power Through","Battle Trance","Entrench","Demon Form","Armaments+1","Seeing Red","Intimidate","Twin Strike","True Grit+1","Shrug It Off","Necronomicurse"],"relics":["Burning Blood","WarpedTongs","Meat on the Bone","Calipers","Gambling Chip","Self Forming Clay","Golden Idol","Philosopher\u0027s Stone","Potion Belt","Bottled Lightning","Anchor","Necronomicon"],"potions_floor_usage":[22],"damage_taken":[{"damage":1,"enemies":"Cultist","floor":1,"turns":4},{"damage":10,"enemies":"Small Slimes","floor":2,"turns":4},{"damage":16,"enemies":"Jaw Worm","floor":3,"turns":5},{"damage":12,"enemies":"Gremlin Gang","floor":6,"turns":5},{"damage":28,"enemies":"Gremlin Nob","floor":8,"turns":5},{"damage":18,"enemies":"3 Sentries","floor":10,"turns":6},{"damage":11,"enemies":"Lagavulin","floor":12,"turns":8},{"damage":14,"enemies":"Blue Slaver","floor":13,"turns":5},{"damage":32,"enemies":"Hexaghost","floor":16,"turns":15},{"damage":17,"enemies":"Chosen","floor":18,"turns":5},{"damage":19,"enemies":"2 Thieves","floor":20,"turns":4},{"damage":16,"enemies":"Snecko","floor":22,"turns":5},{"damage":16,"enemies":"Book of Stabbing","floor":23,"turns":7},{"damage":24,"enemies":"Centurion and Healer","floor":24,"turns":6},{"damage":27,"enemies":"Sentry and Sphere","floor":28,"turns":5},{"damage":64,"enemies":"Collector","floor":33,"turns":5}],"seed_played":"7202454406157734931","potions_obtained":[{"floor":3,"key":"EssenceOfSteel"},{"floor":8,"key":"Swift Potion"},{"floor":12,"key":"LiquidBronze"},{"floor":18,"key":"Regen Potion"}],"is_trial":false,"path_per_floor":["M","M","M","?","$","M","R","E","T","E","R","E","M","?","R","B",null,"M","?","M","?","M","E","M","R","T","$","M","$","?","?","R","B"],"character_chosen":"IRONCLAD","items_purchased":["Intimidate","Anchor","Twin Strike","Shrug It Off"],"campfire_rested":3,"item_purchase_floors":[5,27,27,29],"current_hp_per_floor":[80,76,66,66,66,60,60,38,38,38,62,57,49,29,53,39,80,69,69,56,56,55,57,51,51,51,51,42,42,42,26,50,0],"gold":49,"neow_bonus":"REMOVE_CARD","is_prod":false,"is_daily":false,"chose_seed":false,"campfire_upgraded":2,"win_rate":0,"timestamp":1550035478,"path_taken":["M","M","M","?","$","?","R","E","T","E","R","E","M","?","R","BOSS","M","?","?","?","M","E","M","R","T","$","M","$","?","?","R","BOSS"],"build_version":"2019-01-23","purchased_purges":2,"victory":false,"max_hp_per_floor":[80,80,80,80,80,80,80,80,80,80,80,80,80,80,80,80,80,80,80,80,80,80,80,80,80,80,80,80,80,80,80,80,80],"card_choices":[{"not_picked":["Pommel Strike","Flex"],"picked":"Whirlwind","floor":1},{"not_picked":["Burning Pact","Pommel Strike"],"picked":"Spot Weakness","floor":2},{"not_picked":["Warcry","Wild Strike"],"picked":"Seeing Red","floor":3},{"not_picked":["Pommel Strike","Flex"],"picked":"Evolve","floor":6},{"not_picked":["Juggernaut","Heavy Blade"],"picked":"Power Through","floor":8},{"not_picked":["True Grit","Iron Wave"],"picked":"Power Through","floor":10},{"not_picked":["Wild Strike","Pommel Strike"],"picked":"Battle Trance","floor":12},{"not_picked":["Pommel Strike","Searing Blow"],"picked":"Entrench","floor":13},{"not_picked":["Offering","Reaper"],"picked":"Demon Form","floor":16},{"not_picked":["Wild Strike","Iron Wave+1"],"picked":"Armaments","floor":18},{"not_picked":["Burning Pact","Intimidate","Dual Wield"],"picked":"SKIP","floor":20},{"not_picked":["Pommel Strike+1","Rage"],"picked":"Intimidate","floor":22},{"not_picked":["Reckless Charge+1","Cleave","Sever Soul"],"picked":"SKIP","floor":23},{"not_picked":["Disarm","Pommel Strike","Infernal Blade+1"],"picked":"SKIP","floor":24},{"not_picked":["Fire Breathing","Whirlwind+1"],"picked":"True Grit+1","floor":28}],"player_experience":66688,"relics_obtained":[{"floor":8,"key":"Meat on the Bone"},{"floor":9,"key":"Calipers"},{"floor":10,"key":"Gambling Chip"},{"floor":12,"key":"Self Forming Clay"},{"floor":23,"key":"Potion Belt"},{"floor":26,"key":"Bottled Lightning"},{"floor":31,"key":"Necronomicon"}],"event_choices":[{"damage_healed":0,"gold_gain":0,"player_choice":"Rummage","damage_taken":0,"relics_obtained":["WarpedTongs"],"max_hp_gain":0,"max_hp_loss":0,"event_name":"Accursed Blacksmith","floor":4,"gold_loss":0,"cards_obtained":["Pain"]},{"damage_healed":0,"gold_gain":0,"player_choice":"Take Damage","damage_taken":20,"relics_obtained":["Golden Idol"],"max_hp_gain":0,"max_hp_loss":0,"event_name":"Golden Idol","floor":14,"gold_loss":0},{"damage_healed":0,"gold_gain":0,"player_choice":"Copied","damage_taken":0,"max_hp_gain":0,"max_hp_loss":0,"event_name":"Duplicator","floor":19,"gold_loss":0,"cards_obtained":["Seeing Red"]},{"damage_healed":0,"gold_gain":0,"player_choice":"Ignored","damage_taken":0,"max_hp_gain":0,"max_hp_loss":0,"event_name":"Ghosts","floor":21,"gold_loss":0},{"cards_removed":["Strike_R"],"damage_healed":0,"gold_gain":0,"player_choice":"Elegance","damage_taken":0,"max_hp_gain":0,"max_hp_loss":0,"event_name":"Back to Basics","floor":30,"gold_loss":0},{"damage_healed":0,"gold_gain":0,"player_choice":"Obtained Book","damage_taken":16,"max_hp_gain":0,"max_hp_loss":0,"event_name":"Cursed Tome","floor":31,"gold_loss":0}],"is_beta":false,"boss_relics":[{"not_picked":["Ectoplasm","Runic Pyramid"],"picked":"Philosopher\u0027s Stone"}],"items_purged_floors":[5,27],"is_endless":false,"potions_floor_spawned":[3,8,12,18,20,22],"killed_by":"Collector","ascension_level":0}