{"gold_per_floor":[116,136,136,148,223,248,268,268,293,293,328,328,36,36,36,129,192,207,207,32,32,32,32],"floor_reached":23,"playtime":600,"items_purged":["Strike_R","Strike_R"],"score":394,"play_id":"47fc1f2b-dc9a-4de3-8f8b-47b81ededfe2","local_time":"20190111003818","is_ascension_mode":true,"campfire_choices":[{"data":"Rampage","floor":8,"key":"SMITH"},{"data":"Battle Trance","floor":10,"key":"SMITH"},{"data":"True Grit","floor":15,"key":"SMITH"}],"neow_cost":"PERCENT_DAMAGE","seed_source_timestamp":24524583043186,"circlet_count":0,"master_deck":["AscendersBane","Defend_R","Defend_R","Defend_R","Defend_R+1","Bash","Rampage+1","Battle Trance+1","Evolve","True Grit+1","Ghostly Armor","Feel No Pain"],"relics":["Burning Blood","Anchor","Bag of Marbles","Blood Vial","Golden Idol","Pen Nib","Tiny House"],"potions_floor_usage":[6,7,23],"damage_taken":[{"damage":7,"enemies":"Small Slimes","floor":1,"turns":5},{"damage":15,"enemies":"2 Louse","floor":2,"turns":3},{"damage":2,"enemies":"Jaw Worm","floor":4,"turns":3},{"damage":13,"enemies":"Gremlin Nob","floor":6,"turns":3},{"damage":0,"enemies":"2 Fungi Beasts","floor":7,"turns":2},{"damage":15,"enemies":"Lagavulin","floor":11,"turns":7},{"damage":5,"enemies":"Hexaghost","floor":16,"turns":7},{"damage":15,"enemies":"Spheric Guardian","floor":18,"turns":5},{"damage":9,"enemies":"2 Thieves","floor":21,"turns":5},{"damage":77,"enemies":"Slavers","floor":23,"turns":9}],"seed_played":"-3350938946168460968","potions_obtained":[{"floor":1,"key":"Ancient Potion"},{"floor":2,"key":"Fire Potion"},{"floor":4,"key":"Fire Potion"},{"floor":17,"key":"LiquidBronze"},{"floor":21,"key":"BloodPotion"}],"is_trial":false,"path_per_floor":["M","M","?","M","?","E","M","R","T","R","E","?","$","?","R","B",null,"M","?","$","M","?","E"],"character_chosen":"IRONCLAD","items_purchased":["True Grit","Pen Nib","Feel No Pain"],"campfire_rested":0,"item_purchase_floors":[13,13,20],"current_hp_per_floor":[49,40,45,49,38,31,37,37,37,37,28,28,28,21,21,24,65,58,58,58,57,57,0],"gold":32,"neow_bonus":"REMOVE_TWO","is_prod":false,"is_daily":false,"chose_seed":false,"campfire_upgraded":3,"win_rate":0,"timestamp":1547134698,"path_taken":["M","M","?","M","?","E","M","R","T","R","E","?","$","?","R","BOSS","M","?","$","M","?","E"],"build_version":"2019-01-03v4","purchased_purges":2,"victory":false,"max_hp_per_floor":[75,75,80,80,80,80,80,80,80,80,80,72,72,72,72,72,77,77,77,77,77,77,77],"card_choices":[{"not_picked":["Shrug It Off","Hemokinesis"],"picked":"Rampage","floor":1},{"not_picked":["Intimidate","Dual Wield","Clash"],"picked":"SKIP","floor":2},{"not_picked":["Rage","Twin Strike"],"picked":"Battle Trance","floor":4},{"not_picked":["Uppercut","Heavy Blade","Infernal Blade"],"picked":"SKIP","floor":6},{"not_picked":["Cleave","Thunderclap"],"picked":"Evolve","floor":7},{"not_picked":["Havoc","Anger","Hemokinesis"],"picked":"SKIP","floor":11},{"not_picked":["True Grit","Clash","Flame Barrier+1"],"picked":"SKIP","floor":18},{"not_picked":["Havoc","Metallicize","Body Slam"],"picked":"SKIP","floor":21}],"player_experience":4040705,"relics_obtained":[{"floor":6,"key":"Anchor"},{"floor":9,"key":"Bag of Marbles"},{"floor":11,"key":"Blood Vial"}],"event_choices":[{"damage_healed":0,"gold_gain":0,"player_choice":"Donut","damage_taken":0,"max_hp_gain":5,"max_hp_loss":0,"event_name":"Big Fish","floor":3,"gold_loss":0},{"damage_healed":0,"gold_gain":75,"player_choice":"Gather Gold","damage_taken":11,"max_hp_gain":0,"max_hp_loss":0,"event_name":"World of Goop","floor":5,"gold_loss":0},{"damage_healed":0,"gold_gain":0,"player_choice":"Lose Max HP","damage_taken":0,"relics_obtained":["Golden Idol"],"max_hp_gain":0,"max_hp_loss":8,"event_name":"Golden Idol","floor":12,"gold_loss":0},{"cards_removed":["Strike_R"],"damage_healed":0,"gold_gain":0,"player_choice":"Card Removal","damage_taken":7,"max_hp_gain":0,"max_hp_loss":0,"event_name":"Golden Wing","floor":14,"gold_loss":0},{"damage_healed":0,"gold_gain":0,"player_choice":"Read","damage_taken":0,"max_hp_gain":0,"max_hp_loss":0,"event_name":"The Library","floor":19,"gold_loss":0,"cards_obtained":["Ghostly Armor"]},{"damage_healed":0,"gold_gain":0,"player_choice":"Ignored","damage_taken":0,"max_hp_gain":0,"max_hp_loss":0,"event_name":"Vampires","floor":22,"gold_loss":0}],"is_beta":false,"boss_relics":[{"not_picked":["Black Blood","Orrery"],"picked":"Tiny House"}],"items_purged_floors":[13,20],"is_endless":false,"potions_floor_spawned":[1,2,4,21],"killed_by":"Slavers","ascension_level":20}