{"gold_per_floor":[15,29,43,43,58,58,58,117,143,175,175,190,115,126,126,205,205,219,231,131,146,146,146],"floor_reached":23,"playtime":1185,"items_purged":["Strike_R","Defend_R"],"score":456,"play_id":"59c4e2b7-6a88-4019-b3b6-2b5173773132","local_time":"20190318003338","is_ascension_mode":true,"campfire_choices":[{"floor":11.0,"key":"REST"},{"data":"True Grit","floor":15,"key":"SMITH"}],"neow_cost":"NO_GOLD","seed_source_timestamp":347413969922400,"circlet_count":0,"master_deck":["AscendersBane","Defend_R","Bash+1","True Grit+1","Twin Strike","Dropkick","Corruption","Impervious","Thunderclap","Rage","Impervious","Dropkick"],"special_seed":0,"relics":["Burning Blood","Tiny Chest","Bag of Marbles","Potion Belt","Empty Cage"],"potions_floor_usage":[16,21,21,21],"damage_taken":[{"damage":15.0,"enemies":"Small Slimes","floor":1.0,"turns":5.0},{"damage":7.0,"enemies":"Cultist","floor":2.0,"turns":4.0},{"damage":2.0,"enemies":"Jaw Worm","floor":3.0,"turns":5.0},{"damage":14.0,"enemies":"Blue Slaver","floor":5.0,"turns":4.0},{"damage":36.0,"enemies":"Gremlin Nob","floor":8.0,"turns":5.0},{"damage":3.0,"enemies":"Lagavulin","floor":10.0,"turns":7.0},{"damage":14.0,"enemies":"3 Louse","floor":12.0,"turns":4.0},{"damage":0.0,"enemies":"Looter","floor":14.0,"turns":4.0},{"damage":11,"enemies":"The Guardian","floor":16,"turns":6},{"damage":43,"enemies":"Spheric Guardian","floor":18,"turns":9},{"damage":26,"enemies":"Shell Parasite","floor":19,"turns":7},{"damage":7,"enemies":"3 Cultists","floor":21,"turns":5},{"damage":11,"enemies":"Slavers","floor":23,"turns":2}],"seed_played":"3266990485450222670","potions_obtained":[{"floor":1.0,"key":"LiquidBronze"},{"floor":5.0,"key":"Ancient Potion"},{"floor":12.0,"key":"AttackPotion"},{"floor":16,"key":"SpeedPotion"},{"floor":18,"key":"GamblersBrew"},{"floor":19,"key":"SneckoOil"}],"is_trial":false,"path_per_floor":["M","M","M","?","M","?","?","E","T","E","R","M","$","M","R","B",null,"M","M","$","M","?","E"],"character_chosen":"IRONCLAD","items_purchased":[],"campfire_rested":1,"item_purchase_floors":[],"current_hp_per_floor":[59,58,62,62,54,47,47,17,17,20,42,34,34,40,40,35,65,28,8,8,7,7,0],"gold":146,"neow_bonus":"REMOVE_TWO","is_prod":false,"is_daily":false,"chose_seed":false,"campfire_upgraded":1,"win_rate":0,"timestamp":1552836818,"path_taken":["M","M","M","?","?","?","?","E","T","E","R","M","$","M","R","BOSS","M","M","$","M","?","E"],"build_version":"2019-01-23","purchased_purges":2,"victory":false,"max_hp_per_floor":[75,75,75,75,75,75,75,75,75,75,75,75,75,75,75,75,75,75,75,75,75,75,75],"card_choices":[{"not_picked":["Rupture","Warcry"],"picked":"True Grit","floor":1.0},{"not_picked":["Inflame","Flex"],"picked":"Twin Strike","floor":2.0},{"not_picked":["Dual Wield","Shockwave"],"picked":"Dropkick","floor":3.0},{"not_picked":["Battle Trance","Shrug It Off"],"picked":"Corruption","floor":5.0},{"not_picked":["Armaments","Second Wind","Twin Strike"],"picked":"SKIP","floor":8.0},{"not_picked":["Warcry","Iron Wave","Bloodletting"],"picked":"SKIP","floor":10.0},{"not_picked":["Spot Weakness","Perfected Strike"],"picked":"Thunderclap","floor":12.0},{"not_picked":["Flex","Warcry"],"picked":"Rage","floor":14.0},{"not_picked":["Feed","Berserk"],"picked":"Impervious","floor":16},{"not_picked":["True Grit","Blood for Blood","Iron Wave+1"],"picked":"SKIP","floor":18},{"not_picked":["Anger","Havoc","Flex"],"picked":"SKIP","floor":19},{"not_picked":["Disarm","Armaments","Inflame"],"picked":"SKIP","floor":21}],"player_experience":4551899,"relics_obtained":[{"floor":8.0,"key":"Tiny Chest"},{"floor":9.0,"key":"Bag of Marbles"},{"floor":10.0,"key":"Potion Belt"}],"event_choices":[{"damage_healed":0.0,"max_hp_gain":0.0,"max_hp_loss":0.0,"gold_gain":0.0,"event_name":"Upgrade Shrine","player_choice":"Upgraded","floor":4.0,"gold_loss":0.0,"damage_taken":0.0,"cards_upgraded":["Bash"]},{"cards_removed":["Strike_R"],"damage_healed":0.0,"max_hp_gain":0.0,"max_hp_loss":0.0,"gold_gain":0.0,"event_name":"Golden Wing","player_choice":"Card Removal","floor":6.0,"gold_loss":0.0,"damage_taken":7.0},{"damage_healed":0.0,"max_hp_gain":0.0,"max_hp_loss":0.0,"gold_gain":0.0,"cards_transformed":["Strike_R"],"event_name":"Living Wall","player_choice":"Change","floor":7.0,"gold_loss":0.0,"damage_taken":0.0,"cards_obtained":["Impervious"]},{"damage_healed":0,"gold_gain":0,"player_choice":"Read","damage_taken":0,"max_hp_gain":0,"max_hp_loss":0,"event_name":"The Library","floor":22,"gold_loss":0,"cards_obtained":["Dropkick"]}],"is_beta":false,"boss_relics":[{"not_picked":["Astrolabe","Coffee Dripper"],"picked":"Empty Cage"}],"items_purged_floors":[13,20],"is_endless":false,"potions_floor_spawned":[1,5,12,16,18,19],"killed_by":"Slavers","ascension_level":20}