{"gold_per_floor":[99,99,99,99,99,99,99,99,99,99,99,99,99,99,99,99,99,99,99,26,26,26],"floor_reached":22,"playtime":2736,"items_purged":[],"score":313,"play_id":"70c657a3-d4e4-464b-ada9-bc96d75f9e4b","local_time":"20181228222743","is_ascension_mode":true,"campfire_choices":[{"data":"Chill","floor":6,"key":"SMITH"},{"floor":8,"key":"REST"},{"data":"White Noise","floor":15,"key":"SMITH"}],"neow_cost":"NONE","seed_source_timestamp":0,"circlet_count":0,"master_deck":["Strike_B","Strike_B+1","Strike_B","Strike_B","Defend_B","Defend_B+1","Defend_B","Defend_B","Zap","Dualcast","Genetic Algorithm","Chill+1","Conserve Battery","Ball Lightning","BootSequence","Stack","White Noise+1","Fission","Hologram","Blizzard","Loop","Cold Snap"],"special_seed":0,"relics":["Ectoplasm","Centennial Puzzle","Letter Opener","Juzu Bracelet","Pear","Fusion Hammer"],"potions_floor_usage":[12,12,16,18,22],"damage_taken":[{"damage":0,"enemies":"2 Louse","floor":1,"turns":2},{"damage":6,"enemies":"Jaw Worm","floor":3,"turns":4},{"damage":5,"enemies":"Small Slimes","floor":4,"turns":4},{"damage":20,"enemies":"Lagavulin","floor":7,"turns":10},{"damage":0,"enemies":"2 Fungi Beasts","floor":10,"turns":3},{"damage":0,"enemies":"Blue Slaver","floor":11,"turns":4},{"damage":4,"enemies":"Gremlin Nob","floor":12,"turns":4},{"damage":0,"enemies":"Exordium Wildlife","floor":14,"turns":5},{"damage":4,"enemies":"The Guardian","floor":16,"turns":9},{"damage":0,"enemies":"Shell Parasite","floor":18,"turns":6},{"damage":2,"enemies":"Spheric Guardian","floor":19,"turns":4},{"damage":12,"enemies":"Snecko","floor":21,"turns":6},{"damage":2,"enemies":"Colosseum Slavers","floor":22,"turns":6},{"damage":73,"enemies":"Colosseum Nobs","floor":22,"turns":7}],"seed_played":"-7097888112892500371","potions_obtained":[{"floor":10,"key":"SteroidPotion"},{"floor":11,"key":"SteroidPotion"},{"floor":14,"key":"Poison Potion"},{"floor":16,"key":"Swift Potion"},{"floor":21,"key":"Weak Potion"}],"is_trial":false,"path_per_floor":["M","?","M","M","?","R","E","R","T","M","M","E","?","M","R","B",null,"M","M","$","M","?"],"character_chosen":"DEFECT","items_purchased":["Loop"],"campfire_rested":1,"item_purchase_floors":[20],"current_hp_per_floor":[75,75,69,64,61,61,41,63,63,63,63,69,52,52,52,48,85,85,83,83,71,0],"gold":26,"neow_bonus":"BOSS_RELIC","is_prod":false,"is_daily":false,"chose_seed":false,"campfire_upgraded":2,"win_rate":0,"timestamp":1546054063,"path_taken":["M","?","M","M","?","R","E","R","T","M","M","E","?","M","R","BOSS","M","M","$","M","?"],"build_version":"2018-12-20","purchased_purges":0,"victory":false,"max_hp_per_floor":[75,75,75,75,75,75,75,75,75,75,75,85,85,85,85,85,85,85,85,85,85,85],"card_choices":[{"not_picked":["Rebound","Stack"],"picked":"Genetic Algorithm","floor":1},{"not_picked":["Aggregate","Redo"],"picked":"Chill","floor":3},{"not_picked":["Gash","Turbo"],"picked":"Conserve Battery","floor":4},{"not_picked":["Leap","Amplify"],"picked":"Ball Lightning","floor":7},{"not_picked":["Ball Lightning","Self Repair"],"picked":"BootSequence","floor":10},{"not_picked":["Rip and Tear","Barrage"],"picked":"Stack","floor":11},{"not_picked":["Self Repair","Multi-Cast"],"picked":"White Noise","floor":12},{"not_picked":["Rip and Tear","Gash","Turbo"],"picked":"SKIP","floor":14},{"not_picked":["Rainbow","Thunder Strike"],"picked":"Fission","floor":16},{"not_picked":["Streamline","Steam"],"picked":"Hologram","floor":18},{"not_picked":["Steam","Stack"],"picked":"Blizzard","floor":19},{"not_picked":["Self Repair","Streamline"],"picked":"Cold Snap","floor":21}],"player_experience":116741,"relics_obtained":[{"floor":7,"key":"Letter Opener"},{"floor":9,"key":"Juzu Bracelet"},{"floor":12,"key":"Pear"}],"event_choices":[{"damage_healed":0,"gold_gain":0,"player_choice":"Ignored","damage_taken":0,"max_hp_gain":0,"max_hp_loss":0,"event_name":"Golden Idol","floor":2,"gold_loss":0},{"damage_healed":0,"gold_gain":0,"player_choice":"Success","damage_taken":3,"relics_obtained":["Centennial Puzzle"],"max_hp_gain":0,"max_hp_loss":0,"event_name":"Scrap Ooze","floor":5,"gold_loss":0},{"damage_healed":0,"gold_gain":0,"player_choice":"Entered Light","damage_taken":17,"max_hp_gain":0,"max_hp_loss":0,"event_name":"Shining Light","floor":13,"gold_loss":0,"cards_upgraded":["Defend_B","Strike_B"]},{"damage_healed":0,"gold_gain":0,"player_choice":"Fight","damage_taken":0,"max_hp_gain":0,"max_hp_loss":0,"event_name":"Colosseum","floor":22,"gold_loss":0},{"damage_healed":0,"gold_gain":0,"player_choice":"Fought Nobs","damage_taken":0,"max_hp_gain":0,"max_hp_loss":0,"event_name":"Colosseum","floor":22,"gold_loss":0}],"is_beta":false,"boss_relics":[{"not_picked":["Orrery","Snecko Eye"],"picked":"Fusion Hammer"}],"items_purged_floors":[],"is_endless":false,"potions_floor_spawned":[10,11,14,16,21,22],"killed_by":"Colosseum Nobs","ascension_level":1}