{"gold_per_floor":[114,126,176,190,210,210,230,230,230,250,10,10,10,285,285,285],"floor_reached":16,"playtime":635,"items_purged":[],"score":161,"play_id":"1a4dfe87-9944-4143-ae09-ce26ca0d3539","local_time":"20190226221951","is_ascension_mode":true,"campfire_choices":[{"data":"FTL","floor":6.0,"key":"SMITH"},{"floor":8.0,"key":"REST"},{"floor":15,"key":"REST"}],"neow_cost":"NONE","seed_source_timestamp":261313409161173,"circlet_count":0,"master_deck":["AscendersBane","Strike_B","Strike_B","Strike_B","Strike_B","Defend_B","Defend_B","Defend_B","Defend_B","Zap","Dualcast","Consume","FTL+1","Reinforced Body","Double Energy","Double Energy","Amplify","Regret"],"special_seed":0,"relics":["Cracked Core","Bag of Marbles","Meat on the Bone","Happy Flower"],"potions_floor_usage":[16],"damage_taken":[{"damage":7.0,"enemies":"Jaw Worm","floor":1.0,"turns":2.0},{"damage":1.0,"enemies":"Cultist","floor":2.0,"turns":3.0},{"damage":0.0,"enemies":"Small Slimes","floor":4.0,"turns":3.0},{"damage":0.0,"enemies":"2 Fungi Beasts","floor":5.0,"turns":3.0},{"damage":11.0,"enemies":"Lots of Slimes","floor":7.0,"turns":5.0},{"damage":16.0,"enemies":"Blue Slaver","floor":10.0,"turns":3.0},{"damage":74,"enemies":"Slime Boss","floor":16,"turns":7}],"seed_played":"8787417133558616033","potions_obtained":[{"floor":1.0,"key":"Dexterity Potion"},{"floor":4.0,"key":"Block Potion"},{"floor":10.0,"key":"Block Potion"}],"is_trial":false,"path_per_floor":["M","M","?","M","M","R","M","R","T","M","$","?","?","?","R","B"],"character_chosen":"DEFECT","items_purchased":["Meat on the Bone"],"campfire_rested":2,"item_purchase_floors":[11],"current_hp_per_floor":[64,63,56,56,56,56,45,68,68,52,52,47,47,47,70,0],"gold":285,"neow_bonus":"TEN_PERCENT_HP_BONUS","is_prod":false,"is_daily":false,"chose_seed":false,"campfire_upgraded":1,"win_rate":0,"timestamp":1551187191,"path_taken":["M","M","?","M","M","R","M","R","T","?","?","?","?","?","R","BOSS"],"build_version":"2019-01-23","purchased_purges":0,"victory":false,"max_hp_per_floor":[78,78,78,78,78,78,78,78,78,78,78,78,78,78,78,78],"card_choices":[{"not_picked":["Hologram","Steam"],"picked":"Consume","floor":1.0},{"not_picked":["Leap","Cold Snap"],"picked":"FTL","floor":2.0},{"not_picked":["FTL","Streamline"],"picked":"Reinforced Body","floor":4.0},{"not_picked":["Go for the Eyes","Barrage"],"picked":"Double Energy","floor":5.0},{"not_picked":["Cold Snap","Redo"],"picked":"Double Energy","floor":7.0},{"not_picked":["Hologram","Barrage"],"picked":"Amplify","floor":10.0}],"player_experience":1005846,"relics_obtained":[{"floor":9.0,"key":"Bag of Marbles"}],"event_choices":[{"damage_healed":0.0,"max_hp_gain":0.0,"max_hp_loss":0.0,"gold_gain":50.0,"event_name":"FaceTrader","player_choice":"Touch","floor":3.0,"gold_loss":0.0,"damage_taken":7.0},{"damage_healed":0.0,"max_hp_gain":0.0,"max_hp_loss":0.0,"gold_gain":0.0,"event_name":"Scrap Ooze","player_choice":"Success","floor":12.0,"gold_loss":0.0,"damage_taken":5.0,"relics_obtained":["Happy Flower"]},{"damage_healed":0,"gold_gain":0,"player_choice":"Searched \u00270\u0027 times","damage_taken":0,"max_hp_gain":0,"max_hp_loss":0,"event_name":"Dead Adventurer","floor":13,"gold_loss":0},{"damage_healed":0,"gold_gain":275,"player_choice":"Desecrate","damage_taken":0,"max_hp_gain":0,"max_hp_loss":0,"event_name":"Golden Shrine","floor":14,"gold_loss":0,"cards_obtained":["Regret"]}],"is_beta":false,"boss_relics":[],"items_purged_floors":[],"is_endless":false,"potions_floor_spawned":[1,4,10],"killed_by":"Slime Boss","ascension_level":15}