{"gold_per_floor":[110,35,85,104,115,115,140,140,194,222,222,242,242,257,257,334,334,350,37,54,54,54,54,68,68,124,156,175,175,275,307,307,378,378,397,412,412,428,60,60,79,22,22,22],"floor_reached":44,"playtime":2461,"items_purged":["Parasite","Pain"],"score":937,"play_id":"a9c4de30-5330-4dc4-8f58-f99eab7ff174","local_time":"20190318131235","is_ascension_mode":true,"campfire_choices":[{"data":"Fiend Fire","floor":6.0,"key":"SMITH"},{"floor":8.0,"key":"REST"},{"data":"Bash","floor":11.0,"key":"SMITH"},{"data":"Inflame","floor":13.0,"key":"SMITH"},{"data":"Twin Strike","floor":15.0,"key":"SMITH"},{"data":"Immolate","floor":23.0,"key":"SMITH"},{"floor":25.0,"key":"REST"},{"data":"Disarm","floor":29,"key":"SMITH"},{"floor":32,"key":"REST"},{"floor":40,"key":"REST"}],"neow_cost":"CURSE","seed_source_timestamp":978556375782110,"circlet_count":0,"master_deck":["AscendersBane","Strike_R","Strike_R","Strike_R","Strike_R","Strike_R","Defend_R","Defend_R","Defend_R","Defend_R","Bash+1","Fiend Fire+1","Feel No Pain","Twin Strike+1","Inflame+1","Shrug It Off","Immolate+1","Body Slam","Second Wind","Feel No Pain","Corruption","RitualDagger","Armaments","Power Through","Disarm+1","Armaments","Flex","Double Tap","Parasite","Spot Weakness","Power Through","Power Through+1","Metallicize","Seeing Red","Parasite","Shrug It Off"],"special_seed":0,"relics":["Burning Blood","Omamori","Potion Belt","Happy Flower","Snecko Eye","Pear","Tiny Chest","Juzu Bracelet","Ginger","Sundial","Dodecahedron","Calling Bell","Anchor","Pantograph","Girya","Mercury Hourglass"],"potions_floor_usage":[30,33,33,33,38,41,44,44],"damage_taken":[{"damage":6.0,"enemies":"Cultist","floor":1.0,"turns":3.0},{"damage":9.0,"enemies":"Jaw Worm","floor":4.0,"turns":3.0},{"damage":10.0,"enemies":"Small Slimes","floor":5.0,"turns":3.0},{"damage":30.0,"enemies":"Lagavulin","floor":7.0,"turns":6.0},{"damage":10.0,"enemies":"3 Sentries","floor":10.0,"turns":18.0},{"damage":0.0,"enemies":"2 Fungi Beasts","floor":12.0,"turns":2.0},{"damage":0.0,"enemies":"Large Slime","floor":14.0,"turns":4.0},{"damage":52.0,"enemies":"Hexaghost","floor":16.0,"turns":8.0},{"damage":11.0,"enemies":"3 Byrds","floor":18.0,"turns":4.0},{"damage":16.0,"enemies":"Shell Parasite","floor":20.0,"turns":3.0},{"damage":0.0,"enemies":"Centurion and Healer","floor":24.0,"turns":3.0},{"damage":20.0,"enemies":"Book of Stabbing","floor":27.0,"turns":5.0},{"damage":0,"enemies":"Snake Plant","floor":28,"turns":1},{"damage":2,"enemies":"Colosseum Slavers","floor":30,"turns":5},{"damage":0,"enemies":"Colosseum Nobs","floor":30,"turns":3},{"damage":36,"enemies":"Slavers","floor":31,"turns":5},{"damage":40,"enemies":"Champ","floor":33,"turns":13},{"damage":4,"enemies":"3 Darklings","floor":35,"turns":6},{"damage":4,"enemies":"Orb Walker","floor":36,"turns":4},{"damage":39,"enemies":"3 Darklings","floor":38,"turns":5},{"damage":65,"enemies":"Writhing Mass","floor":41,"turns":5},{"damage":29,"enemies":"Reptomancer","floor":44,"turns":2}],"seed_played":"-2813140143880489525","potions_obtained":[{"floor":5.0,"key":"Strength Potion"},{"floor":10.0,"key":"Explosive Potion"},{"floor":14.0,"key":"SteroidPotion"},{"floor":24.0,"key":"Fire Potion"},{"floor":28,"key":"SteroidPotion"},{"floor":36,"key":"BloodPotion"},{"floor":41,"key":"Strength Potion"}],"is_trial":false,"path_per_floor":["M","$","?","M","M","R","E","R","T","E","R","M","R","M","R","B",null,"M","$","M","?","?","R","M","R","T","E","M","R","?","E","R","B",null,"M","M","?","M","$","R","M","$","T","E"],"character_chosen":"IRONCLAD","items_purchased":["Body Slam","Second Wind","Feel No Pain","AttackPotion","Block Potion","Metallicize","Seeing Red","SteroidPotion","Strength Potion","Block Potion"],"campfire_rested":4,"item_purchase_floors":[19,19,19,19,19,39,39,39,39,42],"current_hp_per_floor":[68,68,68,65,61,61,37,58,58,54,54,60,60,66,66,20,59,54,54,44,38,48,48,54,78,78,64,70,70,80,50,74,40,72,74,76,76,51,51,75,16,16,16,0],"gold":22,"neow_bonus":"THREE_RARE_CARDS","is_prod":false,"is_daily":false,"chose_seed":false,"campfire_upgraded":6,"win_rate":0,"timestamp":1552882355,"path_taken":["M","$","?","?","M","R","E","R","T","E","R","M","R","M","R","BOSS","M","$","?","?","?","R","M","R","T","E","M","R","?","E","R","BOSS","M","M","?","M","$","R","M","$","T","E"],"build_version":"2019-01-23","purchased_purges":2,"victory":false,"max_hp_per_floor":[75,72,72,72,72,72,72,72,72,72,72,72,72,72,72,72,72,72,72,72,72,82,82,82,82,82,82,82,82,82,82,82,82,82,82,82,82,82,82,82,82,82,82,82],"card_choices":[{"not_picked":["Barricade","Brutality"],"picked":"Fiend Fire","floor":0.0},{"not_picked":["True Grit","Headbutt","Pummel"],"picked":"SKIP","floor":1.0},{"not_picked":["Rupture","Cleave","Thunderclap"],"picked":"SKIP","floor":4.0},{"not_picked":["Bloodletting","Body Slam","Headbutt"],"picked":"SKIP","floor":5.0},{"not_picked":["Sword Boomerang","Demon Form"],"picked":"Feel No Pain","floor":7.0},{"not_picked":["Cleave","Bloodletting"],"picked":"Twin Strike","floor":10.0},{"not_picked":["Pummel","Sword Boomerang"],"picked":"Inflame","floor":12.0},{"not_picked":["Power Through","Warcry"],"picked":"Shrug It Off","floor":14.0},{"not_picked":["Demon Form","Brutality"],"picked":"Immolate","floor":16.0},{"not_picked":["Combust","Heavy Blade","Warcry"],"picked":"SKIP","floor":18.0},{"not_picked":["Uppercut+1","Perfected Strike"],"picked":"Corruption","floor":20.0},{"not_picked":["True Grit","Sword Boomerang"],"picked":"Armaments","floor":24.0},{"not_picked":["Flex","Combust"],"picked":"Power Through","floor":27.0},{"not_picked":["Warcry","Pummel"],"picked":"Disarm","floor":28},{"not_picked":["Twin Strike","Barricade"],"picked":"Armaments","floor":30},{"not_picked":["Perfected Strike","Twin Strike","Flex"],"picked":"SKIP","floor":31},{"not_picked":["Perfected Strike","Twin Strike"],"picked":"Flex","floor":31},{"not_picked":["Berserk","Offering"],"picked":"Double Tap","floor":33},{"not_picked":["Thunderclap","Bloodletting"],"picked":"Spot Weakness","floor":35},{"not_picked":["Headbutt","Blood for Blood"],"picked":"Power Through","floor":36},{"not_picked":["Thunderclap","Carnage"],"picked":"Power Through+1","floor":38},{"not_picked":["Whirlwind","Twin Strike"],"picked":"Shrug It Off","floor":41}],"player_experience":734585,"relics_obtained":[{"floor":7.0,"key":"Omamori"},{"floor":9.0,"key":"Potion Belt"},{"floor":10.0,"key":"Happy Flower"},{"floor":26.0,"key":"Tiny Chest"},{"floor":27.0,"key":"Juzu Bracelet"},{"floor":30,"key":"Ginger"},{"floor":30,"key":"Sundial"},{"floor":31,"key":"Dodecahedron"},{"floor":34,"key":"Anchor"},{"floor":34,"key":"Pantograph"},{"floor":34,"key":"Girya"},{"floor":43,"key":"Mercury Hourglass"}],"event_choices":[{"damage_healed":0.0,"max_hp_gain":0.0,"max_hp_loss":0.0,"gold_gain":50.0,"event_name":"Golden Shrine","player_choice":"Pray","floor":3.0,"gold_loss":0.0,"damage_taken":0.0},{"damage_healed":0.0,"max_hp_gain":0.0,"max_hp_loss":0.0,"gold_gain":0.0,"event_name":"Nest","player_choice":"Joined the Cult","floor":21.0,"gold_loss":0.0,"damage_taken":6.0,"cards_obtained":["RitualDagger"]},{"damage_healed":0.0,"max_hp_gain":0.0,"max_hp_loss":0.0,"gold_gain":0.0,"event_name":"The Mausoleum","player_choice":"Opened","floor":22.0,"gold_loss":0.0,"damage_taken":0.0,"relics_obtained":["Pear"],"cards_obtained":["Writhe"]},{"damage_healed":0,"gold_gain":0,"player_choice":"Fight","damage_taken":0,"max_hp_gain":0,"max_hp_loss":0,"event_name":"Colosseum","floor":30,"gold_loss":0},{"damage_healed":0,"gold_gain":0,"player_choice":"Fought Nobs","damage_taken":0,"max_hp_gain":0,"max_hp_loss":0,"event_name":"Colosseum","floor":30,"gold_loss":0},{"damage_healed":0,"gold_gain":0,"player_choice":"Ignored","damage_taken":0,"max_hp_gain":0,"max_hp_loss":0,"event_name":"Tomb of Lord Red Mask","floor":37,"gold_loss":0}],"is_beta":false,"boss_relics":[{"not_picked":["Cursed Key","Tiny House"],"picked":"Snecko Eye"},{"not_picked":["Black Star","Orrery"],"picked":"Calling Bell"}],"items_purged_floors":[2,39],"is_endless":false,"potions_floor_spawned":[5,10,14,24,28,30,36,41],"killed_by":"Reptomancer","ascension_level":20}