{"gold_per_floor":[11,24,24,35,51,82,82,82,133,153,181,192,192,205,205,279,279,299,299,224,60,80,80,80],"floor_reached":24,"playtime":901,"items_purged":["Strike_B"],"score":395,"play_id":"db83cebd-20ed-4e9a-aea0-19028659b7d1","local_time":"20190305225309","is_ascension_mode":true,"campfire_choices":[{"floor":15.0,"key":"REST"},{"floor":23.0,"key":"REST"}],"neow_cost":"NO_GOLD","seed_source_timestamp":354382548040669,"circlet_count":0,"master_deck":["AscendersBane","Defend_B","Defend_B","Defend_B","Zap","Dualcast","Leap","Sunder","Chaos","Gash","Ball Lightning","Beam Cell","Rebound","Gash","Coolheaded","Gash","Echo Form","Go for the Eyes","Flash of Steel","Self Repair+1"],"special_seed":0,"relics":["Cracked Core","Letter Opener","CultistMask","Centennial Puzzle","Orichalcum","Pear","Sozu"],"potions_floor_usage":[24],"damage_taken":[{"damage":0.0,"enemies":"Cultist","floor":1.0,"turns":3.0},{"damage":2.0,"enemies":"Jaw Worm","floor":2.0,"turns":4.0},{"damage":1.0,"enemies":"2 Louse","floor":4.0,"turns":3.0},{"damage":6.0,"enemies":"2 Fungi Beasts","floor":5.0,"turns":2.0},{"damage":13.0,"enemies":"3 Sentries","floor":6.0,"turns":6.0},{"damage":10.0,"enemies":"Gremlin Gang","floor":10.0,"turns":3.0},{"damage":9.0,"enemies":"Gremlin Nob","floor":11.0,"turns":3.0},{"damage":0.0,"enemies":"Exordium Wildlife","floor":12.0,"turns":3.0},{"damage":1.0,"enemies":"Looter","floor":14.0,"turns":2.0},{"damage":48.0,"enemies":"The Guardian","floor":16.0,"turns":9.0},{"damage":28.0,"enemies":"Shell Parasite","floor":18.0,"turns":5.0},{"damage":17.0,"enemies":"3 Byrds","floor":22.0,"turns":4.0},{"damage":45,"enemies":"Slavers","floor":24,"turns":3}],"seed_played":"4402788156968986755","potions_obtained":[{"floor":4.0,"key":"Fire Potion"},{"floor":6.0,"key":"FocusPotion"},{"floor":11.0,"key":"Regen Potion"},{"floor":16.0,"key":"Ancient Potion"}],"is_trial":false,"path_per_floor":["M","M","?","M","M","E","?","?","T","M","E","M","T","M","R","B",null,"M","?","?","$","M","R","E"],"character_chosen":"DEFECT","items_purchased":["Flash of Steel"],"campfire_rested":2,"item_purchase_floors":[21],"current_hp_per_floor":[64,62,62,61,55,42,35,35,35,25,16,16,26,25,49,16,65,37,37,37,37,20,44,0],"gold":80,"neow_bonus":"TRANSFORM_TWO_CARDS","is_prod":false,"is_daily":false,"chose_seed":false,"campfire_upgraded":0,"win_rate":0,"timestamp":1551844389,"path_taken":["M","?","?","M","M","E","?","?","T","?","E","?","?","M","R","BOSS","M","?","?","$","M","R","E"],"build_version":"2019-01-23","purchased_purges":1,"victory":false,"max_hp_per_floor":[71,71,71,71,71,71,71,71,71,71,71,71,81,81,81,81,81,81,81,81,81,81,81,81],"card_choices":[{"not_picked":["Streamline","Aggregate"],"picked":"Chaos","floor":1.0},{"not_picked":["Streamline","Turbo"],"picked":"Gash","floor":2.0},{"not_picked":["Chaos","Conserve Battery"],"picked":"Ball Lightning","floor":4.0},{"not_picked":["Tempest","Stack"],"picked":"Beam Cell","floor":5.0},{"not_picked":["Recycle","Ball Lightning"],"picked":"Rebound","floor":6.0},{"not_picked":["Rainbow","Streamline"],"picked":"Gash","floor":10.0},{"not_picked":["Conserve Battery","Compile Driver"],"picked":"Coolheaded","floor":11.0},{"not_picked":["Leap","Streamline","Stack"],"picked":"SKIP","floor":12.0},{"not_picked":["Force Field","Ball Lightning"],"picked":"Gash","floor":14.0},{"not_picked":["Core Surge","Electrodynamics"],"picked":"Echo Form","floor":16.0},{"not_picked":["Reprogram","Stack"],"picked":"Go for the Eyes","floor":18.0},{"not_picked":["Steam","Streamline"],"picked":"Self Repair+1","floor":22.0}],"player_experience":520776,"relics_obtained":[{"floor":6.0,"key":"Letter Opener"},{"floor":9.0,"key":"Centennial Puzzle"},{"floor":11.0,"key":"Orichalcum"},{"floor":13.0,"key":"Pear"}],"event_choices":[{"damage_healed":0.0,"max_hp_gain":0.0,"max_hp_loss":0.0,"gold_gain":0.0,"event_name":"The Cleric","player_choice":"Leave","floor":3.0,"gold_loss":0.0,"damage_taken":0.0},{"cards_removed":["Strike_B"],"damage_healed":0.0,"max_hp_gain":0.0,"max_hp_loss":0.0,"gold_gain":0.0,"event_name":"Golden Wing","player_choice":"Card Removal","floor":7.0,"gold_loss":0.0,"damage_taken":7.0},{"damage_healed":0.0,"max_hp_gain":0.0,"max_hp_loss":0.0,"gold_gain":0.0,"event_name":"FaceTrader","player_choice":"Trade","floor":8.0,"gold_loss":0.0,"damage_taken":0.0,"relics_obtained":["CultistMask"]},{"damage_healed":0.0,"max_hp_gain":0.0,"max_hp_loss":0.0,"gold_gain":0.0,"event_name":"Vampires","player_choice":"Ignored","floor":19.0,"gold_loss":0.0,"damage_taken":0.0},{"cards_removed":["Defend_B"],"damage_healed":0.0,"max_hp_gain":0.0,"max_hp_loss":0.0,"gold_gain":0.0,"event_name":"Beggar","player_choice":"Gave Gold","floor":20.0,"gold_loss":75.0,"damage_taken":0.0}],"is_beta":false,"boss_relics":[{"not_picked":["Snecko Eye","Pandora\u0027s Box"],"picked":"Sozu"}],"items_purged_floors":[21],"is_endless":false,"potions_floor_spawned":[4,6,11,16,22],"killed_by":"Slavers","ascension_level":18}