{"gold_per_floor":[216,166,91,107,107,134,134,147,215,115,132,152,166,182,182,285,285,297,172,172,186,186,186,213,213],"floor_reached":25,"playtime":1601,"items_purged":["Strike_R","Strike_R","Strike_R"],"score":223,"play_id":"7e6ab222-6be6-475a-9c90-5e6e8ced32ba","local_time":"20190223125615","is_ascension_mode":false,"campfire_choices":[{"data":"Anger","floor":15,"key":"SMITH"},{"data":"Bash","floor":23,"key":"SMITH"}],"neow_cost":"NONE","seed_source_timestamp":155364844700,"circlet_count":0,"master_deck":["Strike_R","Strike_R+1","Defend_R","Defend_R+1","Defend_R","Bash+1","Shrug It Off","Anger+1","Limit Break","Decay"],"relics":["Burning Blood","Bronze Scales","Mercury Hourglass","White Beast Statue","Centennial Puzzle"],"potions_floor_usage":[16,16,18,18],"damage_taken":[{"damage":5,"enemies":"Small Slimes","floor":1,"turns":4},{"damage":3,"enemies":"2 Louse","floor":4,"turns":3},{"damage":57,"enemies":"Lagavulin","floor":6,"turns":8},{"damage":0,"enemies":"Cultist","floor":8,"turns":3},{"damage":2,"enemies":"Exordium Wildlife","floor":11,"turns":4},{"damage":0,"enemies":"2 Fungi Beasts","floor":12,"turns":3},{"damage":9,"enemies":"Gremlin Gang","floor":13,"turns":3},{"damage":4,"enemies":"Large Slime","floor":14,"turns":5},{"damage":5,"enemies":"Hexaghost","floor":16,"turns":8},{"damage":4,"enemies":"3 Byrds","floor":18,"turns":2},{"damage":0,"enemies":"Chosen","floor":21,"turns":4},{"damage":37,"enemies":"Gremlin Leader","floor":24,"turns":7},{"damage":53,"enemies":"Shelled Parasite and Fungi","floor":25,"turns":5}],"seed_played":"3749915489482128594","potions_obtained":[{"floor":1,"key":"EssenceOfSteel"},{"floor":11,"key":"Dexterity Potion"},{"floor":12,"key":"Explosive Potion"},{"floor":16,"key":"GamblersBrew"},{"floor":18,"key":"SkillPotion"},{"floor":21,"key":"Explosive Potion"},{"floor":24,"key":"Swift Potion"}],"is_trial":false,"path_per_floor":["M","?","$","M","?","E","?","M","T","$","M","M","M","M","R","B",null,"M","$","?","M","?","R","E","M"],"character_chosen":"IRONCLAD","items_purchased":[],"campfire_rested":0,"item_purchase_floors":[],"current_hp_per_floor":[80,80,80,80,64,13,13,19,19,19,23,29,26,28,28,29,80,80,80,80,80,80,80,49,0],"gold":213,"neow_bonus":"HUNDRED_GOLD","is_prod":false,"is_daily":false,"chose_seed":false,"campfire_upgraded":2,"win_rate":0,"timestamp":1550922975,"path_taken":["M","?","$","M","?","E","?","M","T","$","?","M","M","M","R","BOSS","M","$","?","M","?","R","E","?"],"build_version":"2019-01-23","purchased_purges":3,"victory":false,"max_hp_per_floor":[80,80,80,80,80,80,80,80,80,80,80,80,80,80,80,80,80,80,80,80,80,80,80,80,80],"card_choices":[{"not_picked":["Feel No Pain","Sword Boomerang"],"picked":"Shrug It Off","floor":1},{"not_picked":["Flame Barrier","Disarm","Clothesline"],"picked":"SKIP","floor":4},{"not_picked":["Rampage","Whirlwind","Twin Strike"],"picked":"SKIP","floor":6},{"not_picked":["Sword Boomerang","Sever Soul","Rupture"],"picked":"SKIP","floor":8},{"not_picked":["Headbutt","Armaments"],"picked":"Anger","floor":11},{"not_picked":["Fire Breathing","Perfected Strike","Evolve"],"picked":"SKIP","floor":12},{"not_picked":["Perfected Strike","Clothesline","Armaments"],"picked":"SKIP","floor":13},{"not_picked":["Reaper","Armaments","Cleave"],"picked":"SKIP","floor":14},{"not_picked":["Double Tap","Dark Embrace"],"picked":"Limit Break","floor":16},{"not_picked":["Power Through","Blood for Blood","Twin Strike+1"],"picked":"SKIP","floor":18},{"not_picked":["Havoc","Iron Wave","Thunderclap"],"picked":"SKIP","floor":21},{"not_picked":["Limit Break","True Grit+1","Cleave"],"picked":"SKIP","floor":24}],"player_experience":369318,"relics_obtained":[{"floor":6,"key":"Bronze Scales"},{"floor":9,"key":"Mercury Hourglass"},{"floor":24,"key":"Centennial Puzzle"}],"event_choices":[{"cards_removed":["Defend_R"],"damage_healed":0,"gold_gain":0,"player_choice":"Card Removal","damage_taken":0,"max_hp_gain":0,"max_hp_loss":0,"event_name":"The Cleric","floor":2,"gold_loss":50},{"damage_healed":0,"gold_gain":0,"player_choice":"Entered Light","damage_taken":16,"max_hp_gain":0,"max_hp_loss":0,"event_name":"Shining Light","floor":5,"gold_loss":0,"cards_upgraded":["Defend_R","Strike_R"]},{"damage_healed":0,"gold_gain":0,"player_choice":"Ignored","damage_taken":0,"max_hp_gain":0,"max_hp_loss":0,"event_name":"NoteForYourself","floor":7,"gold_loss":0},{"damage_healed":0,"gold_gain":0,"player_choice":"Ignored","damage_taken":0,"max_hp_gain":0,"max_hp_loss":0,"event_name":"Ghosts","floor":20,"gold_loss":0},{"damage_healed":0,"gold_gain":0,"player_choice":"Cursed","damage_taken":0,"max_hp_gain":0,"max_hp_loss":0,"event_name":"Wheel of Change","floor":22,"gold_loss":0,"cards_obtained":["Decay"]}],"is_beta":false,"boss_relics":[{"not_picked":["Fusion Hammer","Eternal Feather"],"picked":"White Beast Statue"}],"items_purged_floors":[3,10,19],"is_endless":false,"potions_floor_spawned":[1,11,12,14,16,18,21,24],"killed_by":"Shelled Parasite and Fungi","ascension_level":0}