{"gold_per_floor":[18,36,36,51,66,94,19,44,44,56,56,87,362,379,379,456,456,475,475,488,514,532,566,666,700,779,779,779,799,822,841,841,913,913,929,929,983,1002,1002,1034,1047,1074,1074,1106,1106,1106,1138,1155,1155,1155,1155,1155,1155,303,328,328],"floor_reached":57,"playtime":2936,"items_purged":["Strike_R","Feed+1"],"score":4010,"play_id":"c4c669d0-0fc4-47c8-8c5b-2b0606a07639","local_time":"20190210020309","is_ascension_mode":true,"campfire_choices":[{"data":"Corruption","floor":11.0,"key":"SMITH"},{"data":"Corruption","floor":15.0,"key":"SMITH"},{"data":"Battle Trance","floor":28.0,"key":"SMITH"},{"data":"Feed","floor":32.0,"key":"SMITH"},{"floor":46,"key":"RECALL"},{"data":"Sentinel","floor":49,"key":"SMITH"},{"data":"Evolve","floor":53,"key":"SMITH"}],"neow_cost":"NO_GOLD","seed_source_timestamp":885175871290400,"circlet_count":0,"master_deck":["AscendersBane","Strike_R","Strike_R+1","Strike_R+1","Defend_R","Defend_R","Defend_R","Defend_R","Bash","Shrug It Off","Corruption+1","Sentinel","Seeing Red","Shrug It Off","Corruption+1","Regret","Havoc","Shame","Shrug It Off","Battle Trance+1","Disarm","True Grit+1","Seeing Red","Havoc","Havoc+1","Armaments","Evolve+1","Power Through","Intimidate","Havoc","Panacea","Finesse","Dark Shackles","Shockwave+1","Sentinel+1","Shrug It Off","Heavy Blade+1","Flex+1","Pommel Strike","Iron Wave+1","Parasite","Clothesline+1","Feel No Pain"],"special_seed":0,"relics":["Burning Blood","Dead Branch","Vajra","Gremlin Horn","Calipers","Snecko Eye","PreservedInsect","Red Mask","Blue Candle","Du-Vu Doll","Pear","Red Skull","Gambling Chip","Whetstone","Orrery","Pocketwatch","Mango","Regal Pillow","Unceasing Top","Strawberry","Oddly Smooth Stone","Paper Frog","Pen Nib","Medical Kit","Blood Vial"],"potions_floor_usage":[],"damage_taken":[{"damage":3.0,"enemies":"Cultist","floor":1.0,"turns":4.0},{"damage":9.0,"enemies":"Jaw Worm","floor":2.0,"turns":4.0},{"damage":6.0,"enemies":"2 Louse","floor":4.0,"turns":4.0},{"damage":7.0,"enemies":"Looter","floor":5.0,"turns":4.0},{"damage":18.0,"enemies":"Gremlin Nob","floor":6.0,"turns":4.0},{"damage":2.0,"enemies":"Lagavulin","floor":8.0,"turns":6.0},{"damage":6.0,"enemies":"Large Slime","floor":10.0,"turns":2.0},{"damage":0.0,"enemies":"3 Sentries","floor":12.0,"turns":3.0},{"damage":8.0,"enemies":"Lots of Slimes","floor":14.0,"turns":3.0},{"damage":6.0,"enemies":"Hexaghost","floor":16.0,"turns":2.0},{"damage":5.0,"enemies":"Chosen","floor":18.0,"turns":4.0},{"damage":3.0,"enemies":"2 Thieves","floor":20.0,"turns":3.0},{"damage":6.0,"enemies":"Masked Bandits","floor":21.0,"turns":3.0},{"damage":7.0,"enemies":"Snake Plant","floor":22.0,"turns":2.0},{"damage":0.0,"enemies":"Book of Stabbing","floor":23.0,"turns":2.0},{"damage":5.0,"enemies":"Colosseum Slavers","floor":24.0,"turns":3.0},{"damage":2.0,"enemies":"Colosseum Nobs","floor":24.0,"turns":2.0},{"damage":1.0,"enemies":"Slavers","floor":25.0,"turns":2.0},{"damage":7.0,"enemies":"Shelled Parasite and Fungi","floor":29.0,"turns":2.0},{"damage":0.0,"enemies":"Centurion and Healer","floor":31.0,"turns":3.0},{"damage":2.0,"enemies":"Collector","floor":33.0,"turns":3.0},{"damage":0.0,"enemies":"Orb Walker","floor":35.0,"turns":2.0},{"damage":8.0,"enemies":"2 Orb Walkers","floor":37.0,"turns":4.0},{"damage":0.0,"enemies":"3 Darklings","floor":38.0,"turns":1.0},{"damage":3,"enemies":"Giant Head","floor":40,"turns":2},{"damage":0,"enemies":"Jaw Worm Horde","floor":41,"turns":2},{"damage":0,"enemies":"Reptomancer","floor":42,"turns":2},{"damage":5,"enemies":"Giant Head","floor":44,"turns":5},{"damage":2,"enemies":"Reptomancer","floor":47,"turns":2},{"damage":1,"enemies":"Writhing Mass","floor":48,"turns":9},{"damage":3,"enemies":"Time Eater","floor":50,"turns":6},{"damage":8,"enemies":"Donu and Deca","floor":51,"turns":5},{"damage":6,"enemies":"Shield and Spear","floor":55,"turns":1},{"damage":21,"enemies":"The Heart","floor":56,"turns":4}],"seed_played":"-7697891752054455522","potions_obtained":[{"floor":4.0,"key":"BloodPotion"},{"floor":6.0,"key":"Ancient Potion"},{"floor":8.0,"key":"BloodPotion"},{"floor":10.0,"key":"Regen Potion"},{"floor":16.0,"key":"FearPotion"},{"floor":25.0,"key":"Dexterity Potion"},{"floor":44,"key":"FearPotion"},{"floor":45,"key":"Energy Potion"}],"is_trial":false,"path_per_floor":["M","M","?","M","M","E","$","E","T","M","R","E","?","M","R","B",null,"M","?","M","?","M","E","?","E","T","T","R","M","T","M","R","B",null,"M","?","?","M","?","E","M","E","T","E","?","R","E","M","R","B","B",null,"R","$","E","B",null],"character_chosen":"IRONCLAD","items_purchased":["Paper Frog","Pen Nib","Medical Kit","Feel No Pain"],"campfire_rested":0,"item_purchase_floors":[54,54,54,54],"current_hp_per_floor":[71,68,68,68,67,55,55,59,59,59,59,72,72,70,70,70,74,75,75,78,81,83,84,97,97,97,97,97,99,99,103,103,103,103,103,93,91,101,101,118,121,121,121,132,132,132,132,132,132,132,130,132,132,132,132,117],"gold":328,"neow_bonus":"ONE_RARE_RELIC","is_prod":false,"is_daily":false,"chose_seed":true,"campfire_upgraded":6,"win_rate":0,"timestamp":1549731789,"path_taken":["M","M","?","M","M","E","$","E","T","M","R","E","?","?","R","BOSS","M","?","M","?","M","E","?","E","T","?","R","M","?","?","R","BOSS","M","?","?","M","?","E","?","E","T","E","?","R","E","?","R","BOSS","BOSS","R","$","E","BOSS"],"build_version":"2019-01-23","purchased_purges":2,"victory":true,"max_hp_per_floor":[75,75,75,75,75,75,75,75,75,75,75,75,75,75,75,75,75,75,75,78,81,84,84,97,97,97,97,97,100,100,103,103,103,103,103,103,103,107,107,121,121,121,121,132,132,132,132,132,132,132,132,132,132,132,132,132],"card_choices":[{"not_picked":["Perfected Strike","Inflame"],"picked":"Shrug It Off","floor":1.0},{"not_picked":["Armaments","Shrug It Off"],"picked":"Corruption","floor":2.0},{"not_picked":["Sever Soul","Pommel Strike"],"picked":"Seeing Red","floor":4.0},{"not_picked":["Iron Wave","Wild Strike","Sword Boomerang"],"picked":"SKIP","floor":5.0},{"not_picked":["Pommel Strike","Headbutt"],"picked":"Impervious","floor":6.0},{"not_picked":["Uppercut","Thunderclap"],"picked":"Shrug It Off","floor":8.0},{"not_picked":["Clothesline","Dual Wield"],"picked":"Corruption","floor":10.0},{"not_picked":["Reckless Charge","Double Tap","Heavy Blade"],"picked":"SKIP","floor":12.0},{"not_picked":["Clothesline","Fire Breathing"],"picked":"Havoc","floor":14.0},{"not_picked":["Impervious","Limit Break"],"picked":"Feed","floor":16.0},{"not_picked":["True Grit+1","Flex","Wild Strike"],"picked":"SKIP","floor":18.0},{"not_picked":["Cleave","Body Slam"],"picked":"Shrug It Off","floor":20.0},{"not_picked":["True Grit","Perfected Strike"],"picked":"Battle Trance","floor":21.0},{"not_picked":["Thunderclap","Rage","Pommel Strike"],"picked":"SKIP","floor":22.0},{"not_picked":["Pummel+1","Dropkick"],"picked":"Disarm","floor":23.0},{"not_picked":["Wild Strike","Perfected Strike"],"picked":"True Grit+1","floor":25.0},{"not_picked":["Reckless Charge+1","Armaments"],"picked":"Seeing Red","floor":29.0},{"not_picked":["True Grit","Wild Strike"],"picked":"Havoc","floor":31.0},{"not_picked":["Headbutt","Thunderclap"],"picked":"Havoc+1","floor":34.0},{"not_picked":["Wild Strike","Headbutt"],"picked":"Armaments","floor":34.0},{"not_picked":["Pommel Strike+1","Reckless Charge+1"],"picked":"Evolve","floor":34.0},{"not_picked":["Pommel Strike+1","Thunderclap"],"picked":"Power Through","floor":34.0},{"not_picked":["Twin Strike","Rupture"],"picked":"Intimidate","floor":34.0},{"not_picked":["Sever Soul","Reckless Charge"],"picked":"Havoc","floor":35.0},{"not_picked":["Madness","Jack Of All Trades"],"picked":"Panacea","floor":36.0},{"not_picked":["HandOfGreed","Dramatic Entrance"],"picked":"Finesse","floor":36.0},{"not_picked":["Trip","PanicButton"],"picked":"Dark Shackles","floor":36.0},{"not_picked":["Clothesline","Perfected Strike"],"picked":"Shockwave+1","floor":38.0},{"not_picked":["Havoc","Warcry"],"picked":"Shrug It Off","floor":40},{"not_picked":["Iron Wave","Cleave"],"picked":"Heavy Blade+1","floor":41},{"not_picked":["Body Slam","Berserk"],"picked":"Flex+1","floor":42},{"not_picked":["Rampage","Anger"],"picked":"Pommel Strike","floor":44},{"not_picked":["Power Through","Immolate"],"picked":"Iron Wave+1","floor":47},{"not_picked":["Shrug It Off+1","Entrench"],"picked":"Clothesline+1","floor":48},{"not_picked":["Sword Boomerang","Havoc","Shockwave+1"],"picked":"SKIP","floor":55}],"player_experience":4242300,"relics_obtained":[{"floor":8.0,"key":"Vajra"},{"floor":9.0,"key":"Gremlin Horn"},{"floor":12.0,"key":"Calipers"},{"floor":21.0,"key":"Red Mask"},{"floor":23.0,"key":"Blue Candle"},{"floor":24.0,"key":"Du-Vu Doll"},{"floor":24.0,"key":"Pear"},{"floor":25.0,"key":"Red Skull"},{"floor":27.0,"key":"Gambling Chip"},{"floor":30.0,"key":"Whetstone"},{"floor":37.0,"key":"Pocketwatch"},{"floor":40,"key":"Mango"},{"floor":42,"key":"Regal Pillow"},{"floor":43,"key":"Unceasing Top"},{"floor":44,"key":"Strawberry"},{"floor":47,"key":"Oddly Smooth Stone"},{"floor":55,"key":"Blood Vial"}],"event_choices":[{"damage_healed":0.0,"max_hp_gain":0.0,"max_hp_loss":0.0,"gold_gain":0.0,"cards_transformed":["Strike_R"],"event_name":"Living Wall","player_choice":"Change","floor":3.0,"gold_loss":0.0,"damage_taken":0.0,"cards_obtained":["Sentinel"]},{"damage_healed":0.0,"max_hp_gain":0.0,"max_hp_loss":0.0,"gold_gain":275.0,"event_name":"Golden Shrine","player_choice":"Desecrate","floor":13.0,"gold_loss":0.0,"damage_taken":0.0,"cards_obtained":["Regret"]},{"damage_healed":0.0,"max_hp_gain":0.0,"max_hp_loss":0.0,"gold_gain":0.0,"event_name":"Addict","player_choice":"Stole Relic","floor":19.0,"gold_loss":0.0,"damage_taken":0.0,"relics_obtained":["PreservedInsect"],"cards_obtained":["Shame"]},{"damage_healed":0.0,"max_hp_gain":0.0,"max_hp_loss":0.0,"gold_gain":0.0,"event_name":"Masked Bandits","player_choice":"Fought Bandits","floor":21.0,"gold_loss":0.0,"damage_taken":0.0},{"damage_healed":0.0,"max_hp_gain":0.0,"max_hp_loss":0.0,"gold_gain":0.0,"event_name":"Colosseum","player_choice":"Fight","floor":24.0,"gold_loss":0.0,"damage_taken":0.0},{"damage_healed":0.0,"max_hp_gain":0.0,"max_hp_loss":0.0,"gold_gain":0.0,"event_name":"Colosseum","player_choice":"Fought Nobs","floor":24.0,"gold_loss":0.0,"damage_taken":0.0},{"damage_healed":0.0,"max_hp_gain":0.0,"max_hp_loss":0.0,"gold_gain":0.0,"event_name":"SensoryStone","player_choice":"Memory 3","floor":36.0,"gold_loss":0.0,"damage_taken":10.0},{"damage_healed":0.0,"max_hp_gain":0.0,"max_hp_loss":0.0,"gold_gain":0.0,"event_name":"Mysterious Sphere","player_choice":"Fight","floor":37.0,"gold_loss":0.0,"damage_taken":0.0},{"damage_healed":0,"gold_gain":0,"cards_transformed":["Impervious"],"player_choice":"Transformed","damage_taken":0,"max_hp_gain":0,"max_hp_loss":0,"event_name":"Transmorgrifier","floor":39,"gold_loss":0,"cards_obtained":["Sentinel"]},{"damage_healed":0,"gold_gain":0,"player_choice":"Got Potions","damage_taken":0,"max_hp_gain":0,"max_hp_loss":0,"event_name":"Lab","floor":45,"gold_loss":0}],"is_beta":false,"boss_relics":[{"not_picked":["Black Blood","White Beast Statue"],"picked":"Snecko Eye"},{"not_picked":["Runic Cube","Velvet Choker"],"picked":"Orrery"}],"items_purged_floors":[7,54],"is_endless":false,"potions_floor_spawned":[4,6,8,10,16,18,24,25,29,37,41,44,47],"ascension_level":20}