{"gold_per_floor":[109,109,122,8,22,22,56,56,56,56,71,71,107,123,123,123],"floor_reached":16,"playtime":651,"items_purged":[],"score":149,"play_id":"e604c457-aacd-4f0d-b6e2-458f1ef9c55d","local_time":"20190224223259","is_ascension_mode":true,"campfire_choices":[{"data":"Power Through","floor":6,"key":"SMITH"},{"floor":8,"key":"REST"},{"floor":12,"key":"REST"},{"data":"Flex","floor":15,"key":"SMITH"}],"neow_cost":"NONE","seed_source_timestamp":698370382768718,"circlet_count":0,"master_deck":["Strike_R","Strike_R","Strike_R","Strike_R","Strike_R","Defend_R","Defend_R","Defend_R","Defend_R","Bash","Power Through+1","Spot Weakness","Evolve","Sever Soul","Feel No Pain","Wild Strike","Reaper","Flex+1"],"relics":["Black Star","Matryoshka","Ancient Tea Set","Blue Candle","Mercury Hourglass","Golden Idol","Nunchaku","Centennial Puzzle"],"potions_floor_usage":[7,11,16,16],"damage_taken":[{"damage":7,"enemies":"Jaw Worm","floor":1,"turns":3},{"damage":2,"enemies":"2 Louse","floor":3,"turns":3},{"damage":10,"enemies":"Small Slimes","floor":5,"turns":4},{"damage":44,"enemies":"Gremlin Nob","floor":7,"turns":5},{"damage":0,"enemies":"3 Louse","floor":11,"turns":3},{"damage":15,"enemies":"Lagavulin","floor":13,"turns":5},{"damage":10,"enemies":"Large Slime","floor":14,"turns":6},{"damage":36,"enemies":"Hexaghost","floor":16,"turns":7}],"seed_played":"7340606380104412940","potions_obtained":[{"floor":1,"key":"PowerPotion"},{"floor":5,"key":"FearPotion"},{"floor":7,"key":"SkillPotion"},{"floor":14,"key":"GamblersBrew"}],"is_trial":false,"path_per_floor":["M","?","M","$","M","R","E","R","T","?","M","R","E","M","R","B"],"character_chosen":"IRONCLAD","items_purchased":["Evolve","Sever Soul"],"campfire_rested":2,"item_purchase_floors":[4,4],"current_hp_per_floor":[65,70,68,68,58,58,14,39,39,18,18,43,28,32,32,0],"gold":123,"neow_bonus":"BOSS_RELIC","is_prod":false,"is_daily":false,"chose_seed":false,"campfire_upgraded":2,"win_rate":0,"timestamp":1551015179,"path_taken":["M","?","M","$","M","R","E","R","T","?","M","R","E","M","R","BOSS"],"build_version":"2019-01-23","purchased_purges":0,"victory":false,"max_hp_per_floor":[80,85,85,85,85,85,85,85,85,85,85,85,85,85,85,85],"card_choices":[{"not_picked":["Clothesline","Corruption"],"picked":"Power Through","floor":1},{"not_picked":["Rupture","Clothesline"],"picked":"Spot Weakness","floor":3},{"not_picked":["Battle Trance","Headbutt"],"picked":"Feel No Pain","floor":5},{"not_picked":["Evolve","Twin Strike","Iron Wave"],"picked":"SKIP","floor":7},{"not_picked":["Pommel Strike","Havoc"],"picked":"Wild Strike","floor":11},{"not_picked":["Anger","Perfected Strike"],"picked":"Reaper","floor":13},{"not_picked":["Cleave","Perfected Strike"],"picked":"Flex","floor":14}],"player_experience":180575,"relics_obtained":[{"floor":7,"key":"Matryoshka"},{"floor":7,"key":"Ancient Tea Set"},{"floor":9,"key":"Blue Candle"},{"floor":9,"key":"Mercury Hourglass"},{"floor":13,"key":"Nunchaku"},{"floor":13,"key":"Centennial Puzzle"}],"event_choices":[{"damage_healed":0,"gold_gain":0,"player_choice":"Donut","damage_taken":0,"max_hp_gain":5,"max_hp_loss":0,"event_name":"Big Fish","floor":2,"gold_loss":0},{"damage_healed":0,"gold_gain":0,"player_choice":"Take Damage","damage_taken":21,"relics_obtained":["Golden Idol"],"max_hp_gain":0,"max_hp_loss":0,"event_name":"Golden Idol","floor":10,"gold_loss":0}],"is_beta":false,"boss_relics":[],"items_purged_floors":[],"is_endless":false,"potions_floor_spawned":[1,5,7,14],"killed_by":"Hexaghost","ascension_level":7}