{"gold_per_floor":[116,116,134,154,173,204,204,38,38,38,68,68,82,82],"floor_reached":14,"playtime":397,"items_purged":[],"score":190,"play_id":"41c3b1e1-be93-4711-aaee-c21196874876","local_time":"20190319130155","is_ascension_mode":true,"campfire_choices":[{"floor":7,"key":"REST"},{"data":"Corruption","floor":10,"key":"SMITH"},{"floor":12,"key":"REST"}],"neow_cost":"NONE","seed_source_timestamp":12000947055567,"circlet_count":0,"master_deck":["AscendersBane","Strike_R","Strike_R","Strike_R","Strike_R","Defend_R","Defend_R","Defend_R","Defend_R","Bash","Cleave","Power Through","Sword Boomerang","Corruption+1","Havoc","Metallicize","Body Slam","Dual Wield"],"relics":["Burning Blood","NeowsBlessing","Mummified Hand","Dodecahedron"],"potions_floor_usage":[6,11,11,13],"damage_taken":[{"damage":0,"enemies":"Small Slimes","floor":1,"turns":1},{"damage":0,"enemies":"Cultist","floor":3,"turns":1},{"damage":0,"enemies":"Jaw Worm","floor":4,"turns":1},{"damage":16,"enemies":"Blue Slaver","floor":5,"turns":6},{"damage":56,"enemies":"Gremlin Nob","floor":6,"turns":6},{"damage":55,"enemies":"Lagavulin","floor":11,"turns":10},{"damage":4,"enemies":"Looter","floor":13,"turns":4},{"damage":46,"enemies":"Gremlin Nob","floor":14,"turns":4}],"seed_played":"4604066657390084896","potions_obtained":[{"floor":4,"key":"BloodPotion"},{"floor":6,"key":"SkillPotion"},{"floor":11,"key":"BloodPotion"},{"floor":13,"key":"Fire Potion"}],"is_trial":false,"path_per_floor":["M","?","M","M","M","E","R","$","T","R","E","R","M","E"],"character_chosen":"IRONCLAD","items_purchased":["Regen Potion","Havoc","Metallicize"],"campfire_rested":2,"item_purchase_floors":[8,8,8],"current_hp_per_floor":[74,74,75,75,65,22,44,44,44,44,9,31,40,0],"gold":82,"neow_bonus":"THREE_ENEMY_KILL","is_prod":false,"is_daily":false,"chose_seed":false,"campfire_upgraded":1,"win_rate":0,"timestamp":1552968115,"path_taken":["M","?","?","?","?","E","R","?","T","R","E","R","M","E"],"build_version":"2019-01-23","purchased_purges":0,"victory":false,"max_hp_per_floor":[75,75,75,75,75,75,75,75,75,75,75,75,75,75],"card_choices":[{"not_picked":["Wild Strike","Rage"],"picked":"Cleave","floor":1},{"not_picked":["Twin Strike","Perfected Strike"],"picked":"Power Through","floor":3},{"not_picked":["Twin Strike","Clash"],"picked":"Sword Boomerang","floor":4},{"not_picked":["Wild Strike","Perfected Strike"],"picked":"Corruption","floor":5},{"not_picked":["Anger","Sever Soul","Twin Strike"],"picked":"SKIP","floor":6},{"not_picked":["Iron Wave","Berserk"],"picked":"Body Slam","floor":11},{"not_picked":["Clothesline","Rampage"],"picked":"Dual Wield","floor":13}],"player_experience":359166,"relics_obtained":[{"floor":6,"key":"Mummified Hand"},{"floor":11,"key":"Dodecahedron"}],"event_choices":[{"cards_removed":["Strike_R"],"damage_healed":0,"gold_gain":0,"player_choice":"Offered Basic","damage_taken":0,"max_hp_gain":0,"max_hp_loss":0,"event_name":"Bonfire Elementals","floor":2,"gold_loss":0}],"is_beta":false,"boss_relics":[],"items_purged_floors":[],"is_endless":false,"potions_floor_spawned":[4,6,11,13],"killed_by":"Gremlin Nob","ascension_level":18}