{"gold_per_floor":[20,31,31,81,91,91,102,137,137,137,150,110,110,140,140,217,217,235,235,254,254,267,267,115,115,115,132,164,164,199,209,209,283,333,346,82,100,100,116,144,144,154,179,210,210,210,263,275,275,275,275,275,275,40,69,69],"floor_reached":57,"playtime":2202,"items_purged":["Survivor","Leg Sweep","Die Die Die+1"],"score":3470,"play_id":"5605c2ef-9654-4ac7-aef6-a5d5c8a788d2","local_time":"20190215002539","is_ascension_mode":true,"campfire_choices":[{"data":"Defend_G","floor":6.0,"key":"PURGE"},{"data":"Strike_G","floor":10.0,"key":"PURGE"},{"data":"Strike_G","floor":13.0,"key":"PURGE"},{"data":"Strike_G","floor":15,"key":"PURGE"},{"data":"Sucker Punch","floor":23,"key":"PURGE"},{"data":"Dash","floor":25,"key":"PURGE"},{"data":"Slice","floor":29,"key":"PURGE"},{"data":"Adrenaline","floor":32,"key":"SMITH"},{"data":"Footwork","floor":41,"key":"SMITH"},{"floor":46,"key":"RECALL"},{"data":"Tactician","floor":49,"key":"SMITH"},{"data":"Acrobatics","floor":53,"key":"SMITH"}],"neow_cost":"NO_GOLD","seed_source_timestamp":34834986437200,"circlet_count":0,"master_deck":["AscendersBane","Grand Finale+1","Acrobatics+1","Escape Plan+1","Adrenaline+1","Backflip","Adrenaline+1","Footwork","Escape Plan","Footwork+1","Night Terror","Grand Finale+1","Tactician+1","Adrenaline"],"special_seed":0,"relics":["Ring of the Snake","Peace Pipe","Mummified Hand","Ornamental Fan","Oddly Smooth Stone","Pandora\u0027s Box","Pear","Molten Egg 2","Tiny House","War Paint","Dodecahedron","Whetstone","Centennial Puzzle","Prayer Wheel","Anchor"],"potions_floor_usage":[14,51,51,56],"damage_taken":[{"damage":0.0,"enemies":"Small Slimes","floor":1.0,"turns":7.0},{"damage":0.0,"enemies":"2 Louse","floor":2.0,"turns":4.0},{"damage":3.0,"enemies":"Cultist","floor":5.0,"turns":5.0},{"damage":0.0,"enemies":"2 Fungi Beasts","floor":7.0,"turns":2.0},{"damage":0.0,"enemies":"3 Sentries","floor":8.0,"turns":1.0},{"damage":8.0,"enemies":"Red Slaver","floor":11.0,"turns":5.0},{"damage":27,"enemies":"Lagavulin","floor":14,"turns":9},{"damage":9,"enemies":"The Guardian","floor":16,"turns":9},{"damage":0,"enemies":"3 Byrds","floor":18,"turns":1},{"damage":0,"enemies":"Chosen","floor":20,"turns":3},{"damage":0,"enemies":"Centurion and Healer","floor":22,"turns":1},{"damage":0,"enemies":"Snecko","floor":27,"turns":1},{"damage":0,"enemies":"Book of Stabbing","floor":28,"turns":1},{"damage":0,"enemies":"Slavers","floor":30,"turns":1},{"damage":0,"enemies":"Snake Plant","floor":31,"turns":1},{"damage":0,"enemies":"Champ","floor":33,"turns":2},{"damage":0,"enemies":"3 Shapes","floor":35,"turns":1},{"damage":0,"enemies":"3 Darklings","floor":37,"turns":1},{"damage":3,"enemies":"Sphere and 2 Shapes","floor":39,"turns":1},{"damage":0,"enemies":"Giant Head","floor":40,"turns":1},{"damage":0,"enemies":"Transient","floor":42,"turns":2},{"damage":0,"enemies":"Reptomancer","floor":44,"turns":1},{"damage":0,"enemies":"2 Orb Walkers","floor":47,"turns":1},{"damage":0,"enemies":"Writhing Mass","floor":48,"turns":1},{"damage":0,"enemies":"Awakened One","floor":50,"turns":2},{"damage":0,"enemies":"Time Eater","floor":51,"turns":5},{"damage":0,"enemies":"Shield and Spear","floor":55,"turns":1},{"damage":10,"enemies":"The Heart","floor":56,"turns":6}],"seed_played":"740528294083719065","potions_obtained":[{"floor":5.0,"key":"GamblersBrew"},{"floor":7.0,"key":"Regen Potion"},{"floor":8.0,"key":"Strength Potion"},{"floor":12.0,"key":"Regen Potion"},{"floor":14,"key":"EntropicBrew"},{"floor":16,"key":"GamblersBrew"},{"floor":31,"key":"GhostInAJar"}],"is_trial":false,"path_per_floor":["M","M","?","?","M","R","M","E","T","R","M","?","R","E","R","B",null,"M","?","M","?","M","R","$","R","T","M","E","R","E","M","R","B",null,"M","$","M","?","M","E","R","M","T","E","?","R","?","M","R","B","B",null,"R","$","E","B",null],"character_chosen":"THE_SILENT","items_purchased":["Footwork","War Paint","SpeedPotion","PowerPotion"],"campfire_rested":0,"item_purchase_floors":[24,36,54,54],"current_hp_per_floor":[59,59,59,59,56,56,56,56,56,56,48,48,48,36,36,27,56,56,56,56,56,56,56,56,56,56,56,66,66,66,66,66,66,79,79,79,79,79,76,76,76,76,76,76,76,76,76,76,76,76,76,77,77,77,77,67],"gold":69,"neow_bonus":"ONE_RARE_RELIC","is_prod":false,"is_daily":false,"chose_seed":false,"campfire_upgraded":4,"win_rate":0,"timestamp":1550157939,"path_taken":["M","M","?","?","M","R","?","E","T","R","M","?","R","E","R","BOSS","M","?","M","?","M","R","$","R","T","M","E","R","E","M","R","BOSS","M","$","M","?","M","E","R","M","T","E","?","R","?","M","R","BOSS","BOSS","R","$","E","BOSS"],"build_version":"2019-01-23","purchased_purges":3,"victory":true,"max_hp_per_floor":[66,66,66,66,66,66,66,66,66,66,66,66,66,66,66,66,66,66,66,66,66,66,66,66,66,66,66,76,76,76,76,76,76,81,81,81,81,81,81,81,81,81,81,81,77,77,77,77,77,77,77,77,77,77,77,77],"card_choices":[{"not_picked":["Bane","Eviscerate"],"picked":"Sucker Punch","floor":1.0},{"not_picked":["Slice","PiercingWail"],"picked":"Grand Finale","floor":2.0},{"not_picked":["Caltrops","Dash"],"picked":"Acrobatics","floor":5.0},{"not_picked":["Sucker Punch","Infinite Blades"],"picked":"Escape Plan","floor":7.0},{"not_picked":["Blur","Outmaneuver"],"picked":"Adrenaline","floor":8.0},{"not_picked":["Underhanded Strike","Bane","Flying Knee"],"picked":"SKIP","floor":11.0},{"not_picked":["Flying Knee","Underhanded Strike"],"picked":"Backflip","floor":14},{"not_picked":["Slice","Deflect","Prepared"],"picked":"SKIP","floor":18},{"not_picked":["Flechettes","Acrobatics","Deflect"],"picked":"SKIP","floor":20},{"not_picked":["Dagger Throw","Crippling Poison","Outmaneuver"],"picked":"SKIP","floor":22},{"not_picked":["Slice","Choke","Predator"],"picked":"SKIP","floor":27},{"not_picked":["Setup","Distraction"],"picked":"Escape Plan","floor":28},{"not_picked":["Unload","Flying Knee+1"],"picked":"Footwork","floor":30},{"not_picked":["PiercingWail","Prepared","Dodge and Roll"],"picked":"SKIP","floor":31},{"not_picked":["Glass Knife+1","Tools of the Trade"],"picked":"Night Terror","floor":33},{"not_picked":["Quick Slash+1","Eviscerate+1","Poisoned Stab+1"],"picked":"SKIP","floor":35},{"not_picked":["PiercingWail","Bouncing Flask","Endless Agony+1"],"picked":"SKIP","floor":37},{"not_picked":["Caltrops+1","Sucker Punch+1","Reflex"],"picked":"SKIP","floor":39},{"not_picked":["PiercingWail","Deadly Poison+1","Dagger Throw+1"],"picked":"SKIP","floor":40},{"not_picked":["Backflip","Cloak And Dagger","Bouncing Flask"],"picked":"SKIP","floor":42},{"not_picked":["Cloak And Dagger","Predator+1","Catalyst"],"picked":"SKIP","floor":44},{"not_picked":["Dagger Throw+1","Caltrops"],"picked":"Grand Finale+1","floor":48},{"not_picked":["Eviscerate+1","Poisoned Stab+1"],"picked":"Tactician","floor":48},{"not_picked":["PiercingWail","Poisoned Stab+1"],"picked":"Adrenaline","floor":55}],"player_experience":4293925,"relics_obtained":[{"floor":8.0,"key":"Mummified Hand"},{"floor":9.0,"key":"Ornamental Fan"},{"floor":14,"key":"Oddly Smooth Stone"},{"floor":28,"key":"Pear"},{"floor":30,"key":"Molten Egg 2"},{"floor":40,"key":"Dodecahedron"},{"floor":43,"key":"Whetstone"},{"floor":44,"key":"Centennial Puzzle"},{"floor":47,"key":"Prayer Wheel"},{"floor":55,"key":"Anchor"}],"event_choices":[{"damage_healed":0.0,"max_hp_gain":0.0,"max_hp_loss":0.0,"gold_gain":0.0,"event_name":"Liars Game","player_choice":"Ignored","floor":3.0,"gold_loss":0.0,"damage_taken":0.0},{"damage_healed":0.0,"max_hp_gain":0.0,"max_hp_loss":0.0,"gold_gain":50.0,"event_name":"Golden Shrine","player_choice":"Pray","floor":4.0,"gold_loss":0.0,"damage_taken":0.0},{"damage_healed":0.0,"max_hp_gain":0.0,"max_hp_loss":0.0,"gold_gain":0.0,"event_name":"The Woman in Blue","player_choice":"Bought 3 Potions","floor":12.0,"gold_loss":0.0,"damage_taken":0.0},{"damage_healed":0,"gold_gain":0,"player_choice":"Ignored","damage_taken":0,"max_hp_gain":0,"max_hp_loss":0,"event_name":"Vampires","floor":19,"gold_loss":0},{"cards_removed":["Catalyst"],"damage_healed":0,"gold_gain":0,"player_choice":"Elegance","damage_taken":0,"max_hp_gain":0,"max_hp_loss":0,"event_name":"Back to Basics","floor":21,"gold_loss":0},{"cards_removed":["Neutralize"],"damage_healed":0,"gold_gain":0,"player_choice":"Removed Attack","damage_taken":0,"max_hp_gain":0,"max_hp_loss":0,"event_name":"Falling","floor":38,"gold_loss":0},{"damage_healed":0,"gold_gain":0,"player_choice":"Max HP","damage_taken":0,"max_hp_gain":0,"max_hp_loss":4,"event_name":"Winding Halls","floor":45,"gold_loss":0},{"damage_healed":0,"gold_gain":0,"player_choice":"Fight","damage_taken":0,"max_hp_gain":0,"max_hp_loss":0,"event_name":"Mysterious Sphere","floor":47,"gold_loss":0}],"is_beta":false,"boss_relics":[{"not_picked":["White Beast Statue","Ring of the Serpent"],"picked":"Pandora\u0027s Box"},{"not_picked":["Astrolabe","Runic Pyramid"],"picked":"Tiny House"}],"items_purged_floors":[24,36,54],"is_endless":false,"potions_floor_spawned":[5,7,8,14,16,18,22,31,37,39,40,44],"ascension_level":20}