{"gold_per_floor":[118,118,134,151,165,191,191,222,222,222,252,266,285,285,285,381,381,396,486,19,30,49,49,83,95,95,427,88,88,106,119,119,221,271,283,91,91,101,61,61,74,74,121,134,147,147,166,90,90,90],"floor_reached":51,"playtime":5784,"items_purged":["Strike_G","Strike_G"],"score":820,"play_id":"3b3679d6-acad-47d3-b4f3-e63af3ce1146","local_time":"20190317222321","is_ascension_mode":true,"campfire_choices":[{"floor":7.0,"key":"REST"},{"data":"Crippling Poison","floor":15.0,"key":"SMITH"},{"floor":23.0,"key":"REST"},{"data":"Catalyst","floor":29.0,"key":"SMITH"},{"data":"Catalyst","floor":32.0,"key":"SMITH"},{"floor":40.0,"key":"REST"},{"data":"Noxious Fumes","floor":42.0,"key":"SMITH"},{"floor":49,"key":"REST"}],"neow_cost":"NONE","seed_source_timestamp":0,"circlet_count":0,"master_deck":["Defend_G","Defend_G","Defend_G","Defend_G","Defend_G+1","Strike_G","Strike_G","Survivor","Neutralize","Poisoned Stab","Crippling Poison+1","Bane","Bane","Cloak And Dagger","Well Laid Plans","Bullet Time","Footwork","Calculated Gamble","Bouncing Flask","Flying Knee","Leg Sweep","Catalyst+1","Catalyst+1","Footwork","Bane+1","Blur","Well Laid Plans","Footwork","Noxious Fumes+1","Night Terror","Acrobatics","Predator+1","Madness","Madness","After Image","Accuracy"],"special_seed":0,"relics":["Ring of the Snake","Ninja Scroll","Mummified Hand","Darkstone Periapt","Ornamental Fan","Orrery","Singing Bowl","Bottled Tornado","Pear","Old Coin","DollysMirror","Tiny House","Strange Spoon","Ancient Tea Set"],"potions_floor_usage":[50],"damage_taken":[{"damage":1.0,"enemies":"Small Slimes","floor":1.0,"turns":6.0},{"damage":0.0,"enemies":"2 Louse","floor":3.0,"turns":3.0},{"damage":3.0,"enemies":"Jaw Worm","floor":4.0,"turns":4.0},{"damage":0.0,"enemies":"3 Louse","floor":5.0,"turns":3.0},{"damage":30.0,"enemies":"Gremlin Nob","floor":6.0,"turns":5.0},{"damage":8.0,"enemies":"Lagavulin","floor":8.0,"turns":5.0},{"damage":30.0,"enemies":"3 Sentries","floor":11.0,"turns":12.0},{"damage":0.0,"enemies":"Lots of Slimes","floor":12.0,"turns":1.0},{"damage":4.0,"enemies":"Exordium Wildlife","floor":13.0,"turns":3.0},{"damage":14.0,"enemies":"The Guardian","floor":16.0,"turns":11.0},{"damage":11.0,"enemies":"Shell Parasite","floor":18.0,"turns":5.0},{"damage":0.0,"enemies":"3 Byrds","floor":21.0,"turns":4.0},{"damage":14.0,"enemies":"Sentry and Sphere","floor":22.0,"turns":7.0},{"damage":9.0,"enemies":"Gremlin Leader","floor":24.0,"turns":6.0},{"damage":0.0,"enemies":"Chosen and Byrds","floor":25.0,"turns":4.0},{"damage":10.0,"enemies":"Slavers","floor":27.0,"turns":5.0},{"damage":5.0,"enemies":"Snecko","floor":30.0,"turns":4.0},{"damage":6.0,"enemies":"Shelled Parasite and Fungi","floor":31.0,"turns":5.0},{"damage":14.0,"enemies":"Champ","floor":33.0,"turns":10.0},{"damage":1.0,"enemies":"Orb Walker","floor":35.0,"turns":4.0},{"damage":28.0,"enemies":"3 Darklings","floor":38.0,"turns":5.0},{"damage":11.0,"enemies":"Writhing Mass","floor":41.0,"turns":6.0},{"damage":18.0,"enemies":"Maw","floor":44.0,"turns":9.0},{"damage":5.0,"enemies":"Jaw Worm Horde","floor":45.0,"turns":7.0},{"damage":0.0,"enemies":"Sphere and 2 Shapes","floor":47.0,"turns":4.0},{"damage":51,"enemies":"Time Eater","floor":50,"turns":12}],"seed_played":"5375417551396975759","potions_obtained":[{"floor":0.0,"key":"SmokeBomb"},{"floor":0.0,"key":"FairyPotion"},{"floor":0.0,"key":"Fruit Juice"},{"floor":1.0,"key":"Fire Potion"},{"floor":11.0,"key":"SkillPotion"},{"floor":13.0,"key":"SkillPotion"},{"floor":16.0,"key":"Explosive Potion"},{"floor":22.0,"key":"GhostInAJar"},{"floor":24.0,"key":"Fire Potion"},{"floor":27.0,"key":"GhostInAJar"},{"floor":30.0,"key":"Strength Potion"},{"floor":33.0,"key":"Weak Potion"},{"floor":34.0,"key":"Ancient Potion"},{"floor":35.0,"key":"GhostInAJar"},{"floor":39.0,"key":"LiquidBronze"},{"floor":39.0,"key":"Regen Potion"},{"floor":41.0,"key":"LiquidBronze"},{"floor":47,"key":"Strength Potion"}],"is_trial":false,"path_per_floor":["M","?","M","M","M","E","R","E","T","?","E","M","M","?","R","B",null,"M","?","$","M","M","R","E","M","T","E","$","R","M","M","R","B",null,"M","$","?","M","?","R","M","R","T","M","M","?","M","$","R","B",null],"character_chosen":"THE_SILENT","items_purchased":["Singing Bowl","Catalyst","Footwork","Well Laid Plans","DollysMirror","Strange Spoon","Accuracy"],"campfire_rested":4,"item_purchase_floors":[20,20,20,28,28,36,48],"current_hp_per_floor":[74,79,79,76,76,46,70,62,62,62,32,32,28,28,28,14,80,69,53,53,55,41,65,56,58,68,60,60,60,55,51,51,37,103,102,102,89,63,63,94,83,83,83,67,79,79,81,81,111,60],"gold":90,"neow_bonus":"THREE_SMALL_POTIONS","is_prod":false,"is_daily":false,"chose_seed":false,"campfire_upgraded":4,"win_rate":0,"timestamp":1552857801,"path_taken":["M","?","M","M","M","E","R","E","T","?","E","M","M","?","R","BOSS","M","?","$","?","?","R","E","M","T","E","$","R","M","M","R","BOSS","M","?","?","M","?","R","M","R","T","M","?","?","M","$","R","BOSS"],"build_version":"2019-01-23","purchased_purges":2,"victory":true,"max_hp_per_floor":[75,80,80,80,80,80,80,80,80,80,80,80,80,80,80,80,80,80,80,80,82,82,82,82,84,94,96,96,96,96,98,98,98,103,103,103,103,105,105,105,105,105,105,107,109,109,111,111,111,111],"card_choices":[{"not_picked":["Quick Slash","Deflect"],"picked":"Poisoned Stab","floor":1.0},{"not_picked":["Cloak And Dagger","Underhanded Strike"],"picked":"Crippling Poison","floor":3.0},{"not_picked":["Reflex","Outmaneuver","Poisoned Stab"],"picked":"SKIP","floor":4.0},{"not_picked":["Sucker Punch","Blur"],"picked":"Bane","floor":5.0},{"not_picked":["Underhanded Strike","Reflex","Setup"],"picked":"SKIP","floor":6.0},{"not_picked":["Outmaneuver","Sucker Punch"],"picked":"Bane","floor":8.0},{"not_picked":["Die Die Die","Heel Hook"],"picked":"Cloak And Dagger","floor":11.0},{"not_picked":["Bane","Dagger Spray","Setup"],"picked":"SKIP","floor":12.0},{"not_picked":["Endless Agony","Reflex"],"picked":"Well Laid Plans","floor":13.0},{"not_picked":["Storm of Steel","Die Die Die"],"picked":"Bullet Time","floor":16.0},{"not_picked":["Flying Knee","Slice"],"picked":"Footwork","floor":17.0},{"not_picked":["Bane","Leg Sweep"],"picked":"Calculated Gamble","floor":17.0},{"not_picked":["PiercingWail","Dash"],"picked":"Bouncing Flask","floor":17.0},{"not_picked":["Leg Sweep","Deadly Poison"],"picked":"Flying Knee","floor":17.0},{"not_picked":["Dagger Throw","Underhanded Strike"],"picked":"Leg Sweep","floor":17.0},{"not_picked":["Riddle With Holes","Noxious Fumes"],"picked":"Catalyst","floor":18.0},{"not_picked":["Quick Slash","Bane","Slice"],"picked":"Singing Bowl","floor":21.0},{"not_picked":["PiercingWail","Wraith Form v2"],"picked":"Bane+1","floor":22.0},{"not_picked":["Poisoned Stab","Wraith Form v2"],"picked":"Blur","floor":24.0},{"not_picked":["Sucker Punch+1","Outmaneuver","Dagger Throw"],"picked":"Singing Bowl","floor":25.0},{"not_picked":["Outmaneuver","Blade Dance","Backflip"],"picked":"Singing Bowl","floor":27.0},{"not_picked":["Acrobatics","Leg Sweep"],"picked":"Noxious Fumes","floor":30.0},{"not_picked":["Blade Dance","Setup","Sucker Punch"],"picked":"Singing Bowl","floor":31.0},{"not_picked":["Doppelganger","Wraith Form v2"],"picked":"Night Terror","floor":33.0},{"not_picked":["Deflect+1","Flying Knee+1"],"picked":"Acrobatics","floor":34.0},{"not_picked":["Underhanded Strike+1","Outmaneuver"],"picked":"Predator+1","floor":35.0},{"not_picked":["PiercingWail+1","Slice","Sucker Punch+1"],"picked":"Singing Bowl","floor":38.0},{"not_picked":["Choke","Outmaneuver+1"],"picked":"After Image","floor":41.0},{"not_picked":["Sucker Punch+1","Predator+1","Cloak And Dagger"],"picked":"Singing Bowl","floor":44.0},{"not_picked":["Heel Hook+1","Deflect+1","Expertise+1"],"picked":"Singing Bowl","floor":45.0},{"not_picked":["Flechettes","Setup","Backflip"],"picked":"Singing Bowl","floor":47}],"player_experience":376589,"relics_obtained":[{"floor":6.0,"key":"Ninja Scroll"},{"floor":8.0,"key":"Mummified Hand"},{"floor":9.0,"key":"Darkstone Periapt"},{"floor":11.0,"key":"Ornamental Fan"},{"floor":24.0,"key":"Bottled Tornado"},{"floor":26.0,"key":"Pear"},{"floor":27.0,"key":"Old Coin"},{"floor":43.0,"key":"Ancient Tea Set"}],"event_choices":[{"damage_healed":0.0,"max_hp_gain":5.0,"max_hp_loss":0.0,"gold_gain":0.0,"event_name":"Big Fish","player_choice":"Donut","floor":2.0,"gold_loss":0.0,"damage_taken":0.0},{"damage_healed":0.0,"max_hp_gain":0.0,"max_hp_loss":0.0,"gold_gain":0.0,"event_name":"Dead Adventurer","player_choice":"Searched \u00270\u0027 times","floor":10.0,"gold_loss":0.0,"damage_taken":0.0},{"damage_healed":0.0,"max_hp_gain":0.0,"max_hp_loss":0.0,"gold_gain":0.0,"event_name":"Liars Game","player_choice":"Ignored","floor":14.0,"gold_loss":0.0,"damage_taken":0.0},{"damage_healed":0.0,"max_hp_gain":0.0,"max_hp_loss":0.0,"gold_gain":90.0,"event_name":"Knowing Skull","player_choice":"GOLD ","floor":19.0,"potions_obtained":[],"gold_loss":0.0,"damage_taken":16.0,"cards_obtained":[]},{"damage_healed":0.0,"max_hp_gain":0.0,"max_hp_loss":0.0,"gold_gain":0.0,"event_name":"Winding Halls","player_choice":"Embrace Madness","floor":37.0,"gold_loss":0.0,"damage_taken":13.0,"cards_obtained":["Madness","Madness"]},{"damage_healed":0.0,"max_hp_gain":0.0,"max_hp_loss":0.0,"gold_gain":0.0,"event_name":"The Woman in Blue","player_choice":"Bought 3 Potions","floor":39.0,"gold_loss":0.0,"damage_taken":0.0},{"cards_removed":["Strike_G"],"damage_healed":0.0,"max_hp_gain":0.0,"max_hp_loss":0.0,"gold_gain":0.0,"event_name":"Falling","player_choice":"Removed Attack","floor":46.0,"gold_loss":0.0,"damage_taken":0.0}],"is_beta":false,"boss_relics":[{"not_picked":["Sozu","Runic Dome"],"picked":"Orrery"},{"not_picked":["Philosopher\u0027s Stone","Runic Pyramid"],"picked":"Tiny House"}],"items_purged_floors":[20,28],"is_endless":false,"potions_floor_spawned":[1,11,13,16,22,24,27,30,33,35,41,47],"ascension_level":1}