{"gold_per_floor":[113,188,96,111,123,157,168,168,168,168,180,200,227,242,242,316,316,336,336,336,336,353,353,353,353,422,438,438,438],"floor_reached":29,"playtime":789,"items_purged":[],"score":470,"play_id":"52145810-8faa-48db-850b-94814ae7c23c","local_time":"20190110012544","is_ascension_mode":true,"campfire_choices":[{"floor":8,"key":"REST"},{"data":"Zap","floor":15,"key":"SMITH"},{"data":"Magnetism","floor":23,"key":"SMITH"},{"data":"Self Repair","floor":24,"key":"SMITH"},{"data":"Go for the Eyes","floor":25,"key":"SMITH"}],"neow_cost":"NONE","seed_source_timestamp":688602027012747,"circlet_count":0,"master_deck":["AscendersBane","Defend_B","Defend_B","Defend_B","Defend_B","Zap+1","Dualcast","Streamline","Compile Driver","Auto Shields","Ball Lightning","Ball Lightning","Ball Lightning","Thunder Strike","Doom and Gloom","Electrodynamics","Doubt","Regret","Decay","Go for the Eyes+1","Bite","Bite","Bite","Magnetism+1","PanicButton","Self Repair+1","Thunder Strike"],"relics":["Cracked Core","NeowsBlessing","Incense Burner","StoneCalendar","Torii","Mercury Hourglass","PreservedInsect","Kunai","WingedGreaves","Nloth\u0027s Gift","Frozen Egg 2","Toxic Egg 2"],"potions_floor_usage":[11,16,29,29],"damage_taken":[{"damage":0,"enemies":"2 Louse","floor":1,"turns":1},{"damage":0,"enemies":"Small Slimes","floor":4,"turns":1},{"damage":0,"enemies":"Cultist","floor":5,"turns":1},{"damage":16,"enemies":"Lagavulin","floor":6,"turns":8},{"damage":26,"enemies":"Large Slime","floor":7,"turns":6},{"damage":1,"enemies":"Gremlin Gang","floor":11,"turns":4},{"damage":8,"enemies":"3 Louse","floor":12,"turns":5},{"damage":14,"enemies":"3 Sentries","floor":13,"turns":7},{"damage":1,"enemies":"Looter","floor":14,"turns":3},{"damage":26,"enemies":"Slime Boss","floor":16,"turns":6},{"damage":25,"enemies":"Shell Parasite","floor":18,"turns":4},{"damage":7,"enemies":"3 Byrds","floor":22,"turns":2},{"damage":36,"enemies":"Centurion and Healer","floor":27,"turns":7},{"damage":33,"enemies":"Shelled Parasite and Fungi","floor":29,"turns":1}],"seed_played":"-7650962081662248524","potions_obtained":[{"floor":1,"key":"AttackPotion"},{"floor":11,"key":"SteroidPotion"},{"floor":12,"key":"GamblersBrew"},{"floor":14,"key":"Strength Potion"},{"floor":16,"key":"FearPotion"}],"is_trial":false,"path_per_floor":["M","?","?","M","M","E","M","R","T","?","M","M","E","M","R","B",null,"M","?","?","?","M","R","R","R","T","M","T","M"],"character_chosen":"DEFECT","items_purchased":[],"campfire_rested":1,"item_purchase_floors":[],"current_hp_per_floor":[64,53,53,53,53,37,11,32,32,81,80,72,58,57,57,31,69,44,44,44,44,37,37,37,37,37,15,15,0],"gold":438,"neow_bonus":"THREE_ENEMY_KILL","is_prod":false,"is_daily":false,"chose_seed":false,"campfire_upgraded":4,"win_rate":0,"timestamp":1547051144,"path_taken":["M","?","?","?","M","E","M","R","T","?","M","M","E","?","R","BOSS","M","?","?","?","?","R","R","R","T","?","?","M"],"build_version":"2019-01-03v4","purchased_purges":0,"victory":false,"max_hp_per_floor":[71,71,71,71,71,71,71,71,71,81,81,81,81,81,81,81,81,81,56,56,56,56,56,56,56,56,56,56,56],"card_choices":[{"not_picked":["Undo","Rip and Tear"],"picked":"Streamline","floor":1},{"not_picked":["Turbo","Gash"],"picked":"Compile Driver","floor":4},{"not_picked":["Gash","Sweeping Beam"],"picked":"Auto Shields","floor":5},{"not_picked":["Stack","Aggregate"],"picked":"Ball Lightning","floor":6},{"not_picked":["Darkness","Heatsinks"],"picked":"Hyperbeam","floor":7},{"not_picked":["Barrage","Glacier"],"picked":"Ball Lightning","floor":11},{"not_picked":["Rebound","Force Field"],"picked":"Ball Lightning","floor":12},{"not_picked":["Go for the Eyes","Darkness"],"picked":"Thunder Strike","floor":13},{"not_picked":["Redo","Doom and Gloom","Turbo"],"picked":"SKIP","floor":14},{"not_picked":["Redo","Turbo"],"picked":"Doom and Gloom","floor":14},{"not_picked":["Meteor Strike","Fission"],"picked":"Electrodynamics","floor":16},{"not_picked":["Hello World","Turbo"],"picked":"Go for the Eyes","floor":18},{"not_picked":["Steam","Rip and Tear"],"picked":"Self Repair","floor":22},{"not_picked":["Gash","Sweeping Beam"],"picked":"Thunder Strike","floor":27}],"player_experience":4031423,"relics_obtained":[{"floor":6,"key":"StoneCalendar"},{"floor":9,"key":"Torii"},{"floor":13,"key":"Mercury Hourglass"},{"floor":17,"key":"PreservedInsect"},{"floor":17,"key":"Kunai"},{"floor":17,"key":"WingedGreaves"},{"floor":26,"key":"Frozen Egg 2"},{"floor":28,"key":"Toxic Egg 2"}],"event_choices":[{"damage_healed":0,"gold_gain":75,"player_choice":"Gather Gold","damage_taken":11,"max_hp_gain":0,"max_hp_loss":0,"event_name":"World of Goop","floor":2,"gold_loss":0},{"damage_healed":0,"gold_gain":0,"player_choice":"Paid Gold","damage_taken":0,"relics_obtained":["Incense Burner"],"max_hp_gain":0,"max_hp_loss":0,"event_name":"WeMeetAgain","floor":3,"gold_loss":92},{"cards_removed":["Hyperbeam"],"damage_healed":39,"gold_gain":0,"player_choice":"Offered Rare","damage_taken":0,"max_hp_gain":10,"max_hp_loss":0,"event_name":"Bonfire Elementals","floor":10,"gold_loss":0},{"damage_healed":0,"gold_gain":0,"player_choice":"Became a vampire","damage_taken":0,"max_hp_gain":0,"max_hp_loss":25,"event_name":"Vampires","floor":19,"gold_loss":0,"cards_obtained":["Bite","Bite","Bite","Bite","Bite"]},{"damage_healed":0,"gold_gain":0,"cards_transformed":["Bite","Bite"],"player_choice":"Became Test Subject","damage_taken":0,"max_hp_gain":0,"max_hp_loss":0,"event_name":"Drug Dealer","floor":20,"gold_loss":0,"cards_obtained":["Magnetism","PanicButton"]},{"damage_healed":0,"gold_gain":0,"player_choice":"Traded Relic","damage_taken":0,"relics_obtained":["Nloth\u0027s Gift"],"max_hp_gain":0,"max_hp_loss":0,"event_name":"N\u0027loth","floor":21,"relics_lost":["Calling Bell"],"gold_loss":0}],"is_beta":false,"boss_relics":[{"not_picked":["White Beast Statue","Eternal Feather"],"picked":"Calling Bell"}],"items_purged_floors":[],"is_endless":false,"potions_floor_spawned":[1,11,12,13,14,16,18,22],"killed_by":"Shelled Parasite and Fungi","ascension_level":20}