{"gold_per_floor":[113,132,144,144,0,0,36,36,61,97,97,97,118,268,268,364,364,378,394,519,542,542],"floor_reached":22,"playtime":1059,"items_purged":[],"score":359,"play_id":"21a7370e-83ba-470a-8bcc-13d274c43f49","local_time":"20190313225859","is_ascension_mode":true,"campfire_choices":[{"data":"Shockwave","floor":6.0,"key":"SMITH"},{"floor":8.0,"key":"REST"},{"floor":11.0,"key":"REST"},{"floor":15.0,"key":"REST"}],"neow_cost":"NONE","seed_source_timestamp":1561893898052,"circlet_count":0,"master_deck":["AscendersBane","Strike_R","Strike_R","Strike_R","Strike_R","Defend_R","Defend_R","Defend_R","Defend_R","Bash","Anger","Sword Boomerang","Shockwave+1","Injury","Inflame","Shame","Uppercut","Doubt","Reaper","Headbutt","Sword Boomerang+1","Headbutt+1"],"special_seed":0,"relics":["Cursed Key","Golden Idol","Boot","Oddly Smooth Stone","Self Forming Clay","Velvet Choker","WingedGreaves","Molten Egg 2"],"potions_floor_usage":[20],"damage_taken":[{"damage":2.0,"enemies":"Jaw Worm","floor":1.0,"turns":3.0},{"damage":4.0,"enemies":"Small Slimes","floor":2.0,"turns":3.0},{"damage":6.0,"enemies":"2 Louse","floor":3.0,"turns":2.0},{"damage":12.0,"enemies":"Gremlin Nob","floor":7.0,"turns":3.0},{"damage":40.0,"enemies":"3 Sentries","floor":10.0,"turns":8.0},{"damage":28.0,"enemies":"Gremlin Gang","floor":13.0,"turns":5.0},{"damage":31.0,"enemies":"The Guardian","floor":16.0,"turns":13.0},{"damage":19.0,"enemies":"Spheric Guardian","floor":18.0,"turns":5.0},{"damage":0.0,"enemies":"3 Byrds","floor":19.0,"turns":5.0},{"damage":24,"enemies":"Colosseum Slavers","floor":20,"turns":4},{"damage":17,"enemies":"Colosseum Nobs","floor":20,"turns":5},{"damage":23,"enemies":"Snake Plant","floor":21,"turns":4},{"damage":14,"enemies":"3 Cultists","floor":22,"turns":3}],"seed_played":"-3078133872957892046","potions_obtained":[{"floor":3.0,"key":"Energy Potion"},{"floor":10.0,"key":"LiquidBronze"},{"floor":16.0,"key":"Explosive Potion"},{"floor":20,"key":"SpeedPotion"}],"is_trial":false,"path_per_floor":["M","M","M","?","$","R","E","R","T","E","R","?","M","?","R","B",null,"M","M","?","M","M"],"character_chosen":"IRONCLAD","items_purchased":["Inflame","Swift Potion"],"campfire_rested":3,"item_purchase_floors":[5,5],"current_hp_per_floor":[66,62,56,56,56,56,44,66,66,26,48,41,13,13,35,4,57,38,53,28,14,0],"gold":542,"neow_bonus":"BOSS_RELIC","is_prod":false,"is_daily":false,"chose_seed":false,"campfire_upgraded":1,"win_rate":0,"timestamp":1552485539,"path_taken":["M","M","M","?","$","R","E","R","T","E","R","?","M","?","R","BOSS","M","M","?","M","M"],"build_version":"2019-01-23","purchased_purges":0,"victory":false,"max_hp_per_floor":[75,75,75,75,75,75,75,75,75,75,75,75,75,75,75,75,75,75,75,75,75,75],"card_choices":[{"not_picked":["Flex","True Grit"],"picked":"Anger","floor":1.0},{"not_picked":["Headbutt","Perfected Strike"],"picked":"Sword Boomerang","floor":2.0},{"not_picked":["Cleave","Sentinel"],"picked":"Shockwave","floor":3.0},{"not_picked":["Reckless Charge","Burning Pact","Brutality"],"picked":"SKIP","floor":7.0},{"not_picked":["Wild Strike","Rampage","Thunderclap"],"picked":"SKIP","floor":10.0},{"not_picked":["Wild Strike","Disarm"],"picked":"Uppercut","floor":13.0},{"not_picked":["Limit Break","Bludgeon"],"picked":"Reaper","floor":16.0},{"not_picked":["Cleave","Iron Wave","Clash"],"picked":"SKIP","floor":18.0},{"not_picked":["Warcry","Shockwave"],"picked":"Headbutt","floor":19.0},{"not_picked":["True Grit","Cleave"],"picked":"Sword Boomerang","floor":20},{"not_picked":["Intimidate","Anger+1"],"picked":"Headbutt+1","floor":21}],"player_experience":311075,"relics_obtained":[{"floor":7.0,"key":"Boot"},{"floor":9.0,"key":"Oddly Smooth Stone"},{"floor":10.0,"key":"Self Forming Clay"},{"floor":20,"key":"WingedGreaves"},{"floor":20,"key":"Molten Egg 2"}],"event_choices":[{"damage_healed":0.0,"max_hp_gain":0.0,"max_hp_loss":0.0,"gold_gain":0.0,"event_name":"Golden Idol","player_choice":"Take Wound","floor":4.0,"gold_loss":0.0,"damage_taken":0.0,"relics_obtained":["Golden Idol"],"cards_obtained":["Injury"]},{"cards_removed":["Strike_R"],"damage_healed":0.0,"max_hp_gain":0.0,"max_hp_loss":0.0,"gold_gain":0.0,"event_name":"Golden Wing","player_choice":"Card Removal","floor":12.0,"gold_loss":0.0,"damage_taken":7.0},{"damage_healed":0.0,"max_hp_gain":0.0,"max_hp_loss":0.0,"gold_gain":150.0,"event_name":"Liars Game","player_choice":"AGREE","floor":14.0,"gold_loss":0.0,"damage_taken":0.0,"cards_obtained":["Doubt"]},{"damage_healed":0,"gold_gain":0,"player_choice":"Fight","damage_taken":0,"max_hp_gain":0,"max_hp_loss":0,"event_name":"Colosseum","floor":20,"gold_loss":0},{"damage_healed":0,"gold_gain":0,"player_choice":"Fought Nobs","damage_taken":0,"max_hp_gain":0,"max_hp_loss":0,"event_name":"Colosseum","floor":20,"gold_loss":0}],"is_beta":false,"boss_relics":[{"not_picked":["Eternal Feather","Philosopher\u0027s Stone"],"picked":"Velvet Choker"}],"items_purged_floors":[],"is_endless":false,"potions_floor_spawned":[3,10,16,20],"killed_by":"3 Cultists","ascension_level":17}