{"gold_per_floor":[117,117,142,142,158,158,199,299,322,358,370,396,3,16,16,147,210,229,229,229,247,268,268,312,337,337,337,12,26,51,69,69,188,188,203,203,203,203,219,219,219],"floor_reached":41,"playtime":3119,"items_purged":["Strike_B"],"score":511,"play_id":"2dd8ebab-81f4-4bba-9507-b2c0188c28cf","local_time":"20190128002204","is_ascension_mode":true,"campfire_choices":[{"data":"Redo","floor":6.0,"key":"SMITH"},{"floor":11.0,"key":"REST"},{"floor":15.0,"key":"REST"},{"data":"Double Energy","floor":23.0,"key":"SMITH"},{"floor":27.0,"key":"REST"},{"floor":32,"key":"REST"},{"data":"Double Energy","floor":40,"key":"SMITH"}],"neow_cost":"NONE","seed_source_timestamp":0,"circlet_count":0,"master_deck":["Strike_B+1","Defend_B","Defend_B","Defend_B","Defend_B","Zap","Dualcast","Ball Lightning","Sweeping Beam","Redo+1","Turbo","Scrape","Gash","Gash","Double Energy+1","Undo","Core Surge","Double Energy+1","Skim","White Noise+1","Gash","Self Repair","Turbo+1","Redo+1","Gash","Beam Cell+1","Thunder Strike","Loop+1","Barrage+1"],"special_seed":0,"relics":["Cracked Core","Golden Idol","Vajra","Omamori","MawBank","Toy Ornithopter","Tiny House","Question Card","Gremlin Horn","Regal Pillow","Nuclear Battery"],"potions_floor_usage":[31,33,39],"damage_taken":[{"damage":4.0,"enemies":"Jaw Worm","floor":1.0,"turns":3.0},{"damage":1.0,"enemies":"2 Louse","floor":3.0,"turns":2.0},{"damage":1.0,"enemies":"Cultist","floor":5.0,"turns":3.0},{"damage":16.0,"enemies":"Gremlin Nob","floor":7.0,"turns":3.0},{"damage":30.0,"enemies":"Lagavulin","floor":10.0,"turns":5.0},{"damage":7.0,"enemies":"Looter","floor":12.0,"turns":3.0},{"damage":5.0,"enemies":"Gremlin Gang","floor":14.0,"turns":2.0},{"damage":33.0,"enemies":"The Guardian","floor":16.0,"turns":9.0},{"damage":6.0,"enemies":"Spheric Guardian","floor":18.0,"turns":3.0},{"damage":2.0,"enemies":"Chosen","floor":21.0,"turns":3.0},{"damage":5.0,"enemies":"Centurion and Healer","floor":22.0,"turns":4.0},{"damage":62.0,"enemies":"Book of Stabbing","floor":24.0,"turns":5.0},{"damage":8.0,"enemies":"3 Cultists","floor":25.0,"turns":4.0},{"damage":28.0,"enemies":"Sentry and Sphere","floor":29.0,"turns":4.0},{"damage":23.0,"enemies":"Cultist and Chosen","floor":30.0,"turns":5.0},{"damage":18,"enemies":"Snecko","floor":31,"turns":5},{"damage":45,"enemies":"Collector","floor":33,"turns":9},{"damage":53,"enemies":"3 Darklings","floor":35,"turns":6},{"damage":15,"enemies":"Orb Walker","floor":39,"turns":3},{"damage":94,"enemies":"Writhing Mass","floor":41,"turns":5}],"seed_played":"-6801375746400035181","potions_obtained":[{"floor":10.0,"key":"Fire Potion"},{"floor":12.0,"key":"FocusPotion"},{"floor":16.0,"key":"Block Potion"},{"floor":17.0,"key":"PowerPotion"},{"floor":18.0,"key":"Fire Potion"},{"floor":24.0,"key":"FocusPotion"},{"floor":25.0,"key":"SneckoOil"},{"floor":30.0,"key":"Poison Potion"},{"floor":31,"key":"Weak Potion"},{"floor":35,"key":"Regen Potion"}],"is_trial":false,"path_per_floor":["M","?","M","?","M","R","E","?","T","E","R","M","$","M","R","B",null,"M","?","?","M","M","R","E","M","T","R","$","M","M","M","R","B",null,"M","?","?","?","M","R","M"],"character_chosen":"DEFECT","items_purchased":["Gash","Toy Ornithopter","Double Energy","Regal Pillow","Strength Potion","SteroidPotion","EssenceOfSteel"],"campfire_rested":4,"item_purchase_floors":[13,13,13,28,28,28,28],"current_hp_per_floor":[78,76,75,68,67,67,51,51,51,21,43,36,36,36,58,30,81,75,75,75,73,76,76,19,16,16,40,40,24,18,12,51,18,81,35,71,67,67,63,63,0],"gold":219,"neow_bonus":"TEN_PERCENT_HP_BONUS","is_prod":false,"is_daily":false,"chose_seed":false,"campfire_upgraded":3,"win_rate":0,"timestamp":1548631324,"path_taken":["M","?","M","?","M","R","E","?","T","E","R","M","$","?","R","BOSS","M","?","?","M","?","R","E","M","T","R","$","M","M","M","R","BOSS","M","?","?","?","?","R","M"],"build_version":"2019-01-23","purchased_purges":1,"victory":false,"max_hp_per_floor":[82,76,76,76,76,76,76,76,76,76,76,76,76,76,76,76,81,81,81,81,81,81,81,81,81,81,81,81,81,81,81,81,81,81,81,71,67,67,67,67,67],"card_choices":[{"not_picked":["Go for the Eyes","Hologram"],"picked":"Ball Lightning","floor":1.0},{"not_picked":["Darkness","Compile Driver"],"picked":"Sweeping Beam","floor":3.0},{"not_picked":["Chill","Stack"],"picked":"Redo","floor":5.0},{"not_picked":["Ball Lightning","Redo"],"picked":"Turbo","floor":7.0},{"not_picked":["BootSequence","Storm"],"picked":"Scrape","floor":10.0},{"not_picked":["Streamline","Tempest"],"picked":"Gash","floor":12.0},{"not_picked":["Go for the Eyes","Chaos"],"picked":"Undo","floor":14.0},{"not_picked":["Biased Cognition","Amplify"],"picked":"Core Surge","floor":16.0},{"not_picked":["Cold Snap","Hologram"],"picked":"Double Energy","floor":17.0},{"not_picked":["Rebound+1","Compile Driver"],"picked":"Skim","floor":18.0},{"not_picked":["Conserve Battery","Steam Power"],"picked":"White Noise+1","floor":21.0},{"not_picked":["Sweeping Beam","Leap"],"picked":"Gash","floor":22.0},{"not_picked":["Stack","Sunder"],"picked":"Self Repair","floor":24.0},{"not_picked":["Conserve Battery","Meteor Strike","Rip and Tear"],"picked":"Turbo+1","floor":25.0},{"not_picked":["Coolheaded","Sweeping Beam","Beam Cell"],"picked":"Redo+1","floor":29.0},{"not_picked":["Steam","Coolheaded","Ball Lightning"],"picked":"Gash","floor":30.0},{"not_picked":["Machine Learning","Hello World+1","Compile Driver"],"picked":"Beam Cell+1","floor":31},{"not_picked":["Seek","Rainbow","Fission"],"picked":"Thunder Strike","floor":33},{"not_picked":["Ball Lightning","Rip and Tear","Go for the Eyes+1"],"picked":"Loop+1","floor":35},{"not_picked":["Coolheaded","Sweeping Beam","Consume+1"],"picked":"Barrage+1","floor":39}],"player_experience":312693,"relics_obtained":[{"floor":7.0,"key":"Vajra"},{"floor":9.0,"key":"Omamori"},{"floor":10.0,"key":"MawBank"},{"floor":24.0,"key":"Question Card"},{"floor":26.0,"key":"Gremlin Horn"}],"event_choices":[{"damage_healed":0.0,"max_hp_gain":0.0,"max_hp_loss":6.0,"gold_gain":0.0,"event_name":"Golden Idol","player_choice":"Lose Max HP","floor":2.0,"gold_loss":0.0,"damage_taken":0.0,"relics_obtained":["Golden Idol"]},{"cards_removed":["Strike_B"],"damage_healed":0.0,"max_hp_gain":0.0,"max_hp_loss":0.0,"gold_gain":0.0,"event_name":"Golden Wing","player_choice":"Card Removal","floor":4.0,"gold_loss":0.0,"damage_taken":7.0},{"damage_healed":0.0,"max_hp_gain":0.0,"max_hp_loss":0.0,"gold_gain":100.0,"event_name":"Golden Shrine","player_choice":"Pray","floor":8.0,"gold_loss":0.0,"damage_taken":0.0},{"damage_healed":0.0,"max_hp_gain":0.0,"max_hp_loss":0.0,"gold_gain":0.0,"event_name":"Vampires","player_choice":"Ignored","floor":19.0,"gold_loss":0.0,"damage_taken":0.0},{"cards_removed":["Strike_B"],"damage_healed":0.0,"max_hp_gain":0.0,"max_hp_loss":0.0,"gold_gain":0.0,"event_name":"Wheel of Change","player_choice":"Card Removal","floor":20.0,"gold_loss":0.0,"damage_taken":0.0},{"damage_healed":71,"gold_gain":0,"player_choice":"Heal","damage_taken":0,"max_hp_gain":0,"max_hp_loss":10,"event_name":"The Moai Head","floor":36,"gold_loss":0},{"damage_healed":0,"gold_gain":0,"player_choice":"Max HP","damage_taken":0,"max_hp_gain":0,"max_hp_loss":4,"event_name":"Winding Halls","floor":37,"gold_loss":0},{"damage_healed":0,"gold_gain":0,"player_choice":"Ignored","damage_taken":0,"max_hp_gain":0,"max_hp_loss":0,"event_name":"Mysterious Sphere","floor":38,"gold_loss":0}],"is_beta":false,"boss_relics":[{"not_picked":["Eternal Feather","Coffee Dripper"],"picked":"Tiny House"},{"not_picked":["Astrolabe","Snecko Eye"],"picked":"Nuclear Battery"}],"items_purged_floors":[13],"is_endless":false,"potions_floor_spawned":[10,12,16,18,24,25,30,31,35],"killed_by":"Writhing Mass","ascension_level":3}