{"gold_per_floor":[115,134,154,154,79,79,90,90,90,90,104,116,116,116,116,190,190,207,224,224,224,238,238,238],"floor_reached":24,"playtime":742,"items_purged":["Strike_R"],"score":372,"play_id":"8f1c9674-9076-4d92-8d8c-ea85218dec5f","local_time":"20190314194514","is_ascension_mode":true,"campfire_choices":[{"data":"Rampage","floor":6.0,"key":"SMITH"},{"data":"Whirlwind","floor":8.0,"key":"SMITH"},{"data":"Flame Barrier","floor":10.0,"key":"SMITH"},{"data":"Second Wind","floor":13.0,"key":"SMITH"},{"floor":15.0,"key":"REST"},{"floor":23,"key":"REST"}],"neow_cost":"CURSE","seed_source_timestamp":35530039250048,"circlet_count":0,"master_deck":["AscendersBane","Strike_R+1","Strike_R","Strike_R","Defend_R","Defend_R","Defend_R","Defend_R","Bash+1","Flame Barrier+1","Rampage+1","Whirlwind+1","Second Wind+1","Power Through","Feed+1","Shockwave","Wild Strike+1","RitualDagger+1","Power Through"],"special_seed":0,"relics":["Burning Blood","Mango","Spirit Poop","Molten Egg 2","Busted Crown"],"potions_floor_usage":[22],"damage_taken":[{"damage":14.0,"enemies":"Cultist","floor":1.0,"turns":4.0},{"damage":4.0,"enemies":"2 Louse","floor":2.0,"turns":4.0},{"damage":12.0,"enemies":"Jaw Worm","floor":3.0,"turns":5.0},{"damage":10.0,"enemies":"Blue Slaver","floor":7.0,"turns":6.0},{"damage":0.0,"enemies":"Lots of Slimes","floor":11.0,"turns":1.0},{"damage":0.0,"enemies":"3 Louse","floor":12.0,"turns":1.0},{"damage":60.0,"enemies":"Hexaghost","floor":16.0,"turns":14.0},{"damage":18.0,"enemies":"Spheric Guardian","floor":18.0,"turns":6.0},{"damage":34.0,"enemies":"Shell Parasite","floor":19.0,"turns":8.0},{"damage":23,"enemies":"Cultist and Chosen","floor":22,"turns":6},{"damage":53,"enemies":"Slavers","floor":24,"turns":4}],"seed_played":"-1425854834205807341","potions_obtained":[{"floor":7.0,"key":"FearPotion"},{"floor":12.0,"key":"BloodPotion"},{"floor":16.0,"key":"Fire Potion"},{"floor":22,"key":"Weak Potion"}],"is_trial":false,"path_per_floor":["M","M","M","?","$","R","M","R","T","R","M","M","R","?","R","B",null,"M","M","?","?","M","R","E"],"character_chosen":"IRONCLAD","items_purchased":[],"campfire_rested":2,"item_purchase_floors":[],"current_hp_per_floor":[74,76,70,70,70,70,66,66,66,66,72,78,78,51,77,31,75,67,43,37,37,20,49,0],"gold":238,"neow_bonus":"ONE_RARE_RELIC","is_prod":false,"is_daily":false,"chose_seed":false,"campfire_upgraded":4,"win_rate":0,"timestamp":1552560314,"path_taken":["M","M","M","?","$","R","M","R","T","R","M","?","R","?","R","BOSS","M","M","?","?","M","R","E"],"build_version":"2019-01-23","purchased_purges":1,"victory":false,"max_hp_per_floor":[89,89,89,89,89,89,89,89,89,89,89,89,89,89,89,89,89,93,97,97,97,97,97,97],"card_choices":[{"not_picked":["Pommel Strike","Searing Blow","Perfected Strike"],"picked":"SKIP","floor":1.0},{"not_picked":["Power Through","Iron Wave"],"picked":"Flame Barrier","floor":2.0},{"not_picked":["Sword Boomerang","Thunderclap"],"picked":"Rampage","floor":3.0},{"not_picked":["Iron Wave","Clothesline"],"picked":"Whirlwind","floor":7.0},{"not_picked":["Pummel+1","Clothesline+1"],"picked":"Second Wind","floor":11.0},{"not_picked":["Blood for Blood+1","Flame Barrier"],"picked":"Power Through","floor":12.0},{"not_picked":["Juggernaut","Bludgeon+1"],"picked":"Feed+1","floor":16.0},{"not_picked":[],"picked":"Shockwave","floor":18.0},{"not_picked":[],"picked":"Wild Strike+1","floor":19.0},{"not_picked":["Iron Wave+1"],"picked":"SKIP","floor":22}],"player_experience":320554,"relics_obtained":[{"floor":9.0,"key":"Molten Egg 2"}],"event_choices":[{"cards_removed":["Regret"],"damage_healed":0.0,"max_hp_gain":0.0,"max_hp_loss":0.0,"gold_gain":0.0,"event_name":"Bonfire Elementals","player_choice":"Offered Curse","floor":4.0,"gold_loss":0.0,"damage_taken":0.0,"relics_obtained":["Spirit Poop"]},{"damage_healed":0.0,"max_hp_gain":0.0,"max_hp_loss":0.0,"gold_gain":0.0,"event_name":"Shining Light","player_choice":"Entered Light","floor":14.0,"gold_loss":0.0,"damage_taken":27.0,"cards_upgraded":["Strike_R","Bash"]},{"damage_healed":0.0,"max_hp_gain":0.0,"max_hp_loss":0.0,"gold_gain":0.0,"event_name":"Nest","player_choice":"Joined the Cult","floor":20.0,"gold_loss":0.0,"damage_taken":6.0,"cards_obtained":["RitualDagger"]},{"damage_healed":0.0,"max_hp_gain":0.0,"max_hp_loss":0.0,"gold_gain":0.0,"cards_transformed":["Strike_R"],"event_name":"Transmorgrifier","player_choice":"Transformed","floor":21.0,"gold_loss":0.0,"damage_taken":0.0,"cards_obtained":["Power Through"]}],"is_beta":false,"boss_relics":[{"not_picked":["Black Star","Coffee Dripper"],"picked":"Busted Crown"}],"items_purged_floors":[5],"is_endless":false,"potions_floor_spawned":[7,12,16,22],"killed_by":"Slavers","ascension_level":17}