{"gold_per_floor":[116,134,59,59,59,59,73,98,167,51,71,90,90,106,106,106],"floor_reached":16,"playtime":461,"items_purged":["Defend_G"],"score":204,"play_id":"b89bc7c1-a6b9-4de6-b1d7-15bb58b058ef","local_time":"20190304233659","is_ascension_mode":true,"campfire_choices":[{"floor":6,"key":"REST"},{"data":"Catalyst","floor":13,"key":"SMITH"},{"data":"Acrobatics","floor":15,"key":"SMITH"}],"neow_cost":"NONE","seed_source_timestamp":1589036980048800,"circlet_count":0,"master_deck":["AscendersBane","Defend_G","Defend_G","Defend_G+1","Strike_G","Strike_G","Strike_G","Strike_G","Survivor","Neutralize","Underhanded Strike","Crippling Poison+1","Tactician","Crippling Poison","Deflect","Backflip","Footwork","Catalyst+1","Acrobatics+1","Flechettes"],"relics":["Ring of the Snake","Anchor","Meat on the Bone"],"potions_floor_usage":[8,8,14],"damage_taken":[{"damage":2,"enemies":"Small Slimes","floor":1,"turns":6},{"damage":0,"enemies":"Jaw Worm","floor":2,"turns":7},{"damage":0,"enemies":"2 Louse","floor":7,"turns":2},{"damage":52,"enemies":"Lagavulin","floor":8,"turns":15},{"damage":0,"enemies":"Blue Slaver","floor":11,"turns":4},{"damage":6,"enemies":"Lots of Slimes","floor":12,"turns":3},{"damage":10,"enemies":"Large Slime","floor":14,"turns":9},{"damage":32,"enemies":"Slime Boss","floor":16,"turns":5}],"seed_played":"598507347534783788","potions_obtained":[{"floor":1,"key":"GhostInAJar"},{"floor":2,"key":"EssenceOfSteel"},{"floor":11,"key":"GhostInAJar"},{"floor":14,"key":"Ancient Potion"}],"is_trial":false,"path_per_floor":["M","M","?","?","?","R","M","E","T","$","M","M","R","M","R","B"],"character_chosen":"THE_SILENT","items_purchased":["Footwork"],"campfire_rested":1,"item_purchase_floors":[10],"current_hp_per_floor":[57,57,57,57,37,56,56,4,4,4,16,22,22,24,24,0],"gold":106,"neow_bonus":"THREE_CARDS","is_prod":false,"is_daily":false,"chose_seed":false,"campfire_upgraded":2,"win_rate":0,"timestamp":1551710219,"path_taken":["M","M","?","?","?","R","M","E","T","?","M","M","R","M","R","BOSS"],"build_version":"2019-01-23","purchased_purges":1,"victory":false,"max_hp_per_floor":[66,66,66,66,66,66,66,66,66,66,66,66,66,66,66,66],"card_choices":[{"not_picked":["Deflect","Acrobatics"],"picked":"Underhanded Strike","floor":0},{"not_picked":["Infinite Blades","Outmaneuver"],"picked":"Crippling Poison","floor":1},{"not_picked":["Blade Dance","Leg Sweep"],"picked":"Tactician","floor":2},{"not_picked":["Slice","Underhanded Strike"],"picked":"Deflect","floor":7},{"not_picked":["Wraith Form v2","Deflect"],"picked":"Backflip","floor":8},{"not_picked":["Leg Sweep","Underhanded Strike"],"picked":"Catalyst","floor":11},{"not_picked":["Eviscerate","Setup"],"picked":"Acrobatics","floor":12},{"not_picked":["Deadly Poison","Escape Plan"],"picked":"Flechettes","floor":14}],"player_experience":4462483,"relics_obtained":[{"floor":8,"key":"Anchor"},{"floor":9,"key":"Meat on the Bone"}],"event_choices":[{"cards_removed":["Defend_G"],"damage_healed":0,"gold_gain":0,"player_choice":"Card Removal","damage_taken":0,"max_hp_gain":0,"max_hp_loss":0,"event_name":"The Cleric","floor":3,"gold_loss":75},{"damage_healed":0,"gold_gain":0,"cards_transformed":["Strike_G"],"player_choice":"Change","damage_taken":0,"max_hp_gain":0,"max_hp_loss":0,"event_name":"Living Wall","floor":4,"gold_loss":0,"cards_obtained":["Crippling Poison"]},{"damage_healed":0,"gold_gain":0,"player_choice":"Entered Light","damage_taken":20,"max_hp_gain":0,"max_hp_loss":0,"event_name":"Shining Light","floor":5,"gold_loss":0,"cards_upgraded":["Crippling Poison","Defend_G"]}],"is_beta":false,"boss_relics":[],"items_purged_floors":[10],"is_endless":false,"potions_floor_spawned":[1,2,11,14],"killed_by":"Slime Boss","ascension_level":20}