{"gold_per_floor":[20,20,20,35,52,87,98,98,98,98,98,23,33,33,33,122,122,87,59,109,31,46,46,61,61,86,86,124,74,95,220,220,310,310,335,356,216,216,176,176,176,220,247,122,138,138,158,189,189,189,189,189,189,39,75,75],"floor_reached":56,"playtime":2617,"items_purged":["Strike_R","Strike_R","Bash+1","Iron Wave+1"],"score":1942,"play_id":"5af54d2e-e4cc-49e8-9dd9-50e1ce772c70","local_time":"20190214023254","is_ascension_mode":true,"campfire_choices":[{"data":"Armaments","floor":8.0,"key":"SMITH"},{"floor":11.0,"key":"REST"},{"floor":15.0,"key":"REST"},{"floor":23.0,"key":"RECALL"},{"floor":27.0,"key":"REST"},{"floor":32.0,"key":"REST"},{"floor":40.0,"key":"REST"},{"floor":49.0,"key":"REST"},{"floor":53.0,"key":"REST"}],"neow_cost":"NO_GOLD","seed_source_timestamp":1235059297715100,"circlet_count":0,"master_deck":["AscendersBane","Defend_R","Defend_R","Defend_R","Defend_R","Body Slam+1","Flame Barrier","Armaments+1","Seeing Red","Shrug It Off+1","Second Wind","Barricade","Body Slam","Battle Trance","Battle Trance","Second Wind+1","Rage+1","Metallicize+1","Feel No Pain","Seeing Red+1","Evolve","Madness","Madness","Sentinel+1","Shrug It Off+1"],"special_seed":0,"relics":["Burning Blood","Juzu Bracelet","Golden Idol","Fusion Hammer","Whetstone","Letter Opener","Unceasing Top","Blue Candle","Orrery","Bronze Scales","PreservedInsect","Mercury Hourglass","Self Forming Clay"],"potions_floor_usage":[],"damage_taken":[{"damage":9.0,"enemies":"2 Louse","floor":1.0,"turns":4.0},{"damage":6.0,"enemies":"Jaw Worm","floor":4.0,"turns":7.0},{"damage":7.0,"enemies":"Small Slimes","floor":5.0,"turns":5.0},{"damage":20.0,"enemies":"3 Sentries","floor":6.0,"turns":12.0},{"damage":0.0,"enemies":"Blue Slaver","floor":7.0,"turns":6.0},{"damage":1.0,"enemies":"2 Fungi Beasts","floor":13.0,"turns":4.0},{"damage":54.0,"enemies":"Slime Boss","floor":16.0,"turns":12.0},{"damage":24.0,"enemies":"2 Thieves","floor":18.0,"turns":5.0},{"damage":0.0,"enemies":"Shell Parasite","floor":22.0,"turns":6.0},{"damage":13.0,"enemies":"3 Cultists","floor":24.0,"turns":5.0},{"damage":2.0,"enemies":"Book of Stabbing","floor":28.0,"turns":4.0},{"damage":9.0,"enemies":"Chosen and Byrds","floor":30.0,"turns":6.0},{"damage":2.0,"enemies":"Colosseum Slavers","floor":31.0,"turns":4.0},{"damage":25.0,"enemies":"Colosseum Nobs","floor":31.0,"turns":6.0},{"damage":15.0,"enemies":"Collector","floor":33.0,"turns":9.0},{"damage":4.0,"enemies":"3 Darklings","floor":35.0,"turns":6.0},{"damage":0.0,"enemies":"Orb Walker","floor":36.0,"turns":4.0},{"damage":1.0,"enemies":"Giant Head","floor":42.0,"turns":5.0},{"damage":10.0,"enemies":"Spire Growth","floor":45.0,"turns":5.0},{"damage":53.0,"enemies":"Transient","floor":47.0,"turns":6.0},{"damage":1.0,"enemies":"Nemesis","floor":48.0,"turns":7.0},{"damage":35.0,"enemies":"Time Eater","floor":50.0,"turns":6.0},{"damage":15.0,"enemies":"Donu and Deca","floor":51.0,"turns":9.0},{"damage":73.0,"enemies":"Shield and Spear","floor":55.0,"turns":6.0},{"damage":13,"enemies":"The Heart","floor":56,"turns":2}],"seed_played":"1229870248543218200","potions_obtained":[{"floor":1.0,"key":"Block Potion"},{"floor":4.0,"key":"LiquidBronze"},{"floor":7.0,"key":"SkillPotion"},{"floor":13.0,"key":"Strength Potion"},{"floor":22.0,"key":"Energy Potion"},{"floor":24.0,"key":"Swift Potion"},{"floor":28.0,"key":"Regen Potion"},{"floor":39.0,"key":"EntropicBrew"}],"is_trial":false,"path_per_floor":["M","?","?","M","M","E","M","R","T","?","R","$","M","?","R","B",null,"M","$","?","$","M","R","M","?","T","R","E","?","M","?","R","B",null,"M","M","$","?","?","R","?","E","T","$","M","?","M","E","R","B","B",null,"R","$","E","B"],"character_chosen":"IRONCLAD","items_purchased":["Body Slam","Battle Trance","Evolve"],"campfire_rested":7,"item_purchase_floors":[19,21,37],"current_hp_per_floor":[65,65,70,70,69,55,61,61,61,37,61,61,66,38,62,14,64,46,46,46,46,52,52,45,45,45,69,73,73,70,55,79,70,78,80,80,80,80,80,80,66,71,71,71,67,67,35,40,64,35,26,67,80,80,13,0],"gold":75,"neow_bonus":"REMOVE_TWO","is_prod":false,"is_daily":false,"chose_seed":false,"campfire_upgraded":1,"win_rate":0,"timestamp":1550079174,"path_taken":["M","?","?","M","M","E","M","R","T","?","R","$","M","?","R","BOSS","M","$","?","$","M","R","M","?","T","R","E","?","M","?","R","BOSS","M","M","$","?","?","R","?","E","T","$","M","?","M","E","R","BOSS","BOSS","R","$","E","BOSS"],"build_version":"2019-01-23","purchased_purges":4,"victory":false,"max_hp_per_floor":[75,75,80,80,80,80,80,80,80,80,80,80,80,80,80,80,80,80,80,80,80,80,80,80,80,80,80,80,80,80,80,80,80,80,80,80,80,80,80,80,80,80,80,80,80,80,80,80,80,80,80,80,80,80,80,80],"card_choices":[{"not_picked":["Second Wind","Clothesline"],"picked":"Body Slam","floor":1.0},{"not_picked":["Havoc","Entrench"],"picked":"Flame Barrier","floor":4.0},{"not_picked":["Seeing Red","Clothesline"],"picked":"Armaments","floor":5.0},{"not_picked":["Wild Strike","Twin Strike"],"picked":"Seeing Red","floor":6.0},{"not_picked":["Armaments","Clash"],"picked":"Shrug It Off","floor":7.0},{"not_picked":["Heavy Blade","Clash"],"picked":"Second Wind","floor":13.0},{"not_picked":["Demon Form","Limit Break"],"picked":"Barricade","floor":16.0},{"not_picked":["Twin Strike","Cleave"],"picked":"Iron Wave+1","floor":18.0},{"not_picked":["Dual Wield+1","Armaments"],"picked":"Battle Trance","floor":22.0},{"not_picked":["Warcry","Twin Strike"],"picked":"Second Wind+1","floor":24.0},{"not_picked":["Reaper","Warcry+1"],"picked":"Rage+1","floor":28.0},{"not_picked":["Combust","Rupture","Wild Strike+1"],"picked":"SKIP","floor":30.0},{"not_picked":["Rampage","Armaments"],"picked":"Metallicize+1","floor":34.0},{"not_picked":["Bloodletting","Entrench"],"picked":"Feel No Pain","floor":35.0},{"not_picked":["Wild Strike","Metallicize"],"picked":"Seeing Red+1","floor":36.0},{"not_picked":["Iron Wave","Body Slam+1","Cleave"],"picked":"SKIP","floor":42.0},{"not_picked":["Berserk","Body Slam"],"picked":"Sentinel+1","floor":45.0},{"not_picked":["Armaments","Pommel Strike","Clash"],"picked":"SKIP","floor":47.0},{"not_picked":["Sword Boomerang","Ghostly Armor","Bludgeon"],"picked":"SKIP","floor":48.0},{"not_picked":["Clash","Body Slam"],"picked":"Shrug It Off+1","floor":55.0}],"player_experience":4287591,"relics_obtained":[{"floor":6.0,"key":"Juzu Bracelet"},{"floor":26.0,"key":"Whetstone"},{"floor":28.0,"key":"Letter Opener"},{"floor":31.0,"key":"Unceasing Top"},{"floor":31.0,"key":"Blue Candle"},{"floor":42.0,"key":"Bronze Scales"},{"floor":43.0,"key":"PreservedInsect"},{"floor":48.0,"key":"Mercury Hourglass"},{"floor":55.0,"key":"Self Forming Clay"}],"event_choices":[{"damage_healed":0.0,"max_hp_gain":0.0,"max_hp_loss":0.0,"gold_gain":0.0,"event_name":"The Cleric","player_choice":"Leave","floor":2.0,"gold_loss":0.0,"damage_taken":0.0},{"damage_healed":0.0,"max_hp_gain":5.0,"max_hp_loss":0.0,"gold_gain":0.0,"event_name":"Big Fish","player_choice":"Donut","floor":3.0,"gold_loss":0.0,"damage_taken":0.0},{"damage_healed":0.0,"max_hp_gain":0.0,"max_hp_loss":0.0,"gold_gain":0.0,"event_name":"Shining Light","player_choice":"Entered Light","floor":10.0,"gold_loss":0.0,"damage_taken":24.0,"cards_upgraded":["Shrug It Off","Strike_R"]},{"damage_healed":0.0,"max_hp_gain":0.0,"max_hp_loss":0.0,"gold_gain":0.0,"event_name":"Golden Idol","player_choice":"Take Damage","floor":14.0,"gold_loss":0.0,"damage_taken":28.0,"relics_obtained":["Golden Idol"]},{"damage_healed":0.0,"max_hp_gain":0.0,"max_hp_loss":0.0,"gold_gain":50.0,"event_name":"Nest","player_choice":"Stole From Cult","floor":20.0,"gold_loss":0.0,"damage_taken":0.0},{"damage_healed":0.0,"max_hp_gain":0.0,"max_hp_loss":0.0,"gold_gain":0.0,"event_name":"The Joust","player_choice":"Bet on Murderer","floor":29.0,"gold_loss":50.0,"damage_taken":0.0},{"damage_healed":0.0,"max_hp_gain":0.0,"max_hp_loss":0.0,"gold_gain":0.0,"event_name":"Colosseum","player_choice":"Fight","floor":31.0,"gold_loss":0.0,"damage_taken":0.0},{"damage_healed":0.0,"max_hp_gain":0.0,"max_hp_loss":0.0,"gold_gain":0.0,"event_name":"Colosseum","player_choice":"Fought Nobs","floor":31.0,"gold_loss":0.0,"damage_taken":0.0},{"cards_removed":["Strike_R"],"damage_healed":0.0,"max_hp_gain":0.0,"max_hp_loss":0.0,"gold_gain":0.0,"event_name":"Falling","player_choice":"Removed Attack","floor":38.0,"gold_loss":0.0,"damage_taken":0.0},{"damage_healed":0.0,"max_hp_gain":0.0,"max_hp_loss":0.0,"gold_gain":0.0,"event_name":"The Woman in Blue","player_choice":"Bought 3 Potions","floor":39.0,"gold_loss":0.0,"damage_taken":0.0},{"damage_healed":0.0,"max_hp_gain":0.0,"max_hp_loss":0.0,"gold_gain":0.0,"event_name":"Winding Halls","player_choice":"Embrace Madness","floor":41.0,"gold_loss":0.0,"damage_taken":14.0,"cards_obtained":["Madness","Madness"]},{"damage_healed":0.0,"max_hp_gain":0.0,"max_hp_loss":0.0,"gold_gain":0.0,"event_name":"Tomb of Lord Red Mask","player_choice":"Ignored","floor":46.0,"gold_loss":0.0,"damage_taken":0.0}],"is_beta":false,"boss_relics":[{"not_picked":["Velvet Choker","Lizard Tail"],"picked":"Fusion Hammer"},{"not_picked":["Mark of Pain","Coffee Dripper"],"picked":"Orrery"}],"items_purged_floors":[12,37,44,54],"is_endless":false,"potions_floor_spawned":[1,4,7,13,22,24,28,31,35],"killed_by":"The Heart","ascension_level":20}