{"gold_per_floor":[112,128,142,142,155,155,166,197,197,197,212,238,288,319,319,319],"floor_reached":16,"playtime":665,"items_purged":[],"score":244,"play_id":"c5a37d67-1e7e-4f1c-968f-1e843d4da2d4","local_time":"20190108022811","is_ascension_mode":true,"campfire_choices":[{"data":"Rage","floor":6,"key":"SMITH"},{"floor":10,"key":"REST"},{"floor":15,"key":"REST"}],"neow_cost":"NONE","seed_source_timestamp":519669587787342,"circlet_count":0,"master_deck":["AscendersBane","Strike_R","Strike_R","Strike_R","Strike_R","Strike_R","Defend_R","Defend_R","Defend_R","Defend_R","Bash","Anger","Spot Weakness","Rage+1","Pommel Strike","Power Through","Carnage","Infernal Blade","Intimidate"],"relics":["Burning Blood","Potion Belt","Bronze Scales","Self Forming Clay","Gremlin Horn","Matryoshka"],"potions_floor_usage":[8,12,14,16],"damage_taken":[{"damage":9,"enemies":"Jaw Worm","floor":1,"turns":4},{"damage":1,"enemies":"Cultist","floor":2,"turns":3},{"damage":10,"enemies":"Small Slimes","floor":3,"turns":3},{"damage":27,"enemies":"Gremlin Gang","floor":5,"turns":5},{"damage":15,"enemies":"Exordium Thugs","floor":7,"turns":5},{"damage":30,"enemies":"3 Sentries","floor":8,"turns":9},{"damage":0,"enemies":"Blue Slaver","floor":11,"turns":3},{"damage":46,"enemies":"Lagavulin","floor":12,"turns":7},{"damage":26,"enemies":"3 Sentries","floor":14,"turns":6},{"damage":53,"enemies":"The Guardian","floor":16,"turns":13}],"seed_played":"-5277738777091320582","potions_obtained":[{"floor":3,"key":"BloodPotion"},{"floor":8,"key":"Regen Potion"},{"floor":12,"key":"Regen Potion"},{"floor":14,"key":"AttackPotion"}],"is_trial":false,"path_per_floor":["M","M","M","?","M","R","M","E","T","R","M","E","?","E","R","B"],"character_chosen":"IRONCLAD","items_purchased":[],"campfire_rested":2,"item_purchase_floors":[],"current_hp_per_floor":[65,70,66,75,54,54,45,28,28,50,56,31,31,26,48,0],"gold":319,"neow_bonus":"RANDOM_COMMON_RELIC","is_prod":false,"is_daily":false,"chose_seed":false,"campfire_upgraded":1,"win_rate":0,"timestamp":1546882091,"path_taken":["M","M","M","?","M","R","?","E","T","R","M","E","?","E","R","BOSS"],"build_version":"2019-01-03v4","purchased_purges":0,"victory":false,"max_hp_per_floor":[75,75,75,75,75,75,75,75,75,75,75,75,75,75,75,75],"card_choices":[{"not_picked":["Twin Strike","Rampage"],"picked":"Anger","floor":1},{"not_picked":["Warcry","Thunderclap"],"picked":"Spot Weakness","floor":2},{"not_picked":["Sentinel","Cleave"],"picked":"Rage","floor":3},{"not_picked":["Body Slam","Searing Blow"],"picked":"Pommel Strike","floor":5},{"not_picked":["Second Wind","Shrug It Off"],"picked":"Power Through","floor":7},{"not_picked":["Bloodletting","Uppercut"],"picked":"Carnage","floor":8},{"not_picked":["Seeing Red","Blood for Blood"],"picked":"Infernal Blade","floor":11},{"not_picked":["Shockwave","Berserk"],"picked":"Intimidate","floor":12},{"not_picked":["Clash","Pommel Strike","Power Through"],"picked":"SKIP","floor":14}],"player_experience":4013460,"relics_obtained":[{"floor":8,"key":"Bronze Scales"},{"floor":9,"key":"Self Forming Clay"},{"floor":12,"key":"Gremlin Horn"},{"floor":14,"key":"Matryoshka"}],"event_choices":[{"damage_healed":9,"gold_gain":0,"player_choice":"Full Heal","damage_taken":0,"max_hp_gain":0,"max_hp_loss":0,"event_name":"Wheel of Change","floor":4,"gold_loss":0},{"damage_healed":0,"gold_gain":50,"player_choice":"Pray","damage_taken":0,"max_hp_gain":0,"max_hp_loss":0,"event_name":"Golden Shrine","floor":13,"gold_loss":0}],"is_beta":false,"boss_relics":[],"items_purged_floors":[],"is_endless":false,"potions_floor_spawned":[3,8,12,14],"killed_by":"The Guardian","ascension_level":20}