{"gold_per_floor":[118,268,93,113,113,113,130,144,144,144,162,181,200,215,215,289,289,308,328,343,343,87,87,87,27,27,47,47,47,63,23,23,101,101,121,121,140,140,66,66,166,199,199,199,217,217,217,217,217,217],"floor_reached":50,"playtime":2193,"items_purged":["Doubt","Strike_R"],"score":928,"play_id":"a42acbc9-216b-4a96-aec3-792237b28430","local_time":"20190315104730","is_ascension_mode":true,"campfire_choices":[{"data":"Warcry","floor":6.0,"key":"SMITH"},{"data":"Shrug It Off","floor":10.0,"key":"SMITH"},{"data":"Demon Form","floor":15.0,"key":"SMITH"},{"data":"Immolate","floor":23.0,"key":"SMITH"},{"floor":28,"key":"REST"},{"floor":32,"key":"REST"},{"data":"Corruption","floor":40,"key":"SMITH"},{"data":"Heavy Blade","floor":47,"key":"SMITH"},{"floor":49,"key":"REST"}],"neow_cost":"NONE","seed_source_timestamp":710952129782719,"circlet_count":0,"master_deck":["AscendersBane","Strike_R","Strike_R","Strike_R","Strike_R","Defend_R","Defend_R","Defend_R","Defend_R","Bash+1","Whirlwind+1","Shrug It Off+1","Warcry+1","Twin Strike","Headbutt","Metallicize","True Grit","Flex","Reaper","Heavy Blade+1","Immolate+1","Exhume","Shrug It Off+1","Demon Form+1","Corruption+1","Thunderclap"],"special_seed":0,"relics":["Burning Blood","Bottled Lightning","Cursed Key","Nilry\u0027s Codex","MutagenicStrength","Blood Vial","Busted Crown","Unceasing Top","Prayer Wheel"],"potions_floor_usage":[27,33,33,42,42,48,50],"damage_taken":[{"damage":7.0,"enemies":"2 Louse","floor":1.0,"turns":2.0},{"damage":18.0,"enemies":"Jaw Worm","floor":4.0,"turns":5.0},{"damage":0.0,"enemies":"Cultist","floor":7.0,"turns":2.0},{"damage":0.0,"enemies":"Gremlin Gang","floor":8.0,"turns":2.0},{"damage":24.0,"enemies":"Large Slime","floor":11.0,"turns":4.0},{"damage":5.0,"enemies":"3 Louse","floor":12.0,"turns":3.0},{"damage":0.0,"enemies":"2 Fungi Beasts","floor":13.0,"turns":2.0},{"damage":9.0,"enemies":"Red Slaver","floor":14.0,"turns":3.0},{"damage":43.0,"enemies":"Hexaghost","floor":16.0,"turns":8.0},{"damage":2.0,"enemies":"3 Byrds","floor":18.0,"turns":3.0},{"damage":21.0,"enemies":"Spheric Guardian","floor":19.0,"turns":5.0},{"damage":28.0,"enemies":"Centurion and Healer","floor":20.0,"turns":6.0},{"damage":35,"enemies":"Shelled Parasite and Fungi","floor":27,"turns":6},{"damage":30,"enemies":"Snake Plant","floor":30,"turns":6},{"damage":21,"enemies":"Champ","floor":33,"turns":10},{"damage":16,"enemies":"3 Shapes","floor":35,"turns":2},{"damage":14,"enemies":"3 Darklings","floor":37,"turns":3},{"damage":37,"enemies":"Mind Bloom Boss Battle","floor":41,"turns":12},{"damage":73,"enemies":"Reptomancer","floor":42,"turns":4},{"damage":25,"enemies":"Sphere and 2 Shapes","floor":45,"turns":6},{"damage":22,"enemies":"Spire Growth","floor":48,"turns":5},{"damage":102,"enemies":"Donu and Deca","floor":50,"turns":6}],"seed_played":"5604208484162029262","potions_obtained":[{"floor":1.0,"key":"LiquidBronze"},{"floor":11.0,"key":"GamblersBrew"},{"floor":13.0,"key":"BloodPotion"},{"floor":16.0,"key":"EntropicBrew"},{"floor":19.0,"key":"GamblersBrew"},{"floor":27,"key":"Weak Potion"},{"floor":31,"key":"Block Potion"},{"floor":35,"key":"EssenceOfSteel"},{"floor":37,"key":"EssenceOfSteel"},{"floor":42,"key":"EssenceOfSteel"},{"floor":45,"key":"SmokeBomb"}],"is_trial":false,"path_per_floor":["M","?","$","M","?","R","M","M","T","R","M","M","M","M","R","B",null,"M","M","M","?","$","R","?","?","T","M","R","$","M","?","R","B",null,"M","?","M","$","$","R","?","E","T","?","M","?","R","M","R","B"],"character_chosen":"IRONCLAD","items_purchased":["Shrug It Off","Warcry","Immolate","Corruption"],"campfire_rested":3,"item_purchase_floors":[3,3,22,39],"current_hp_per_floor":[67,67,67,55,55,55,61,67,67,67,49,50,56,53,53,23,62,75,60,53,32,32,32,32,32,32,17,39,39,17,17,39,62,72,75,75,67,67,67,67,75,35,35,35,52,52,52,45,67,0],"gold":217,"neow_bonus":"UPGRADE_CARD","is_prod":false,"is_daily":false,"chose_seed":false,"campfire_upgraded":6,"win_rate":0,"timestamp":1552614450,"path_taken":["M","?","$","M","?","R","M","?","T","R","M","?","M","M","R","BOSS","M","M","M","?","$","R","?","?","T","M","R","$","?","?","R","BOSS","M","?","M","?","$","R","?","E","T","?","M","?","R","M","R","BOSS"],"build_version":"2019-01-23","purchased_purges":2,"victory":false,"max_hp_per_floor":[75,75,75,75,75,75,75,75,75,75,75,75,75,75,75,75,75,75,75,75,75,75,75,75,75,75,75,75,75,75,75,75,75,75,75,75,75,75,75,75,75,75,75,75,75,75,75,75,75,75],"card_choices":[{"not_picked":["Combust","Cleave"],"picked":"Whirlwind","floor":1.0},{"not_picked":["Ghostly Armor","Burning Pact"],"picked":"Twin Strike","floor":4.0},{"not_picked":["Sword Boomerang","True Grit"],"picked":"Headbutt","floor":7.0},{"not_picked":["Pommel Strike","Rage","Clothesline"],"picked":"SKIP","floor":8.0},{"not_picked":["Cleave","Headbutt"],"picked":"Metallicize","floor":11.0},{"not_picked":["Anger","Reckless Charge"],"picked":"True Grit","floor":12.0},{"not_picked":["Rage","Anger"],"picked":"Demon Form","floor":13.0},{"not_picked":["Pommel Strike","Warcry"],"picked":"Flex","floor":14.0},{"not_picked":["Offering","Limit Break"],"picked":"Reaper","floor":16.0},{"not_picked":["Headbutt","Shrug It Off"],"picked":"Heavy Blade","floor":18.0},{"not_picked":["Entrench","Sword Boomerang","Sever Soul"],"picked":"SKIP","floor":19.0},{"not_picked":["Infernal Blade","Pommel Strike","Evolve"],"picked":"SKIP","floor":20.0},{"not_picked":["Perfected Strike+1","Wild Strike","Evolve"],"picked":"SKIP","floor":27},{"not_picked":["Sentinel","Blood for Blood","Second Wind"],"picked":"SKIP","floor":30},{"not_picked":["Fiend Fire","Juggernaut"],"picked":"Exhume","floor":33},{"not_picked":[],"picked":"Shrug It Off+1","floor":35},{"not_picked":["Body Slam"],"picked":"SKIP","floor":37},{"not_picked":["Sever Soul+1"],"picked":"SKIP","floor":42},{"not_picked":[],"picked":"Thunderclap","floor":45},{"not_picked":["Searing Blow"],"picked":"SKIP","floor":45}],"player_experience":704072,"relics_obtained":[{"floor":9.0,"key":"Bottled Lightning"},{"floor":21.0,"key":"Nilry\u0027s Codex"},{"floor":41,"key":"Unceasing Top"},{"floor":42,"key":"Prayer Wheel"}],"event_choices":[{"damage_healed":0.0,"max_hp_gain":0.0,"max_hp_loss":0.0,"gold_gain":150.0,"event_name":"Liars Game","player_choice":"AGREE","floor":2.0,"gold_loss":0.0,"damage_taken":0.0,"cards_obtained":["Doubt"]},{"damage_healed":0.0,"max_hp_gain":0.0,"max_hp_loss":0.0,"gold_gain":0.0,"event_name":"Upgrade Shrine","player_choice":"Upgraded","floor":5.0,"gold_loss":0.0,"damage_taken":0.0,"cards_upgraded":["Whirlwind"]},{"damage_healed":0.0,"max_hp_gain":0.0,"max_hp_loss":0.0,"gold_gain":0.0,"event_name":"Cursed Tome","player_choice":"Obtained Book","floor":21.0,"gold_loss":0.0,"damage_taken":21.0},{"damage_healed":0.0,"max_hp_gain":0.0,"max_hp_loss":0.0,"gold_gain":0.0,"event_name":"Drug Dealer","player_choice":"Inject Mutagens","floor":24.0,"gold_loss":0.0,"damage_taken":0.0,"relics_obtained":["MutagenicStrength"]},{"damage_healed":0.0,"max_hp_gain":0.0,"max_hp_loss":0.0,"gold_gain":0.0,"event_name":"WeMeetAgain","player_choice":"Paid Gold","floor":25.0,"gold_loss":60.0,"damage_taken":0.0,"relics_obtained":["Blood Vial"]},{"damage_healed":0,"gold_gain":0,"player_choice":"Bought 3 Potions","damage_taken":0,"max_hp_gain":0,"max_hp_loss":0,"event_name":"The Woman in Blue","floor":31,"gold_loss":0},{"damage_healed":0,"gold_gain":0,"player_choice":"Copied","damage_taken":0,"max_hp_gain":0,"max_hp_loss":0,"event_name":"Duplicator","floor":36,"gold_loss":0,"cards_obtained":["Demon Form"]},{"damage_healed":0,"gold_gain":0,"player_choice":"Fight","damage_taken":0,"max_hp_gain":0,"max_hp_loss":0,"event_name":"MindBloom","floor":41,"gold_loss":0},{"damage_healed":0,"gold_gain":0,"player_choice":"Memory 1","damage_taken":0,"max_hp_gain":0,"max_hp_loss":0,"event_name":"SensoryStone","floor":44,"gold_loss":0},{"cards_removed":["Demon Form"],"damage_healed":0,"gold_gain":0,"player_choice":"Removed Power","damage_taken":0,"max_hp_gain":0,"max_hp_loss":0,"event_name":"Falling","floor":46,"gold_loss":0}],"is_beta":false,"boss_relics":[{"not_picked":["Tiny House","Philosopher\u0027s Stone"],"picked":"Cursed Key"},{"not_picked":["Black Star","Fusion Hammer"],"picked":"Busted Crown"}],"items_purged_floors":[3,22],"is_endless":false,"potions_floor_spawned":[1,11,13,14,16,18,19,27,30,35,37,42,45],"killed_by":"Donu and Deca","ascension_level":20}