{"gold_per_floor":[115,115,129,129,2,33,33,62,132,146,162,62,76,94,94,198,198,209,228,240,97,197,255,255,286,312,344,8,8,19,35,35,137,137,149,149,73,87,107,107,107,135,162,199,211,34,0,18,18,18,18,18,18,45,45],"floor_reached":56,"playtime":7811,"items_purged":["Pain","Strike_B","Dualcast","Hello World"],"score":1571,"play_id":"71c997bb-527f-4981-a39f-fd010f7cab54","local_time":"20181230123532","is_ascension_mode":true,"campfire_choices":[{"data":"Streamline","floor":7,"key":"SMITH"},{"data":"Streamline","floor":15,"key":"SMITH"},{"data":"Loop","floor":24,"key":"SMITH"},{"floor":29,"key":"RECALL"},{"data":"Echo Form","floor":32,"key":"SMITH"},{"data":"Loop","floor":40,"key":"SMITH"},{"floor":45,"key":"REST"},{"data":"FTL","floor":49,"key":"SMITH"},{"data":"Creative AI","floor":52,"key":"SMITH"}],"neow_cost":"NONE","seed_source_timestamp":738272357039811,"circlet_count":0,"master_deck":["Zap","Leap","Streamline+1","Reboot+1","Go for the Eyes","Streamline+1","Leap+1","Echo Form+1","Cold Snap","Reprogram+1","Loop+1","Fission+1","Glacier+1","Go for the Eyes","Defragment+1","Hologram+1","Seek+1","Conserve Battery+1","Coolheaded+1","Consume+1","Hologram+1","Secret Weapon+1","Turbo+1","Coolheaded+1","Creative AI+1","Beam Cell+1","Defragment","Turbo+1","Loop+1","Capacitor+1","BootSequence+1","FTL+1","Cold Snap+1","Coolheaded+1"],"relics":["Black Star","WarpedTongs","Happy Flower","Du-Vu Doll","Regal Pillow","Toxic Egg 2","Question Card","Pandora\u0027s Box","Tiny Chest","Blood Vial","Bottled Tornado","Matryoshka","Ancient Tea Set","Anchor","Pen Nib","Oddly Smooth Stone","Inserter","Frozen Egg 2","Bronze Scales","The Courier","MawBank","Potion Belt","Bottled Flame","Red Mask","Gremlin Horn","Bottled Lightning"],"potions_floor_usage":[6,13,14,16,16,23,27,35,35,39,42],"damage_taken":[{"damage":4,"enemies":"Jaw Worm","floor":1,"turns":5},{"damage":4,"enemies":"Cultist","floor":3,"turns":4},{"damage":18,"enemies":"Gremlin Nob","floor":6,"turns":4},{"damage":14,"enemies":"Lagavulin","floor":8,"turns":7},{"damage":0,"enemies":"Small Slimes","floor":10,"turns":3},{"damage":2,"enemies":"Exordium Thugs","floor":11,"turns":5},{"damage":6,"enemies":"3 Louse","floor":13,"turns":2},{"damage":4,"enemies":"Blue Slaver","floor":14,"turns":3},{"damage":28,"enemies":"Slime Boss","floor":16,"turns":10},{"damage":0,"enemies":"Shell Parasite","floor":18,"turns":4},{"damage":0,"enemies":"Spheric Guardian","floor":19,"turns":5},{"damage":3,"enemies":"Snecko","floor":20,"turns":7},{"damage":48,"enemies":"Slavers","floor":23,"turns":10},{"damage":0,"enemies":"Book of Stabbing","floor":25,"turns":6},{"damage":0,"enemies":"Gremlin Leader","floor":27,"turns":6},{"damage":0,"enemies":"Snake Plant","floor":30,"turns":5},{"damage":0,"enemies":"Centurion and Healer","floor":31,"turns":5},{"damage":0,"enemies":"Collector","floor":33,"turns":9},{"damage":0,"enemies":"3 Darklings","floor":35,"turns":3},{"damage":7,"enemies":"Orb Walker","floor":38,"turns":5},{"damage":0,"enemies":"Transient","floor":39,"turns":5},{"damage":50,"enemies":"Reptomancer","floor":42,"turns":9},{"damage":0,"enemies":"Giant Head","floor":44,"turns":8},{"damage":0,"enemies":"Spire Growth","floor":48,"turns":7},{"damage":2,"enemies":"Time Eater","floor":50,"turns":7},{"damage":0,"enemies":"Shield and Spear","floor":54,"turns":9},{"damage":2,"enemies":"The Heart","floor":55,"turns":12}],"seed_played":"-5899355467193048986","potions_obtained":[{"floor":8,"key":"FearPotion"},{"floor":11,"key":"Explosive Potion"},{"floor":13,"key":"GamblersBrew"},{"floor":14,"key":"FearPotion"},{"floor":16,"key":"FocusPotion"},{"floor":19,"key":"Weak Potion"},{"floor":31,"key":"LiquidBronze"},{"floor":33,"key":"PowerPotion"},{"floor":35,"key":"FocusPotion"},{"floor":38,"key":"Weak Potion"},{"floor":48,"key":"Explosive Potion"}],"is_trial":false,"path_per_floor":["M","?","M","?","$","E","R","E","T","M","M","$","M","M","R","B",null,"M","M","M","$","?","E","R","E","T","E","$","R","M","M","R","B",null,"M","?","$","M","M","R","T","E","T","E","R","$","?","M","R","B",null,"R","$","E","B",null],"character_chosen":"DEFECT","items_purchased":["Fire Potion","Seek+1","Hologram+1","Secret Weapon+1","Defragment","FTL","Fire Potion"],"campfire_rested":1,"item_purchase_floors":[5,21,28,28,37,46,46],"current_hp_per_floor":[71,71,67,75,75,57,57,43,43,43,41,41,35,31,31,3,75,75,75,72,72,72,24,24,26,26,28,28,28,30,32,32,34,75,75,75,75,68,70,70,70,22,22,24,61,61,61,63,63,63,75,75,75,75,73],"gold":45,"neow_bonus":"BOSS_RELIC","is_prod":false,"is_daily":false,"chose_seed":false,"campfire_upgraded":7,"win_rate":0,"timestamp":1546191332,"path_taken":["M","?","?","?","?","E","R","E","T","M","M","$","M","M","R","BOSS","M","M","M","$","?","E","R","E","T","E","?","R","M","?","R","BOSS","M","?","$","M","M","R","?","E","T","E","R","$","?","M","R","BOSS","R","$","E","BOSS"],"build_version":"2018-12-20","purchased_purges":4,"victory":true,"max_hp_per_floor":[75,75,75,75,75,75,75,75,75,75,75,75,75,75,75,75,75,75,75,75,75,75,75,75,75,75,75,75,75,75,75,75,75,75,75,75,75,75,75,75,75,75,75,75,75,75,75,75,75,75,75,75,75,75,75],"card_choices":[{"not_picked":["Hologram","Rebound"],"picked":"Leap","floor":1},{"not_picked":["Barrage","Gash"],"picked":"Chaos","floor":3},{"not_picked":["Rip and Tear","Force Field"],"picked":"Streamline","floor":6},{"not_picked":["Turbo","Heatsinks","Tempest"],"picked":"SKIP","floor":8},{"not_picked":["Double Energy+1","Ball Lightning","Rip and Tear"],"picked":"Reboot+1","floor":10},{"not_picked":["Turbo+1","Gash","Darkness+1"],"picked":"Go for the Eyes","floor":11},{"not_picked":["Stack+1","Aggregate+1","Fusion+1"],"picked":"Streamline","floor":13},{"not_picked":["Go for the Eyes","Compile Driver","Sweeping Beam"],"picked":"Leap+1","floor":14},{"not_picked":["Seek+1","Meteor Strike","Thunder Strike"],"picked":"Echo Form","floor":16},{"not_picked":["Ball Lightning+1","Hologram+1","Go for the Eyes"],"picked":"Conserve Battery+1","floor":18},{"not_picked":["Hologram+1","Ball Lightning","Beam Cell"],"picked":"Defragment+1","floor":19},{"not_picked":["Sweeping Beam","Compile Driver","Rebound+1"],"picked":"Hologram+1","floor":20},{"not_picked":["Hyperbeam","Darkness+1","Skim+1"],"picked":"Conserve Battery+1","floor":23},{"not_picked":["Steam+1","Compile Driver","Stack+1"],"picked":"Coolheaded+1","floor":25},{"not_picked":["Coolheaded+1","Leap+1","Hyperbeam"],"picked":"Consume+1","floor":27},{"not_picked":["Streamline","Steam+1","Compile Driver"],"picked":"Turbo+1","floor":30},{"not_picked":["Barrage+1","Loop+1","Go for the Eyes"],"picked":"Coolheaded+1","floor":31},{"not_picked":["Buffer","Core Surge","Meteor Strike"],"picked":"Creative AI","floor":33},{"not_picked":["Tempest+1","Recycle+1","Compile Driver+1"],"picked":"Beam Cell+1","floor":35},{"not_picked":["Rebound+1","Coolheaded+1","Cold Snap"],"picked":"Turbo+1","floor":38},{"not_picked":["Doom and Gloom+1","Sunder","Leap+1"],"picked":"Loop","floor":39},{"not_picked":["Go for the Eyes+1","Steam+1","Steam Power+1"],"picked":"Capacitor+1","floor":42},{"not_picked":["Streamline+1","Buffer+1","Hello World+1"],"picked":"BootSequence+1","floor":44},{"not_picked":["Sweeping Beam+1","Redo+1","Leap+1"],"picked":"Cold Snap+1","floor":48},{"not_picked":["Fission+1","Redo+1","Hologram+1"],"picked":"Coolheaded+1","floor":54}],"player_experience":154452,"relics_obtained":[{"floor":6,"key":"Happy Flower"},{"floor":6,"key":"Du-Vu Doll"},{"floor":8,"key":"Regal Pillow"},{"floor":8,"key":"Toxic Egg 2"},{"floor":9,"key":"Question Card"},{"floor":23,"key":"Tiny Chest"},{"floor":23,"key":"Blood Vial"},{"floor":25,"key":"Bottled Tornado"},{"floor":25,"key":"Matryoshka"},{"floor":26,"key":"Ancient Tea Set"},{"floor":26,"key":"Anchor"},{"floor":27,"key":"Pen Nib"},{"floor":27,"key":"Oddly Smooth Stone"},{"floor":41,"key":"Frozen Egg 2"},{"floor":42,"key":"Bronze Scales"},{"floor":42,"key":"The Courier"},{"floor":43,"key":"MawBank"},{"floor":44,"key":"Potion Belt"},{"floor":44,"key":"Bottled Flame"},{"floor":54,"key":"Gremlin Horn"},{"floor":54,"key":"Bottled Lightning"}],"event_choices":[{"damage_healed":0,"gold_gain":0,"player_choice":"Rummage","damage_taken":0,"relics_obtained":["WarpedTongs"],"max_hp_gain":0,"max_hp_loss":0,"event_name":"Accursed Blacksmith","floor":2,"gold_loss":0,"cards_obtained":["Pain"]},{"cards_removed":["Chaos"],"damage_healed":8,"gold_gain":0,"player_choice":"Offered Uncommon","damage_taken":0,"max_hp_gain":0,"max_hp_loss":0,"event_name":"Bonfire Elementals","floor":4,"gold_loss":0},{"damage_healed":0,"gold_gain":100,"player_choice":"Pray","damage_taken":0,"max_hp_gain":0,"max_hp_loss":0,"event_name":"Golden Shrine","floor":22,"gold_loss":0},{"cards_removed":["Conserve Battery"],"damage_healed":0,"gold_gain":0,"player_choice":"Removed Skill","damage_taken":0,"max_hp_gain":0,"max_hp_loss":0,"event_name":"Falling","floor":36,"gold_loss":0},{"damage_healed":0,"gold_gain":0,"player_choice":"Paid","damage_taken":0,"relics_obtained":["Red Mask"],"max_hp_gain":0,"max_hp_loss":0,"event_name":"Tomb of Lord Red Mask","floor":47,"gold_loss":34}],"is_beta":false,"boss_relics":[{"not_picked":["Busted Crown","Philosopher\u0027s Stone"],"picked":"Pandora\u0027s Box"},{"not_picked":["Coffee Dripper","Calling Bell"],"picked":"Inserter"}],"items_purged_floors":[5,12,28,46],"is_endless":false,"potions_floor_spawned":[8,10,11,13,14,16,19,31,33,35,38,48],"ascension_level":2}