{"gold_per_floor":[111,128,145,158,170,170,205,217,240,240,253,253,223,240,240,240],"floor_reached":16,"playtime":647,"items_purged":[],"score":201,"play_id":"7732ef22-8192-4b83-bbea-a846a3696b0e","local_time":"20190319182644","is_ascension_mode":true,"campfire_choices":[{"data":"Entrench","floor":6.0,"key":"SMITH"},{"data":"Immolate","floor":10.0,"key":"SMITH"},{"data":"Armaments","floor":15.0,"key":"SMITH"}],"neow_cost":"NONE","seed_source_timestamp":31152923682041,"circlet_count":0,"master_deck":["AscendersBane","Strike_R","Strike_R","Strike_R","Strike_R","Defend_R","Defend_R","Defend_R","Defend_R","Bash","Evolve","Clothesline","Entrench+1","Bloodletting","Iron Wave","Shrug It Off","Immolate+1","Armaments+1","Headbutt"],"special_seed":0,"relics":["Burning Blood","Meat on the Bone","Centennial Puzzle"],"potions_floor_usage":[16,16],"damage_taken":[{"damage":4.0,"enemies":"2 Louse","floor":1.0,"turns":3.0},{"damage":14.0,"enemies":"Jaw Worm","floor":2.0,"turns":4.0},{"damage":0.0,"enemies":"Cultist","floor":3.0,"turns":4.0},{"damage":14.0,"enemies":"Looter","floor":4.0,"turns":4.0},{"damage":16.0,"enemies":"2 Fungi Beasts","floor":5.0,"turns":4.0},{"damage":52.0,"enemies":"Gremlin Nob","floor":7.0,"turns":5.0},{"damage":0.0,"enemies":"Red Slaver","floor":8.0,"turns":5.0},{"damage":13.0,"enemies":"Blue Slaver","floor":11.0,"turns":2.0},{"damage":7.0,"enemies":"Gremlin Gang","floor":14.0,"turns":4.0},{"damage":47,"enemies":"The Guardian","floor":16,"turns":13}],"seed_played":"7876598629498658040","potions_obtained":[{"floor":3.0,"key":"Ancient Potion"},{"floor":4.0,"key":"SkillPotion"},{"floor":5.0,"key":"FearPotion"},{"floor":7.0,"key":"SkillPotion"},{"floor":8.0,"key":"EntropicBrew"}],"is_trial":false,"path_per_floor":["M","M","M","M","M","R","E","M","T","R","M","?","?","M","R","B"],"character_chosen":"IRONCLAD","items_purchased":[],"campfire_rested":0,"item_purchase_floors":[],"current_hp_per_floor":[77,69,75,67,57,57,11,29,29,29,34,34,34,45,45,0],"gold":240,"neow_bonus":"TEN_PERCENT_HP_BONUS","is_prod":false,"is_daily":false,"chose_seed":false,"campfire_upgraded":3,"win_rate":0,"timestamp":1552987604,"path_taken":["M","M","M","M","M","R","E","M","T","R","M","?","?","?","R","BOSS"],"build_version":"2019-01-23","purchased_purges":0,"victory":false,"max_hp_per_floor":[82,82,82,82,82,82,82,82,82,82,82,82,82,82,82,82],"card_choices":[{"not_picked":["Warcry","Heavy Blade"],"picked":"Evolve","floor":1.0},{"not_picked":["Bloodletting","Seeing Red"],"picked":"Clothesline","floor":2.0},{"not_picked":["Flex","Perfected Strike"],"picked":"Entrench","floor":3.0},{"not_picked":["Cleave","Twin Strike"],"picked":"Bloodletting","floor":4.0},{"not_picked":["Twin Strike","Pommel Strike"],"picked":"Iron Wave","floor":5.0},{"not_picked":["Sword Boomerang","Pommel Strike"],"picked":"Shrug It Off","floor":7.0},{"not_picked":["Heavy Blade","Shrug It Off"],"picked":"Immolate","floor":8.0},{"not_picked":["Twin Strike","Ghostly Armor"],"picked":"Armaments","floor":11.0},{"not_picked":["Sword Boomerang","Shrug It Off"],"picked":"Headbutt","floor":14.0}],"player_experience":362932,"relics_obtained":[{"floor":7.0,"key":"Meat on the Bone"},{"floor":9.0,"key":"Centennial Puzzle"}],"event_choices":[{"cards_removed":["Strike_R"],"damage_healed":0.0,"max_hp_gain":0.0,"max_hp_loss":0.0,"gold_gain":0.0,"event_name":"Living Wall","player_choice":"Forget","floor":12.0,"gold_loss":0.0,"damage_taken":0.0},{"damage_healed":0.0,"max_hp_gain":0.0,"max_hp_loss":0.0,"gold_gain":0.0,"event_name":"The Woman in Blue","player_choice":"Bought 2 Potions","floor":13.0,"gold_loss":0.0,"damage_taken":0.0}],"is_beta":false,"boss_relics":[],"items_purged_floors":[],"is_endless":false,"potions_floor_spawned":[3,4,5,7,8],"killed_by":"The Guardian","ascension_level":18}