{"gold_per_floor":[114,189,208,225,17,46,46,46,72,100,100,113,33,33,33,130,130,142,157,72,86,105,162,162,162,162,162,172,172,172,206,206,301,301,321,340,615,615,1614,1614,1626,1626,1626,1644,1658,1658,778,778,778,778],"floor_reached":51,"playtime":4822,"items_purged":["Normality"],"score":1058,"play_id":"7e05afe3-3d05-4487-942f-fc9a0b5fa7b7","local_time":"20190320161917","is_ascension_mode":true,"campfire_choices":[{"data":"Blade Dance","floor":8.0,"key":"SMITH"},{"floor":11.0,"key":"REST"},{"data":"Neutralize","floor":15.0,"key":"SMITH"},{"data":"Accuracy","floor":24.0,"key":"SMITH"},{"data":"Bullet Time","floor":27.0,"key":"SMITH"},{"data":"J.A.X.","floor":32.0,"key":"SMITH"},{"data":"Accuracy","floor":40.0,"key":"SMITH"},{"floor":46.0,"key":"REST"},{"data":"Footwork","floor":49.0,"key":"SMITH"}],"neow_cost":"NONE","seed_source_timestamp":0,"circlet_count":0,"master_deck":["Defend_G","Defend_G","Defend_G","Defend_G","Defend_G","Survivor","Neutralize+1","Infinite Blades","All Out Attack","Flying Knee","Blade Dance+1","Bouncing Flask","Backflip","Well Laid Plans","Bullet Time+1","Parasite","Clumsy","Parasite","Finisher","Cloak And Dagger","Accuracy+1","Cloak And Dagger","Escape Plan","Deflect+1","Bite","Bite","Bite","Bite","Bite","Crippling Poison+1","J.A.X.+1","Deflect","Dodge and Roll+1","Accuracy+1","Regret","Normality","Cloak And Dagger+1","Acrobatics","Backstab","Footwork+1","Trip","Transmutation"],"special_seed":0,"relics":["Ring of the Snake","Vajra","Sling","Art of War","Darkstone Periapt","Bronze Scales","Dead Branch","GremlinMask","Calling Bell","Lantern","Ninja Scroll","Gambling Chip","Tiny Chest","Juzu Bracelet","Strawberry","Dodecahedron","HoveringKite","Anchor","Mummified Hand"],"potions_floor_usage":[50,50],"damage_taken":[{"damage":4.0,"enemies":"Jaw Worm","floor":1.0,"turns":3.0},{"damage":4.0,"enemies":"Small Slimes","floor":3.0,"turns":4.0},{"damage":1.0,"enemies":"2 Louse","floor":4.0,"turns":3.0},{"damage":0.0,"enemies":"3 Sentries","floor":6.0,"turns":3.0},{"damage":18.0,"enemies":"Gremlin Nob","floor":10.0,"turns":3.0},{"damage":6.0,"enemies":"Lots of Slimes","floor":12.0,"turns":2.0},{"damage":0.0,"enemies":"Slime Boss","floor":16.0,"turns":7.0},{"damage":6.0,"enemies":"2 Thieves","floor":18.0,"turns":3.0},{"damage":1.0,"enemies":"3 Byrds","floor":19.0,"turns":4.0},{"damage":0.0,"enemies":"3 Cultists","floor":21.0,"turns":4.0},{"damage":20.0,"enemies":"Snake Plant","floor":22.0,"turns":3.0},{"damage":4.0,"enemies":"Slavers","floor":23.0,"turns":4.0},{"damage":0.0,"enemies":"Cultist and Chosen","floor":28.0,"turns":3.0},{"damage":3.0,"enemies":"Book of Stabbing","floor":31.0,"turns":3.0},{"damage":36.0,"enemies":"Automaton","floor":33.0,"turns":9.0},{"damage":9.0,"enemies":"Orb Walker","floor":35.0,"turns":3.0},{"damage":0.0,"enemies":"3 Shapes","floor":36.0,"turns":5.0},{"damage":56.0,"enemies":"Transient","floor":41.0,"turns":5.0},{"damage":3.0,"enemies":"3 Darklings","floor":44.0,"turns":5.0},{"damage":21.0,"enemies":"Spire Growth","floor":45.0,"turns":4.0},{"damage":73,"enemies":"Time Eater","floor":50,"turns":11}],"seed_played":"-7730186738848765420","potions_obtained":[{"floor":3.0,"key":"AttackPotion"},{"floor":10.0,"key":"EssenceOfSteel"},{"floor":12.0,"key":"LiquidBronze"},{"floor":19.0,"key":"Regen Potion"},{"floor":21.0,"key":"Fire Potion"},{"floor":33.0,"key":"Swift Potion"},{"floor":41.0,"key":"EssenceOfSteel"},{"floor":44.0,"key":"AttackPotion"}],"is_trial":false,"path_per_floor":["M","?","M","M","$","E","?","R","T","E","R","M","$","?","R","B",null,"M","M","$","M","M","E","R","?","T","R","M","?","?","E","R","B",null,"M","M","?","?","?","R","M","?","T","M","M","R","$","?","R","B",null],"character_chosen":"THE_SILENT","items_purchased":["Sling","Well Laid Plans","Accuracy","Cloak And Dagger","Footwork","Mummified Hand","Trip","LiquidBronze","LiquidBronze","Energy Potion","Transmutation"],"campfire_rested":2,"item_purchase_floors":[5,13,20,20,47,47,47,47,47,47,47],"current_hp_per_floor":[66,55,51,50,50,50,50,50,50,32,53,47,47,47,47,47,88,82,81,81,81,66,62,62,61,61,61,61,68,68,67,67,44,68,61,67,73,73,85,85,33,33,33,34,15,40,40,75,75,2],"gold":778,"neow_bonus":"RANDOM_COMMON_RELIC","is_prod":false,"is_daily":false,"chose_seed":false,"campfire_upgraded":7,"win_rate":0,"timestamp":1553095157,"path_taken":["M","?","M","M","$","E","?","R","T","E","R","M","?","?","R","BOSS","M","M","$","?","?","E","R","?","T","R","M","?","?","E","R","BOSS","M","M","?","?","?","R","M","?","T","M","M","R","$","?","R","BOSS"],"build_version":"2019-01-23","purchased_purges":1,"victory":true,"max_hp_per_floor":[70,70,70,70,70,70,70,70,70,70,70,70,70,70,70,70,88,88,88,88,88,88,88,88,61,61,61,61,68,68,68,68,68,68,68,68,74,74,86,86,86,86,86,86,86,86,86,75,75,75],"card_choices":[{"not_picked":["Deadly Poison","Flechettes"],"picked":"Infinite Blades","floor":1.0},{"not_picked":["Dagger Throw","Dodge and Roll"],"picked":"All Out Attack","floor":3.0},{"not_picked":["Dagger Spray","Concentrate"],"picked":"Flying Knee","floor":4.0},{"not_picked":["Deadly Poison","Deflect"],"picked":"Blade Dance","floor":6.0},{"not_picked":["Poisoned Stab","Slice"],"picked":"Bouncing Flask","floor":10.0},{"not_picked":["Flying Knee","Caltrops"],"picked":"Backflip","floor":12.0},{"not_picked":["Glass Knife","A Thousand Cuts"],"picked":"Bullet Time","floor":16.0},{"not_picked":["Reflex","Flying Knee"],"picked":"Finisher","floor":18.0},{"not_picked":["PiercingWail","Bane"],"picked":"Cloak And Dagger","floor":19.0},{"not_picked":["Eviscerate","Dagger Spray"],"picked":"Escape Plan","floor":21.0},{"not_picked":["Cloak And Dagger","Bane"],"picked":"Deflect+1","floor":22.0},{"not_picked":["Wraith Form v2","Skewer","Dodge and Roll"],"picked":"SKIP","floor":23.0},{"not_picked":["Cloak And Dagger+1","Skewer+1"],"picked":"Crippling Poison+1","floor":28.0},{"not_picked":["Quick Slash","Bane"],"picked":"Deflect","floor":31.0},{"not_picked":["Bullet Time","Wraith Form v2"],"picked":"Die Die Die","floor":33.0},{"not_picked":["Accuracy","Blade Dance"],"picked":"Dodge and Roll+1","floor":35.0},{"not_picked":["Masterful Stab+1","Cloak And Dagger+1"],"picked":"Accuracy","floor":36.0},{"not_picked":["Dagger Throw","Backflip+1"],"picked":"Cloak And Dagger+1","floor":41.0},{"not_picked":["Accuracy","Blur"],"picked":"Acrobatics","floor":44.0},{"not_picked":["Deadly Poison+1","Cloak And Dagger+1"],"picked":"Backstab","floor":45.0}],"player_experience":394321,"relics_obtained":[{"floor":6.0,"key":"Art of War"},{"floor":9.0,"key":"Bronze Scales"},{"floor":10.0,"key":"Dead Branch"},{"floor":17.0,"key":"Lantern"},{"floor":17.0,"key":"Ninja Scroll"},{"floor":17.0,"key":"Gambling Chip"},{"floor":23.0,"key":"Tiny Chest"},{"floor":26.0,"key":"Juzu Bracelet"},{"floor":31.0,"key":"Dodecahedron"},{"floor":43.0,"key":"Anchor"}],"event_choices":[{"damage_healed":0.0,"max_hp_gain":0.0,"max_hp_loss":0.0,"gold_gain":75.0,"event_name":"World of Goop","player_choice":"Gather Gold","floor":2.0,"gold_loss":0.0,"damage_taken":11.0},{"damage_healed":0.0,"max_hp_gain":0.0,"max_hp_loss":0.0,"gold_gain":0.0,"event_name":"Dead Adventurer","player_choice":"Searched \u00271\u0027 times","floor":7.0,"gold_loss":0.0,"damage_taken":0.0,"relics_obtained":["Darkstone Periapt"]},{"damage_healed":0.0,"max_hp_gain":0.0,"max_hp_loss":0.0,"gold_gain":0.0,"event_name":"FaceTrader","player_choice":"Trade","floor":14.0,"gold_loss":0.0,"damage_taken":0.0,"relics_obtained":["GremlinMask"]},{"damage_healed":0.0,"max_hp_gain":0.0,"max_hp_loss":27.0,"gold_gain":0.0,"event_name":"Vampires","player_choice":"Became a vampire","floor":25.0,"gold_loss":0.0,"damage_taken":0.0,"cards_obtained":["Bite","Bite","Bite","Bite","Bite"]},{"damage_healed":0.0,"max_hp_gain":0.0,"max_hp_loss":0.0,"gold_gain":0.0,"event_name":"The Mausoleum","player_choice":"Opened","floor":29.0,"gold_loss":0.0,"damage_taken":0.0,"relics_obtained":["Strawberry"]},{"damage_healed":0.0,"max_hp_gain":0.0,"max_hp_loss":0.0,"gold_gain":0.0,"event_name":"Drug Dealer","player_choice":"Obtain J.A.X.","floor":30.0,"gold_loss":0.0,"damage_taken":0.0,"cards_obtained":["J.A.X."]},{"damage_healed":0.0,"max_hp_gain":0.0,"max_hp_loss":0.0,"gold_gain":275.0,"event_name":"Golden Shrine","player_choice":"Desecrate","floor":37.0,"gold_loss":0.0,"damage_taken":0.0,"cards_obtained":["Regret"]},{"damage_healed":0.0,"max_hp_gain":0.0,"max_hp_loss":0.0,"gold_gain":0.0,"event_name":"Tomb of Lord Red Mask","player_choice":"Ignored","floor":38.0,"gold_loss":0.0,"damage_taken":0.0},{"damage_healed":0.0,"max_hp_gain":0.0,"max_hp_loss":0.0,"gold_gain":999.0,"event_name":"MindBloom","player_choice":"Gold","floor":39.0,"gold_loss":0.0,"damage_taken":0.0,"cards_obtained":["Normality","Normality"]},{"cards_removed":["Die Die Die"],"damage_healed":0.0,"max_hp_gain":0.0,"max_hp_loss":0.0,"gold_gain":0.0,"event_name":"Falling","player_choice":"Removed Attack","floor":42.0,"gold_loss":0.0,"damage_taken":0.0},{"damage_healed":75.0,"max_hp_gain":0.0,"max_hp_loss":11.0,"gold_gain":0.0,"event_name":"The Moai Head","player_choice":"Heal","floor":48.0,"gold_loss":0.0,"damage_taken":0.0}],"is_beta":false,"boss_relics":[{"not_picked":["Runic Dome","Orrery"],"picked":"Calling Bell"},{"not_picked":["Philosopher\u0027s Stone","Astrolabe"],"picked":"HoveringKite"}],"items_purged_floors":[47],"is_endless":false,"potions_floor_spawned":[3,10,12,19,21,33,41,44],"ascension_level":3}