{"gold_per_floor":[119,134,151,166,91,91,121,138,188,205,205,231,231,296,296,296],"floor_reached":16,"playtime":507,"items_purged":[],"score":224,"play_id":"39958f5a-de75-45e6-9d08-347d9d0c86f8","local_time":"20190225014349","is_ascension_mode":true,"campfire_choices":[{"data":"Flechettes","floor":6,"key":"SMITH"},{"data":"Quick Slash","floor":13,"key":"SMITH"},{"floor":15,"key":"REST"}],"neow_cost":"NONE","seed_source_timestamp":905399089170300,"circlet_count":0,"master_deck":["AscendersBane","Defend_G","Defend_G","Defend_G","Defend_G","Strike_G","Strike_G","Strike_G","Strike_G","Strike_G","Survivor","Neutralize","Quick Slash+1","Cloak And Dagger","Flechettes+1","Backflip","Flying Knee","Poisoned Stab","PiercingWail","Well Laid Plans"],"relics":["Ring of the Snake","Smiling Mask","Mercury Hourglass","Tiny Chest"],"potions_floor_usage":[12,14],"damage_taken":[{"damage":2,"enemies":"Jaw Worm","floor":1,"turns":8},{"damage":0,"enemies":"Small Slimes","floor":2,"turns":5},{"damage":0,"enemies":"Cultist","floor":3,"turns":4},{"damage":9,"enemies":"Red Slaver","floor":4,"turns":5},{"damage":0,"enemies":"2 Fungi Beasts","floor":8,"turns":3},{"damage":0,"enemies":"Looter","floor":10,"turns":4},{"damage":20,"enemies":"3 Sentries","floor":12,"turns":7},{"damage":28,"enemies":"Lagavulin","floor":14,"turns":6},{"damage":38,"enemies":"Slime Boss","floor":16,"turns":7}],"seed_played":"-7293295773777494097","potions_obtained":[{"floor":3,"key":"Fire Potion"},{"floor":8,"key":"LiquidBronze"},{"floor":12,"key":"Block Potion"}],"is_trial":false,"path_per_floor":["M","M","M","M","?","R","?","M","T","M","?","E","R","E","R","B"],"character_chosen":"THE_SILENT","items_purchased":[],"campfire_rested":1,"item_purchase_floors":[],"current_hp_per_floor":[63,63,63,54,54,54,54,54,54,54,54,34,34,6,27,0],"gold":296,"neow_bonus":"TEN_PERCENT_HP_BONUS","is_prod":false,"is_daily":false,"chose_seed":false,"campfire_upgraded":2,"win_rate":0,"timestamp":1551026629,"path_taken":["M","M","M","M","?","R","?","M","T","M","?","E","R","E","R","BOSS"],"build_version":"2019-01-23","purchased_purges":0,"victory":false,"max_hp_per_floor":[72,72,72,72,72,72,72,72,72,72,72,72,72,72,72,72],"card_choices":[{"not_picked":["Flying Knee","Bouncing Flask"],"picked":"Quick Slash","floor":1},{"not_picked":["Acrobatics","Deflect"],"picked":"Cloak And Dagger","floor":2},{"not_picked":["Reflex","Prepared"],"picked":"Flechettes","floor":3},{"not_picked":["Cloak And Dagger","Dagger Spray"],"picked":"Backflip","floor":4},{"not_picked":["Slice","Bane"],"picked":"Flying Knee","floor":8},{"not_picked":["Dodge and Roll","Cloak And Dagger"],"picked":"Poisoned Stab","floor":10},{"not_picked":["Choke","Malaise"],"picked":"PiercingWail","floor":12},{"not_picked":["Deadly Poison","Cloak And Dagger"],"picked":"Well Laid Plans","floor":14}],"player_experience":4395874,"relics_obtained":[{"floor":9,"key":"Smiling Mask"},{"floor":12,"key":"Mercury Hourglass"},{"floor":14,"key":"Tiny Chest"}],"event_choices":[{"cards_removed":["Defend_G"],"damage_healed":0,"gold_gain":0,"player_choice":"Card Removal","damage_taken":0,"max_hp_gain":0,"max_hp_loss":0,"event_name":"The Cleric","floor":5,"gold_loss":75},{"damage_healed":0,"gold_gain":30,"player_choice":"Searched \u00271\u0027 times","damage_taken":0,"max_hp_gain":0,"max_hp_loss":0,"event_name":"Dead Adventurer","floor":7,"gold_loss":0},{"damage_healed":0,"gold_gain":0,"player_choice":"Ignored","damage_taken":0,"max_hp_gain":0,"max_hp_loss":0,"event_name":"Liars Game","floor":11,"gold_loss":0}],"is_beta":false,"boss_relics":[],"items_purged_floors":[],"is_endless":false,"potions_floor_spawned":[3,8,12],"killed_by":"Slime Boss","ascension_level":20}