{"gold_per_floor":[119,135,146,146,25,41,41,57,83,83,83,158,2,34,54,54,154,154,167,167,167,186,203,203,230,230,284,284,284,284,300,354,71,71,175,175,187,201,1200,1200,1200,1200,1218,1244,1268,1268,1268,1268,588,588,621,621,621,621,621,43,74,74],"floor_reached":59,"playtime":1982,"items_purged":["Fire Breathing","Iron Wave+1"],"score":1281,"play_id":"e0f854d1-ffb6-478f-8487-d8528acb91a2","local_time":"20190304022316","is_ascension_mode":false,"campfire_choices":[{"data":"Armaments","floor":7,"key":"SMITH"},{"data":"Evolve","floor":16,"key":"SMITH"},{"floor":24,"key":"RECALL"},{"data":"Disarm","floor":26,"key":"SMITH"},{"data":"Spot Weakness","floor":30,"key":"SMITH"},{"data":"Power Through","floor":34,"key":"SMITH"},{"data":"Evolve","floor":42,"key":"SMITH"},{"data":"Bludgeon","floor":48,"key":"SMITH"},{"data":"Chrysalis","floor":52,"key":"SMITH"},{"data":"Impervious","floor":55,"key":"SMITH"}],"neow_cost":"NONE","seed_source_timestamp":1511077657059900,"circlet_count":0,"master_deck":["Second Wind","Seeing Red","Evolve+1","Twin Strike","Wild Strike","Perfected Strike","Perfected Strike","Perfected Strike","Armaments+1","Perfected Strike","Perfected Strike","Disarm+1","Twin Strike","Wild Strike","Reaper","Corruption","Perfected Strike","Shrug It Off","Evolve+1","Perfected Strike+1","Pommel Strike","True Grit","Power Through+1","Bludgeon+1","Impervious+1","Barricade","Body Slam+1","Evolve+1","Pommel Strike+1","Pommel Strike+1","Chrysalis+1","Battle Trance+1","Apotheosis","Uppercut","True Grit","Carnage+1","Barricade","Battle Trance"],"relics":["Snecko Eye","Strawberry","Omamori","Bronze Scales","Orrery","Self Forming Clay","Art of War","Lantern","Astrolabe","Anchor","PreservedInsect","Blood Vial","Red Skull","Ginger","Strange Spoon","Centennial Puzzle","Shuriken"],"potions_floor_usage":[57,58,58],"damage_taken":[{"damage":0,"enemies":"Small Slimes","floor":1,"turns":2},{"damage":0,"enemies":"Cultist","floor":2,"turns":2},{"damage":1,"enemies":"Jaw Worm","floor":3,"turns":2},{"damage":0,"enemies":"2 Fungi Beasts","floor":6,"turns":2},{"damage":0,"enemies":"Exordium Wildlife","floor":8,"turns":1},{"damage":4,"enemies":"3 Sentries","floor":14,"turns":3},{"damage":2,"enemies":"Exordium Thugs","floor":15,"turns":3},{"damage":17,"enemies":"The Guardian","floor":17,"turns":4},{"damage":0,"enemies":"Shell Parasite","floor":19,"turns":2},{"damage":5,"enemies":"Chosen","floor":22,"turns":2},{"damage":8,"enemies":"Centurion and Healer","floor":23,"turns":4},{"damage":25,"enemies":"Gremlin Leader","floor":25,"turns":5},{"damage":0,"enemies":"Snecko","floor":31,"turns":2},{"damage":22,"enemies":"Automaton","floor":35,"turns":4},{"damage":14,"enemies":"3 Shapes","floor":37,"turns":3},{"damage":12,"enemies":"Orb Walker","floor":38,"turns":2},{"damage":0,"enemies":"4 Shapes","floor":43,"turns":3},{"damage":3,"enemies":"Nemesis","floor":51,"turns":3},{"damage":19,"enemies":"Time Eater","floor":53,"turns":8},{"damage":39,"enemies":"Shield and Spear","floor":57,"turns":6},{"damage":71,"enemies":"The Heart","floor":58,"turns":9}],"seed_played":"-5623252079126759459","potions_obtained":[{"floor":1,"key":"AttackPotion"},{"floor":2,"key":"PowerPotion"},{"floor":17,"key":"PowerPotion"},{"floor":25,"key":"GamblersBrew"},{"floor":29,"key":"Regen Potion"},{"floor":29,"key":"Regen Potion"},{"floor":29,"key":"FearPotion"}],"is_trial":false,"path_per_floor":["M","M","M","?","$","M","R","M","T","T","?","?","$","E","M","R","B",null,"M","?","?","M","M","R","E","R","T","T","?","R","M","T","$","R","B",null,"M","M","?","?","?","R","M","T","T","T","?","R","$","?","E","R","B",null,"R","$","E","B",null],"character_chosen":"IRONCLAD","items_purchased":["Perfected Strike","Omamori","Power Through","Bludgeon","Impervious","Apotheosis","Uppercut","True Grit","Blood Vial","Red Skull","Strange Spoon","Centennial Puzzle","Barricade","Battle Trance"],"campfire_rested":0,"item_purchase_floors":[5,13,33,33,33,49,49,49,49,49,56,56,56,56],"current_hp_per_floor":[80,80,79,86,86,86,86,86,86,86,86,75,75,71,69,69,52,87,87,87,87,82,81,81,56,56,56,56,56,56,60,60,60,60,50,87,79,67,67,67,67,67,67,67,67,67,67,67,67,67,70,70,60,83,83,83,50,49],"gold":74,"neow_bonus":"BOSS_RELIC","is_prod":false,"is_daily":false,"chose_seed":false,"campfire_upgraded":9,"win_rate":0,"timestamp":1551633796,"path_taken":["M","M","M","?","$","?","R","M","T","?","?","$","E","M","R","BOSS","M","?","?","?","M","R","E","R","T","?","R","?","?","?","R","BOSS","M","M","?","?","?","R","M","?","T","?","R","$","?","E","R","BOSS","R","$","E","BOSS"],"build_version":"2019-01-23","purchased_purges":2,"victory":true,"max_hp_per_floor":[80,80,80,87,87,87,87,87,87,87,87,87,87,87,87,87,87,87,87,87,87,87,87,87,87,87,87,87,87,87,87,87,87,87,87,87,87,87,87,87,87,87,87,87,87,87,83,83,83,83,83,83,83,83,83,83,83,83],"card_choices":[{"not_picked":["Sever Soul","Sword Boomerang"],"picked":"Havoc","floor":1},{"not_picked":["Rupture","Hemokinesis"],"picked":"Armaments","floor":2},{"not_picked":["Shockwave","Spot Weakness"],"picked":"Fire Breathing","floor":3},{"not_picked":["Iron Wave","Shrug It Off"],"picked":"Perfected Strike","floor":6},{"not_picked":["Carnage","Iron Wave"],"picked":"Disarm","floor":8},{"not_picked":["Armaments","Iron Wave"],"picked":"Twin Strike","floor":14},{"not_picked":["Dual Wield","Dark Embrace"],"picked":"Wild Strike","floor":15},{"not_picked":["Demon Form","Barricade"],"picked":"Reaper","floor":17},{"not_picked":["Blood for Blood","Body Slam"],"picked":"Inflame","floor":18},{"not_picked":["Clash","Clothesline"],"picked":"Corruption","floor":18},{"not_picked":["Evolve","Rupture"],"picked":"Perfected Strike","floor":18},{"not_picked":["Whirlwind","Warcry"],"picked":"Rampage","floor":18},{"not_picked":["Combust","Clash"],"picked":"Shrug It Off","floor":18},{"not_picked":["Headbutt+1","Thunderclap+1"],"picked":"Flex","floor":19},{"not_picked":["Searing Blow","Reckless Charge"],"picked":"Spot Weakness","floor":22},{"not_picked":["Flame Barrier","Body Slam"],"picked":"Perfected Strike+1","floor":23},{"not_picked":["Rampage","Warcry"],"picked":"Pommel Strike","floor":25},{"not_picked":["Blood for Blood","Dropkick"],"picked":"True Grit","floor":31},{"not_picked":["Exhume","Fiend Fire"],"picked":"Barricade","floor":35},{"not_picked":["Sword Boomerang","Pummel+1"],"picked":"Pommel Strike+1","floor":37},{"not_picked":["Anger+1","Searing Blow"],"picked":"Pommel Strike+1","floor":38},{"not_picked":["Forethought","Finesse"],"picked":"Chrysalis","floor":40},{"not_picked":["Warcry+1","Armaments+1"],"picked":"Battle Trance+1","floor":43},{"not_picked":["Flex+1","Clothesline+1"],"picked":"Carnage+1","floor":51}],"player_experience":4459407,"relics_obtained":[{"floor":14,"key":"Bronze Scales"},{"floor":25,"key":"Self Forming Clay"},{"floor":27,"key":"Art of War"},{"floor":32,"key":"Lantern"},{"floor":44,"key":"Anchor"},{"floor":45,"key":"PreservedInsect"},{"floor":51,"key":"Ginger"},{"floor":57,"key":"Shuriken"}],"event_choices":[{"cards_removed":["Havoc"],"damage_healed":0,"gold_gain":0,"player_choice":"Gave Card","damage_taken":0,"relics_obtained":["Strawberry"],"max_hp_gain":0,"max_hp_loss":0,"event_name":"WeMeetAgain","floor":4,"gold_loss":0},{"damage_healed":0,"gold_gain":0,"player_choice":"Ignored","damage_taken":0,"max_hp_gain":0,"max_hp_loss":0,"event_name":"Liars Game","floor":11,"gold_loss":0},{"damage_healed":0,"gold_gain":75,"player_choice":"Gather Gold","damage_taken":11,"max_hp_gain":0,"max_hp_loss":0,"event_name":"World of Goop","floor":12,"gold_loss":0},{"cards_removed":["Rampage"],"damage_healed":0,"gold_gain":0,"player_choice":"Elegance","damage_taken":0,"max_hp_gain":0,"max_hp_loss":0,"event_name":"Back to Basics","floor":20,"gold_loss":0},{"damage_healed":0,"gold_gain":0,"cards_transformed":["Bloodletting"],"player_choice":"Transformed","damage_taken":0,"max_hp_gain":0,"max_hp_loss":0,"event_name":"Transmorgrifier","floor":21,"gold_loss":0,"cards_obtained":["Evolve"]},{"damage_healed":0,"gold_gain":0,"player_choice":"Got Potions","damage_taken":0,"max_hp_gain":0,"max_hp_loss":0,"event_name":"Lab","floor":29,"gold_loss":0},{"damage_healed":0,"gold_gain":999,"player_choice":"Gold","damage_taken":0,"max_hp_gain":0,"max_hp_loss":0,"event_name":"MindBloom","floor":39,"gold_loss":0,"cards_obtained":["Normality","Normality"]},{"damage_healed":0,"gold_gain":0,"player_choice":"Memory 1","damage_taken":0,"max_hp_gain":0,"max_hp_loss":0,"event_name":"SensoryStone","floor":40,"gold_loss":0},{"damage_healed":0,"gold_gain":0,"player_choice":"Ignored","damage_taken":0,"max_hp_gain":0,"max_hp_loss":0,"event_name":"Tomb of Lord Red Mask","floor":41,"gold_loss":0},{"damage_healed":0,"gold_gain":0,"player_choice":"Max HP","damage_taken":0,"max_hp_gain":0,"max_hp_loss":4,"event_name":"Winding Halls","floor":47,"gold_loss":0},{"cards_removed":["Spot Weakness"],"damage_healed":0,"gold_gain":0,"player_choice":"Purged","damage_taken":0,"max_hp_gain":0,"max_hp_loss":0,"event_name":"Purifier","floor":50,"gold_loss":0}],"is_beta":false,"boss_relics":[{"not_picked":["Fusion Hammer","Runic Dome"],"picked":"Orrery"},{"not_picked":["Runic Pyramid","White Beast Statue"],"picked":"Astrolabe"}],"items_purged_floors":[5,49],"is_endless":false,"potions_floor_spawned":[1,2,17,19,25,37,38],"ascension_level":0}