{"gold_per_floor":[117,117,117,130,150,150,205,205,230,273,293,293,293,311,311,410,410,430,267,267,167,87,87,87],"floor_reached":24,"playtime":881,"items_purged":["Strike_B","Defend_B"],"score":365,"play_id":"71b3a79b-99e2-4909-a7b3-6464be35979d","local_time":"20190316221522","is_ascension_mode":true,"campfire_choices":[{"floor":6.0,"key":"REST"},{"floor":8.0,"key":"REST"},{"floor":13.0,"key":"REST"},{"floor":15.0,"key":"REST"},{"floor":23,"key":"REST"}],"neow_cost":"PERCENT_DAMAGE","seed_source_timestamp":126248697728898,"circlet_count":0,"master_deck":["AscendersBane","Defend_B","Defend_B","Defend_B","Zap","Dualcast","FTL","Glacier","Gash","Creative AI","Buffer","Capacitor","Hologram"],"special_seed":0,"relics":["Cracked Core","Golden Idol","Bronze Scales","Mummified Hand","Black Star","Nloth\u0027s Gift"],"potions_floor_usage":[16,18,24],"damage_taken":[{"damage":15.0,"enemies":"Small Slimes","floor":1.0,"turns":4.0},{"damage":0.0,"enemies":"Cultist","floor":4.0,"turns":2.0},{"damage":2.0,"enemies":"Jaw Worm","floor":5.0,"turns":4.0},{"damage":35.0,"enemies":"3 Sentries","floor":10.0,"turns":8.0},{"damage":5.0,"enemies":"3 Louse","floor":11.0,"turns":4.0},{"damage":2.0,"enemies":"2 Fungi Beasts","floor":14.0,"turns":4.0},{"damage":10,"enemies":"Slime Boss","floor":16,"turns":7},{"damage":15,"enemies":"Shell Parasite","floor":18,"turns":11},{"damage":17,"enemies":"2 Thieves","floor":22,"turns":4},{"damage":57,"enemies":"Slavers","floor":24,"turns":3}],"seed_played":"-3147219055263156438","potions_obtained":[{"floor":1.0,"key":"EntropicBrew"},{"floor":5.0,"key":"AttackPotion"},{"floor":10.0,"key":"SkillPotion"},{"floor":18,"key":"Ancient Potion"}],"is_trial":false,"path_per_floor":["M","?","?","M","M","R","T","R","T","E","M","?","R","M","R","B",null,"M","$","?","$","M","R","E"],"character_chosen":"DEFECT","items_purchased":["Capacitor"],"campfire_rested":5,"item_purchase_floors":[19],"current_hp_per_floor":[31,31,27,27,25,44,44,63,63,29,26,19,38,38,57,49,60,47,47,47,47,30,49,0],"gold":87,"neow_bonus":"REMOVE_TWO","is_prod":false,"is_daily":false,"chose_seed":false,"campfire_upgraded":0,"win_rate":0,"timestamp":1552788922,"path_taken":["M","?","?","M","?","R","?","R","T","E","M","?","R","M","R","BOSS","M","$","?","$","M","R","E"],"build_version":"2019-01-23","purchased_purges":2,"victory":false,"max_hp_per_floor":[71,64,64,64,64,64,64,64,64,64,64,64,64,64,64,64,64,64,64,64,64,64,64,64],"card_choices":[{"not_picked":["Auto Shields","Barrage"],"picked":"FTL","floor":1.0},{"not_picked":["Conserve Battery","Streamline","Redo"],"picked":"SKIP","floor":4.0},{"not_picked":["Storm","Heatsinks","Consume"],"picked":"SKIP","floor":5.0},{"not_picked":["Steam","Darkness"],"picked":"Glacier","floor":10.0},{"not_picked":["Rebound","Conserve Battery"],"picked":"Gash","floor":11.0},{"not_picked":["Sweeping Beam","Tempest"],"picked":"Creative AI","floor":14.0},{"not_picked":["Seek","Machine Learning"],"picked":"Buffer","floor":16},{"not_picked":["White Noise","Stack","Tempest"],"picked":"SKIP","floor":18},{"not_picked":["Reprogram","Blizzard"],"picked":"Hologram","floor":22}],"player_experience":544468,"relics_obtained":[{"floor":7.0,"key":"Blood Vial"},{"floor":9.0,"key":"Bronze Scales"},{"floor":10.0,"key":"Mummified Hand"}],"event_choices":[{"damage_healed":0.0,"max_hp_gain":0.0,"max_hp_loss":7.0,"gold_gain":0.0,"event_name":"Golden Idol","player_choice":"Lose Max HP","floor":2.0,"gold_loss":0.0,"damage_taken":0.0,"relics_obtained":["Golden Idol"]},{"damage_healed":0.0,"max_hp_gain":0.0,"max_hp_loss":0.0,"gold_gain":0.0,"event_name":"The Woman in Blue","player_choice":"Bought 0 Potions","floor":3.0,"gold_loss":0.0,"damage_taken":0.0},{"cards_removed":["Strike_B"],"damage_healed":0.0,"max_hp_gain":0.0,"max_hp_loss":0.0,"gold_gain":0.0,"event_name":"Golden Wing","player_choice":"Card Removal","floor":12.0,"gold_loss":0.0,"damage_taken":7.0},{"damage_healed":0,"gold_gain":0,"player_choice":"Traded Relic","damage_taken":0,"relics_obtained":["Nloth\u0027s Gift"],"max_hp_gain":0,"max_hp_loss":0,"event_name":"N\u0027loth","floor":20,"relics_lost":["Blood Vial"],"gold_loss":0}],"is_beta":false,"boss_relics":[{"not_picked":["Sozu","FrozenCore"],"picked":"Black Star"}],"items_purged_floors":[19,21],"is_endless":false,"potions_floor_spawned":[1,5,10,14,18],"killed_by":"Slavers","ascension_level":18}