{"gold_per_floor":[118,118,118,118,136,136,153,179,204,219,43,43,59,78,78,78],"floor_reached":16,"playtime":818,"items_purged":["Strike_R"],"score":148,"play_id":"3dda8bef-2d8b-4f0a-8645-cb46a7279f10","local_time":"20190304222740","is_ascension_mode":true,"campfire_choices":[{"data":"Armaments","floor":12,"key":"SMITH"},{"floor":15,"key":"REST"}],"neow_cost":"NONE","seed_source_timestamp":90150143486004,"circlet_count":0,"master_deck":["Strike_R+1","Strike_R","Strike_R","Strike_R","Defend_R","Defend_R","Defend_R+1","Defend_R","Bash","Second Wind+1","Armaments+1","Heavy Blade","Brutality","Warcry+1","Shrug It Off+1","Feel No Pain","Warcry+1","Seeing Red+1"],"relics":["Burning Blood","NeowsBlessing","Pen Nib","Toxic Egg 2","PreservedInsect"],"potions_floor_usage":[10,16,16,16],"damage_taken":[{"damage":0,"enemies":"Jaw Worm","floor":1,"turns":1},{"damage":0,"enemies":"2 Louse","floor":5,"turns":1},{"damage":0,"enemies":"Cultist","floor":7,"turns":1},{"damage":32,"enemies":"Gremlin Nob","floor":8,"turns":4},{"damage":6,"enemies":"Looter","floor":10,"turns":4},{"damage":8,"enemies":"Blue Slaver","floor":13,"turns":4},{"damage":30,"enemies":"Lots of Slimes","floor":14,"turns":8},{"damage":60,"enemies":"The Guardian","floor":16,"turns":14}],"seed_played":"8818965915582733507","potions_obtained":[{"floor":7,"key":"BloodPotion"},{"floor":10,"key":"Block Potion"},{"floor":13,"key":"Energy Potion"},{"floor":14,"key":"Fire Potion"}],"is_trial":false,"path_per_floor":["M","?","?","?","M","?","M","E","T","M","$","R","M","M","R","B"],"character_chosen":"IRONCLAD","items_purchased":["Shrug It Off+1","Feel No Pain"],"campfire_rested":1,"item_purchase_floors":[11,11],"current_hp_per_floor":[78,60,44,44,50,76,80,54,54,62,62,62,60,36,60,0],"gold":78,"neow_bonus":"THREE_ENEMY_KILL","is_prod":false,"is_daily":false,"chose_seed":false,"campfire_upgraded":1,"win_rate":0,"timestamp":1551706060,"path_taken":["M","?","?","?","?","?","M","E","T","M","$","R","M","M","R","BOSS"],"build_version":"2019-01-23","purchased_purges":1,"victory":false,"max_hp_per_floor":[80,80,80,80,80,80,80,80,80,80,80,80,80,80,80,80],"card_choices":[{"not_picked":["True Grit","Sword Boomerang"],"picked":"Second Wind","floor":1},{"not_picked":["Flex","Twin Strike"],"picked":"Armaments","floor":5},{"not_picked":["Anger","Combust"],"picked":"Heavy Blade","floor":7},{"not_picked":["Shockwave","Inflame"],"picked":"Brutality","floor":8},{"not_picked":["Whirlwind","Iron Wave"],"picked":"Warcry+1","floor":10},{"not_picked":["Pummel","Armaments+1"],"picked":"Warcry+1","floor":13},{"not_picked":["Thunderclap","Pommel Strike"],"picked":"Seeing Red+1","floor":14}],"player_experience":227167,"relics_obtained":[{"floor":8,"key":"Toxic Egg 2"},{"floor":9,"key":"PreservedInsect"}],"event_choices":[{"damage_healed":0,"gold_gain":0,"player_choice":"Success","damage_taken":18,"relics_obtained":["Pen Nib"],"max_hp_gain":0,"max_hp_loss":0,"event_name":"Scrap Ooze","floor":2,"gold_loss":0},{"damage_healed":0,"gold_gain":0,"player_choice":"Entered Light","damage_taken":16,"max_hp_gain":0,"max_hp_loss":0,"event_name":"Shining Light","floor":3,"gold_loss":0,"cards_upgraded":["Strike_R","Defend_R"]},{"damage_healed":0,"gold_gain":0,"player_choice":"Upgraded","damage_taken":0,"max_hp_gain":0,"max_hp_loss":0,"event_name":"Upgrade Shrine","floor":4,"gold_loss":0,"cards_upgraded":["Second Wind"]},{"damage_healed":26,"gold_gain":0,"player_choice":"Banana","damage_taken":0,"max_hp_gain":0,"max_hp_loss":0,"event_name":"Big Fish","floor":6,"gold_loss":0}],"is_beta":false,"boss_relics":[],"items_purged_floors":[11],"is_endless":false,"potions_floor_spawned":[7,10,13,14],"killed_by":"The Guardian","ascension_level":9}