{"gold_per_floor":[116,128,128,148,161,161,192,342,342,374,374,374,17,31,31,106,106,122,122,122,136,186,186,204,204,281,206,206,206,225,235,235,306,306,319,319,319,329,347,373,384,418,442,462,462,462,462,478,478,478,478,478,478,25,59,59],"floor_reached":57,"playtime":2746,"items_purged":["Defend_G"],"score":2744,"play_id":"dc36e699-41df-47ab-bcc5-238ecbfc42de","local_time":"20190323020220","is_ascension_mode":true,"campfire_choices":[{"data":"Deadly Poison","floor":6.0,"key":"SMITH"},{"data":"1","floor":11,"key":"LIFT"},{"data":"2","floor":15,"key":"LIFT"},{"data":"3","floor":23,"key":"LIFT"},{"data":"Cloak And Dagger","floor":29,"key":"SMITH"},{"data":"Well Laid Plans","floor":32,"key":"SMITH"},{"floor":45,"key":"RECALL"},{"data":"Tactician","floor":49,"key":"SMITH"},{"data":"Tactician","floor":53,"key":"SMITH"}],"neow_cost":"NONE","seed_source_timestamp":783219328593000,"circlet_count":0,"master_deck":["AscendersBane","Survivor","Neutralize","Tactician+1","Dash+1","Deadly Poison+1","Backflip","Backflip","Backstab","Cloak And Dagger+1","Noxious Fumes","Venomology","Malaise","Blade Dance","Finisher","Deflect","Flechettes","Cloak And Dagger+1","Tactician+1","PiercingWail","Cloak And Dagger+1","Well Laid Plans+1","Trip","Flash of Steel","Prepared","Terror"],"special_seed":0,"relics":["Ring of the Snake","Potion Belt","Omamori","Singing Bowl","Girya","Vajra","Pandora\u0027s Box","MutagenicStrength","Shuriken","Runic Pyramid","Bag of Marbles","Ninja Scroll","The Specimen","Incense Burner","Orichalcum"],"potions_floor_usage":[16,16,21,24,33,33,33,38,38,40,50,50,51,55,55,56,56,56,56,56],"damage_taken":[{"damage":11.0,"enemies":"Jaw Worm","floor":1.0,"turns":6.0},{"damage":1.0,"enemies":"Cultist","floor":2.0,"turns":5.0},{"damage":0.0,"enemies":"2 Louse","floor":4.0,"turns":3.0},{"damage":3.0,"enemies":"Blue Slaver","floor":5.0,"turns":4.0},{"damage":1.0,"enemies":"Lagavulin","floor":7.0,"turns":9.0},{"damage":19,"enemies":"3 Sentries","floor":10,"turns":14},{"damage":1,"enemies":"Large Slime","floor":14,"turns":4},{"damage":0,"enemies":"The Guardian","floor":16,"turns":10},{"damage":4,"enemies":"Chosen","floor":18,"turns":3},{"damage":0,"enemies":"3 Byrds","floor":21,"turns":5},{"damage":5,"enemies":"Centurion and Healer","floor":24,"turns":4},{"damage":0,"enemies":"Snake Plant","floor":30,"turns":2},{"damage":10,"enemies":"Shelled Parasite and Fungi","floor":31,"turns":4},{"damage":30,"enemies":"Collector","floor":33,"turns":9},{"damage":0,"enemies":"3 Darklings","floor":35,"turns":3},{"damage":1,"enemies":"3 Shapes","floor":38,"turns":6},{"damage":0,"enemies":"Transient","floor":39,"turns":6},{"damage":13,"enemies":"Giant Head","floor":40,"turns":4},{"damage":0,"enemies":"Spire Growth","floor":41,"turns":2},{"damage":6,"enemies":"Reptomancer","floor":42,"turns":5},{"damage":0,"enemies":"Writhing Mass","floor":44,"turns":2},{"damage":0,"enemies":"Sphere and 2 Shapes","floor":48,"turns":3},{"damage":15,"enemies":"Donu and Deca","floor":50,"turns":7},{"damage":25,"enemies":"Awakened One","floor":51,"turns":9},{"damage":62,"enemies":"Shield and Spear","floor":55,"turns":9},{"damage":42,"enemies":"The Heart","floor":56,"turns":8}],"seed_played":"-9174719241343399179","potions_obtained":[{"floor":2.0,"key":"Block Potion"},{"floor":5.0,"key":"Regen Potion"},{"floor":7.0,"key":"Fruit Juice"},{"floor":14,"key":"EssenceOfSteel"},{"floor":21,"key":"LiquidBronze"},{"floor":24,"key":"Regen Potion"},{"floor":33,"key":"Fruit Juice"},{"floor":35,"key":"GhostInAJar"},{"floor":39,"key":"GhostInAJar"},{"floor":55,"key":"Strength Potion"}],"is_trial":false,"path_per_floor":["M","M","?","M","M","R","E","?","T","E","R","?","$","M","R","B",null,"M","?","?","M","?","R","M","?","T","?","?","R","M","M","R","B",null,"M","?","T","M","M","E","M","E","T","M","R","?","?","M","R","B","B",null,"R","$","E","B",null],"character_chosen":"THE_SILENT","items_purchased":["Vajra","Cloak And Dagger","Noxious Fumes","Incense Burner","Dexterity Potion","Weak Potion"],"campfire_rested":0,"item_purchase_floors":[13,13,13,54,54,54],"current_hp_per_floor":[48,47,47,47,44,44,63,63,63,44,44,23,23,22,22,22,59,57,57,57,59,59,59,54,54,54,54,54,54,56,46,46,38,73,75,67,67,68,70,59,61,57,57,59,59,59,110,110,110,95,70,100,100,100,53,11],"gold":59,"neow_bonus":"RANDOM_COMMON_RELIC","is_prod":false,"is_daily":false,"chose_seed":false,"campfire_upgraded":5,"win_rate":0,"timestamp":1553274140,"path_taken":["M","M","?","?","M","R","E","?","T","E","R","?","$","M","R","BOSS","M","?","?","?","?","R","M","?","T","?","?","R","?","M","R","BOSS","M","?","?","M","M","E","M","E","T","M","R","?","?","?","R","BOSS","BOSS","R","$","E","BOSS"],"build_version":"2019-01-23","purchased_purges":1,"victory":true,"max_hp_per_floor":[66,66,66,66,66,66,71,71,71,71,71,71,71,71,71,71,71,73,73,73,75,75,75,75,75,75,75,75,75,77,77,77,84,84,86,88,88,90,92,94,96,98,98,100,100,100,110,110,110,110,110,110,110,110,110,110],"card_choices":[{"not_picked":["Bane","Slice"],"picked":"Tactician","floor":1.0},{"not_picked":["Flechettes","Flying Knee"],"picked":"Dash","floor":2.0},{"not_picked":["Distraction","Leg Sweep"],"picked":"Deadly Poison","floor":4.0},{"not_picked":["PiercingWail","Concentrate"],"picked":"Backflip","floor":5.0},{"not_picked":["Storm of Steel","Flying Knee"],"picked":"Backflip","floor":7.0},{"not_picked":["Finisher","Dodge and Roll"],"picked":"Backstab","floor":10},{"not_picked":["Slice","Expertise"],"picked":"Venomology","floor":14},{"not_picked":["Wraith Form v2","After Image"],"picked":"Malaise","floor":16},{"not_picked":["Deflect","Eviscerate","Bane+1"],"picked":"Singing Bowl","floor":18},{"not_picked":["Deflect","Blade Dance","Infinite Blades"],"picked":"Singing Bowl","floor":21},{"not_picked":["Choke","Heel Hook+1"],"picked":"PiercingWail","floor":24},{"not_picked":["Riddle With Holes","Predator+1","Dagger Throw+1"],"picked":"Singing Bowl","floor":30},{"not_picked":["Finisher","Dodge and Roll"],"picked":"Well Laid Plans","floor":31},{"not_picked":["Malaise","Envenom","Venomology"],"picked":"Singing Bowl","floor":33},{"not_picked":["Quick Slash","Skewer","Sucker Punch"],"picked":"Singing Bowl","floor":35},{"not_picked":["Dramatic Entrance","PanicButton"],"picked":"Trip","floor":36},{"not_picked":["Transmutation","Panacea"],"picked":"Flash of Steel","floor":36},{"not_picked":["Transmutation","Metamorphosis","Enlightenment"],"picked":"Singing Bowl","floor":36},{"not_picked":["Dagger Spray","Deadly Poison","Noxious Fumes"],"picked":"Singing Bowl","floor":38},{"not_picked":["Flying Knee","Sucker Punch","Slice+1"],"picked":"Singing Bowl","floor":39},{"not_picked":["Well Laid Plans","Expertise","Poisoned Stab"],"picked":"Singing Bowl","floor":40},{"not_picked":["A Thousand Cuts","Dagger Spray","Underhanded Strike"],"picked":"Singing Bowl","floor":41},{"not_picked":["Quick Slash","Deadly Poison","Finisher"],"picked":"Singing Bowl","floor":42},{"not_picked":["Deflect","Dash","Dodge and Roll"],"picked":"Singing Bowl","floor":44},{"not_picked":["Predator","Sucker Punch"],"picked":"Prepared","floor":48},{"not_picked":["Corpse Explosion","Flechettes"],"picked":"Terror","floor":55}],"player_experience":4591348,"relics_obtained":[{"floor":7.0,"key":"Omamori"},{"floor":9,"key":"Singing Bowl"},{"floor":10,"key":"Girya"},{"floor":26,"key":"Shuriken"},{"floor":37,"key":"Bag of Marbles"},{"floor":40,"key":"Ninja Scroll"},{"floor":42,"key":"The Specimen"},{"floor":55,"key":"Orichalcum"}],"event_choices":[{"damage_healed":0.0,"max_hp_gain":0.0,"max_hp_loss":0.0,"gold_gain":0.0,"event_name":"Accursed Blacksmith","player_choice":"Forge","floor":3.0,"gold_loss":0.0,"damage_taken":0.0,"cards_upgraded":["Dash"]},{"damage_healed":0,"gold_gain":150,"player_choice":"AGREE","damage_taken":0,"max_hp_gain":0,"max_hp_loss":0,"event_name":"Liars Game","floor":8,"gold_loss":0,"cards_obtained":["Doubt"]},{"damage_healed":0,"gold_gain":0,"player_choice":"Entered Light","damage_taken":21,"max_hp_gain":0,"max_hp_loss":0,"event_name":"Shining Light","floor":12,"gold_loss":0,"cards_upgraded":["Defend_G","Strike_G"]},{"cards_removed":["Slice"],"damage_healed":0,"gold_gain":0,"player_choice":"Elegance","damage_taken":0,"max_hp_gain":0,"max_hp_loss":0,"event_name":"Back to Basics","floor":19,"gold_loss":0},{"damage_healed":0,"gold_gain":0,"player_choice":"Upgraded","damage_taken":0,"max_hp_gain":0,"max_hp_loss":0,"event_name":"Upgrade Shrine","floor":20,"gold_loss":0,"cards_upgraded":["Cloak And Dagger"]},{"damage_healed":0,"gold_gain":50,"player_choice":"Stole From Cult","damage_taken":0,"max_hp_gain":0,"max_hp_loss":0,"event_name":"Nest","floor":22,"gold_loss":0},{"damage_healed":0,"gold_gain":0,"player_choice":"Inject Mutagens","damage_taken":0,"relics_obtained":["MutagenicStrength"],"max_hp_gain":0,"max_hp_loss":0,"event_name":"Drug Dealer","floor":25,"gold_loss":0},{"cards_removed":["Noxious Fumes"],"damage_healed":0,"gold_gain":0,"player_choice":"Gave Gold","damage_taken":0,"max_hp_gain":0,"max_hp_loss":0,"event_name":"Beggar","floor":27,"gold_loss":75},{"damage_healed":0,"gold_gain":0,"player_choice":"Copied","damage_taken":0,"max_hp_gain":0,"max_hp_loss":0,"event_name":"Duplicator","floor":28,"gold_loss":0,"cards_obtained":["Cloak And Dagger"]},{"damage_healed":0,"gold_gain":0,"player_choice":"Memory 3","damage_taken":10,"max_hp_gain":0,"max_hp_loss":0,"event_name":"SensoryStone","floor":36,"gold_loss":0},{"damage_healed":0,"gold_gain":0,"player_choice":"Ignored","damage_taken":0,"max_hp_gain":0,"max_hp_loss":0,"event_name":"Tomb of Lord Red Mask","floor":46,"gold_loss":0},{"cards_removed":["Unload"],"damage_healed":41,"gold_gain":0,"player_choice":"Offered Rare","damage_taken":0,"max_hp_gain":10,"max_hp_loss":0,"event_name":"Bonfire Elementals","floor":47,"gold_loss":0}],"is_beta":false,"boss_relics":[{"not_picked":["HoveringKite","Eternal Feather"],"picked":"Pandora\u0027s Box"},{"not_picked":["Busted Crown","Ring of the Serpent"],"picked":"Runic Pyramid"}],"items_purged_floors":[13],"is_endless":false,"potions_floor_spawned":[2,5,7,14,21,24,33,35,39,42,44,48,55],"ascension_level":20}