{"gold_per_floor":[112,37,57,57,57,91,91,119,119,134,153,178,23,39,39,134,184,196,196,196,206,206,265,265,298,298,298,313,332,35,52,52,151,151,169,186,203,203,78,78,104,28,28,28,41,59,59,72,72,72],"floor_reached":51,"playtime":3052,"items_purged":["Strike_R","Strike_R","Strike_R"],"score":891,"play_id":"6ca6335b-54d6-452e-9714-a73f89b3c826","local_time":"20190218224349","is_ascension_mode":true,"campfire_choices":[{"data":"Whirlwind","floor":7.0,"key":"SMITH"},{"data":"Power Through","floor":15.0,"key":"SMITH"},{"floor":24.0,"key":"REST"},{"data":"Body Slam","floor":27.0,"key":"SMITH"},{"data":"Armaments","floor":32.0,"key":"SMITH"},{"data":"Juggernaut","floor":40.0,"key":"SMITH"},{"data":"Bash","floor":44.0,"key":"SMITH"},{"data":"Body Slam","floor":47,"key":"SMITH"},{"data":"Feel No Pain","floor":49,"key":"SMITH"}],"neow_cost":"NONE","seed_source_timestamp":177937970024954,"circlet_count":0,"master_deck":["Strike_R+1","Strike_R","Defend_R","Defend_R","Defend_R+1","Defend_R","Bash+1","Whirlwind+1","Entrench+1","Ghostly Armor","Spot Weakness","Power Through+1","Demon Form+1","Armaments+1","Body Slam+1","Warcry+1","Flame Barrier+1","Feel No Pain+1","Barricade+1","Thunderclap+1","Juggernaut+1","Shrug It Off+1","Body Slam+1"],"special_seed":0,"relics":["Burning Blood","NeowsBlessing","PreservedInsect","Sundial","Kunai","Bag of Preparation","Juzu Bracelet","Nloth\u0027s Gift","Tiny Chest","Magic Flower","Paper Frog","Lee\u0027s Waffle","Velvet Choker","Ornamental Fan","Regal Pillow"],"potions_floor_usage":[45,50,50,50],"damage_taken":[{"damage":0.0,"enemies":"2 Louse","floor":1.0,"turns":1.0},{"damage":0.0,"enemies":"Jaw Worm","floor":3.0,"turns":1.0},{"damage":0.0,"enemies":"Gremlin Nob","floor":6.0,"turns":1.0},{"damage":13.0,"enemies":"3 Sentries","floor":8.0,"turns":3.0},{"damage":1.0,"enemies":"Cultist","floor":10.0,"turns":4.0},{"damage":5.0,"enemies":"Exordium Wildlife","floor":11.0,"turns":5.0},{"damage":0.0,"enemies":"Gremlin Nob","floor":12.0,"turns":2.0},{"damage":8.0,"enemies":"Large Slime","floor":14.0,"turns":5.0},{"damage":47.0,"enemies":"The Guardian","floor":16.0,"turns":11.0},{"damage":43.0,"enemies":"3 Byrds","floor":18.0,"turns":6.0},{"damage":24.0,"enemies":"Spheric Guardian","floor":21.0,"turns":6.0},{"damage":27.0,"enemies":"Gremlin Leader","floor":23.0,"turns":5.0},{"damage":7.0,"enemies":"Slavers","floor":25.0,"turns":3.0},{"damage":13.0,"enemies":"Snecko","floor":28.0,"turns":5.0},{"damage":0.0,"enemies":"Snake Plant","floor":29.0,"turns":6.0},{"damage":37.0,"enemies":"Cultist and Chosen","floor":31.0,"turns":10.0},{"damage":26.0,"enemies":"Champ","floor":33.0,"turns":11.0},{"damage":4.0,"enemies":"3 Darklings","floor":35.0,"turns":10.0},{"damage":25.0,"enemies":"3 Shapes","floor":36.0,"turns":5.0},{"damage":6.0,"enemies":"Sphere and 2 Shapes","floor":37.0,"turns":6.0},{"damage":0.0,"enemies":"Giant Head","floor":41.0,"turns":7.0},{"damage":0,"enemies":"Jaw Worm Horde","floor":45,"turns":1},{"damage":4,"enemies":"Spire Growth","floor":46,"turns":5},{"damage":4,"enemies":"4 Shapes","floor":48,"turns":9},{"damage":37,"enemies":"Time Eater","floor":50,"turns":9}],"seed_played":"-7765905945659521268","potions_obtained":[{"floor":3.0,"key":"SteroidPotion"},{"floor":14.0,"key":"Regen Potion"},{"floor":16.0,"key":"PowerPotion"},{"floor":17.0,"key":"Explosive Potion"},{"floor":21.0,"key":"AttackPotion"},{"floor":23.0,"key":"SkillPotion"},{"floor":28.0,"key":"Explosive Potion"},{"floor":29.0,"key":"SteroidPotion"},{"floor":36.0,"key":"PowerPotion"},{"floor":46,"key":"Swift Potion"},{"floor":48,"key":"Regen Potion"}],"is_trial":false,"path_per_floor":["M","$","M","?","?","E","R","E","T","M","M","E","$","M","R","B",null,"M","?","?","M","?","E","R","E","T","R","M","M","$","M","R","B",null,"M","M","M","?","$","R","E","$","T","R","M","M","R","M","R","B",null],"character_chosen":"IRONCLAD","items_purchased":["Juzu Bracelet","Lee\u0027s Waffle","LiquidBronze"],"campfire_rested":1,"item_purchase_floors":[13,30,42],"current_hp_per_floor":[80,80,80,64,64,70,70,63,63,68,69,75,75,73,73,44,85,48,48,48,30,30,9,34,33,33,33,29,38,92,64,64,47,92,92,76,79,79,79,79,88,88,88,88,92,92,92,92,92,86],"gold":72,"neow_bonus":"THREE_ENEMY_KILL","is_prod":false,"is_daily":false,"chose_seed":false,"campfire_upgraded":8,"win_rate":0,"timestamp":1550497429,"path_taken":["M","$","M","?","?","E","R","E","T","?","M","E","$","M","R","BOSS","M","?","?","M","?","E","R","E","T","R","M","M","$","M","R","BOSS","M","M","M","?","$","R","E","?","T","R","M","M","R","M","R","BOSS"],"build_version":"2019-01-23","purchased_purges":3,"victory":true,"max_hp_per_floor":[80,80,80,80,80,80,80,80,80,80,80,80,80,80,80,80,85,85,85,85,85,85,85,85,85,85,85,85,85,92,92,92,92,92,92,92,92,92,92,92,92,92,92,92,92,92,92,92,92,92],"card_choices":[{"not_picked":["Flex","Warcry"],"picked":"Whirlwind","floor":1.0},{"not_picked":["Armaments","Ghostly Armor"],"picked":"Entrench","floor":3.0},{"not_picked":["Uppercut","Warcry"],"picked":"Ghostly Armor","floor":6.0},{"not_picked":["Blood for Blood","Reckless Charge"],"picked":"Spot Weakness","floor":8.0},{"not_picked":["Ghostly Armor","Twin Strike","Havoc"],"picked":"SKIP","floor":10.0},{"not_picked":["True Grit","Perfected Strike","Flex"],"picked":"SKIP","floor":11.0},{"not_picked":["Cleave","Disarm","True Grit"],"picked":"SKIP","floor":12.0},{"not_picked":["Demon Form","Headbutt"],"picked":"Power Through","floor":14.0},{"not_picked":["Berserk","Impervious"],"picked":"Demon Form","floor":16.0},{"not_picked":["Cleave","Dropkick"],"picked":"Armaments","floor":17.0},{"not_picked":["Infernal Blade+1","Shrug It Off","Shockwave"],"picked":"SKIP","floor":18.0},{"not_picked":["Clash+1","Sword Boomerang","Warcry+1"],"picked":"SKIP","floor":21.0},{"not_picked":["Clash+1","Sword Boomerang"],"picked":"Warcry+1","floor":21.0},{"not_picked":["Combust","Flex"],"picked":"Flame Barrier+1","floor":23.0},{"not_picked":["Armaments","Perfected Strike"],"picked":"Feel No Pain","floor":25.0},{"not_picked":["Havoc","Bludgeon","True Grit"],"picked":"SKIP","floor":28.0},{"not_picked":["Anger","Warcry","Havoc"],"picked":"SKIP","floor":29.0},{"not_picked":["Armaments+1","Double Tap","Iron Wave"],"picked":"SKIP","floor":31.0},{"not_picked":["Reaper","Bludgeon"],"picked":"Barricade","floor":33.0},{"not_picked":["Pommel Strike+1","Armaments"],"picked":"Thunderclap+1","floor":35.0},{"not_picked":["Rampage+1","Havoc"],"picked":"Juggernaut","floor":36.0},{"not_picked":["Iron Wave+1","Pommel Strike"],"picked":"Shrug It Off+1","floor":37.0},{"not_picked":["Infernal Blade+1","Feed","Flex+1"],"picked":"SKIP","floor":41.0},{"not_picked":["Twin Strike+1","Perfected Strike+1","Inflame"],"picked":"SKIP","floor":45},{"not_picked":["Bludgeon","Dark Embrace"],"picked":"Body Slam","floor":46},{"not_picked":["Twin Strike+1","Headbutt","Pommel Strike+1"],"picked":"SKIP","floor":48}],"player_experience":132663,"relics_obtained":[{"floor":6.0,"key":"PreservedInsect"},{"floor":8.0,"key":"Sundial"},{"floor":9.0,"key":"Kunai"},{"floor":12.0,"key":"Bag of Preparation"},{"floor":23.0,"key":"Tiny Chest"},{"floor":25.0,"key":"Magic Flower"},{"floor":26.0,"key":"Paper Frog"},{"floor":41.0,"key":"Ornamental Fan"},{"floor":43.0,"key":"Regal Pillow"}],"event_choices":[{"damage_healed":0.0,"max_hp_gain":0.0,"max_hp_loss":0.0,"gold_gain":0.0,"event_name":"Shining Light","player_choice":"Entered Light","floor":4.0,"gold_loss":0.0,"damage_taken":16.0,"cards_upgraded":["Strike_R","Defend_R"]},{"damage_healed":0.0,"max_hp_gain":0.0,"max_hp_loss":0.0,"gold_gain":0.0,"event_name":"Upgrade Shrine","player_choice":"Upgraded","floor":5.0,"gold_loss":0.0,"damage_taken":0.0,"cards_upgraded":["Entrench"]},{"damage_healed":0.0,"max_hp_gain":0.0,"max_hp_loss":0.0,"gold_gain":0.0,"event_name":"The Library","player_choice":"Read","floor":19.0,"gold_loss":0.0,"damage_taken":0.0,"cards_obtained":["Body Slam"]},{"damage_healed":0.0,"max_hp_gain":0.0,"max_hp_loss":0.0,"gold_gain":0.0,"event_name":"Vampires","player_choice":"Ignored","floor":20.0,"gold_loss":0.0,"damage_taken":0.0},{"damage_healed":0.0,"max_hp_gain":0.0,"max_hp_loss":0.0,"gold_gain":0.0,"event_name":"N\u0027loth","player_choice":"Traded Relic","floor":22.0,"relics_lost":["Tiny House"],"gold_loss":0.0,"damage_taken":0.0,"relics_obtained":["Nloth\u0027s Gift"]},{"damage_healed":0.0,"max_hp_gain":0.0,"max_hp_loss":0.0,"gold_gain":0.0,"event_name":"Accursed Blacksmith","player_choice":"Forge","floor":38.0,"gold_loss":0.0,"damage_taken":0.0,"cards_upgraded":["Barricade"]}],"is_beta":false,"boss_relics":[{"not_picked":["Lizard Tail","Runic Dome"],"picked":"Tiny House"},{"not_picked":["Astrolabe","Calling Bell"],"picked":"Velvet Choker"}],"items_purged_floors":[2,30,39],"is_endless":false,"potions_floor_spawned":[3,14,16,21,23,28,29,36,46,48],"ascension_level":2}