{"gold_per_floor":[113,113,113,24,39,39,72,72,72,97,97,97,116,116,116,116],"floor_reached":16,"playtime":336,"items_purged":[],"score":262,"play_id":"9523e839-5b73-4335-abcd-29f74bb20540","local_time":"20190317071236","is_ascension_mode":true,"campfire_choices":[{"data":"Inflame","floor":6,"key":"SMITH"},{"data":"Bash","floor":8,"key":"SMITH"},{"data":"Spot Weakness","floor":11,"key":"SMITH"},{"data":"Parasite","floor":15,"key":"PURGE"}],"neow_cost":"NONE","seed_source_timestamp":872726561432312,"circlet_count":0,"master_deck":["AscendersBane","Strike_R","Strike_R","Strike_R","Strike_R+1","Strike_R","Defend_R","Defend_R+1","Defend_R","Defend_R","Bash+1","Clothesline","Inflame+1","Spot Weakness+1","Shrug It Off"],"relics":["Burning Blood","NeowsBlessing","FaceOfCleric","Peace Pipe","Incense Burner","Juzu Bracelet"],"potions_floor_usage":[16,16],"damage_taken":[{"damage":0,"enemies":"Jaw Worm","floor":1,"turns":1},{"damage":0,"enemies":"Small Slimes","floor":5,"turns":2},{"damage":0,"enemies":"Lagavulin","floor":7,"turns":1},{"damage":54,"enemies":"3 Sentries","floor":10,"turns":10},{"damage":1,"enemies":"Cultist","floor":13,"turns":3},{"damage":46,"enemies":"Hexaghost","floor":16,"turns":9}],"seed_played":"5008593467866772644","potions_obtained":[{"floor":5,"key":"Swift Potion"},{"floor":10,"key":"Poison Potion"}],"is_trial":false,"path_per_floor":["M","?","?","$","M","R","E","R","T","E","R","?","M","?","R","B"],"character_chosen":"IRONCLAD","items_purchased":["Inflame"],"campfire_rested":0,"item_purchase_floors":[4],"current_hp_per_floor":[74,51,51,51,58,58,65,65,65,18,18,18,24,43,43,0],"gold":116,"neow_bonus":"THREE_ENEMY_KILL","is_prod":false,"is_daily":false,"chose_seed":false,"campfire_upgraded":3,"win_rate":0,"timestamp":1552774356,"path_taken":["M","?","?","$","?","R","E","R","T","E","R","?","M","?","R","BOSS"],"build_version":"2019-01-23","purchased_purges":0,"victory":false,"max_hp_per_floor":[75,75,75,75,76,76,77,77,77,78,78,78,79,79,76,76],"card_choices":[{"not_picked":["Anger","Wild Strike"],"picked":"Clothesline","floor":1},{"not_picked":["Flex","Twin Strike","Thunderclap"],"picked":"SKIP","floor":5},{"not_picked":["Havoc","Heavy Blade"],"picked":"Spot Weakness","floor":7},{"not_picked":["Thunderclap","Rupture","Flex"],"picked":"SKIP","floor":10},{"not_picked":["Second Wind","True Grit"],"picked":"Shrug It Off","floor":13}],"player_experience":720881,"relics_obtained":[{"floor":7,"key":"Peace Pipe"},{"floor":9,"key":"Incense Burner"},{"floor":10,"key":"Juzu Bracelet"}],"event_choices":[{"damage_healed":0,"gold_gain":0,"player_choice":"Entered Light","damage_taken":23,"max_hp_gain":0,"max_hp_loss":0,"event_name":"Shining Light","floor":2,"gold_loss":0,"cards_upgraded":["Defend_R","Strike_R"]},{"damage_healed":0,"gold_gain":0,"player_choice":"Trade","damage_taken":0,"relics_obtained":["FaceOfCleric"],"max_hp_gain":0,"max_hp_loss":0,"event_name":"FaceTrader","floor":3,"gold_loss":0},{"damage_healed":0,"gold_gain":0,"player_choice":"Searched \u00270\u0027 times","damage_taken":0,"max_hp_gain":0,"max_hp_loss":0,"event_name":"Dead Adventurer","floor":12,"gold_loss":0},{"damage_healed":19,"gold_gain":0,"player_choice":"Healed and dodged fight","damage_taken":0,"max_hp_gain":0,"max_hp_loss":0,"event_name":"Mushrooms","floor":14,"gold_loss":0,"cards_obtained":["Parasite"]}],"is_beta":false,"boss_relics":[],"items_purged_floors":[],"is_endless":false,"potions_floor_spawned":[5,10],"killed_by":"Hexaghost","ascension_level":20}