{"gold_per_floor":[14,24,24,43,59,59,86,100,172,172,200,200,211,224,224,301,301,321,340,358,358,283,283,283],"floor_reached":24,"playtime":724,"items_purged":[],"score":420,"play_id":"c2ce2def-9e9c-4c46-b0ae-4ba76859ca5a","local_time":"20190114013510","is_ascension_mode":true,"campfire_choices":[{"data":"Inflame","floor":6.0,"key":"SMITH"},{"data":"Rage","floor":10.0,"key":"SMITH"},{"data":"Uppercut","floor":15,"key":"SMITH"},{"data":"Blood for Blood","floor":23,"key":"SMITH"}],"neow_cost":"NO_GOLD","seed_source_timestamp":287003641027090,"circlet_count":0,"master_deck":["AscendersBane","Strike_R","Strike_R","Strike_R","Defend_R+1","Defend_R","Defend_R+1","Defend_R","Bash","Inflame+1","Carnage","Carnage","Rage+1","Uppercut+1","Juggernaut","Wild Strike+1","Blood for Blood+1"],"special_seed":0,"relics":["Burning Blood","Pocketwatch","War Paint","Bottled Tornado","Peace Pipe","Empty Cage","Boot"],"potions_floor_usage":[11,16],"damage_taken":[{"damage":6.0,"enemies":"Cultist","floor":1.0,"turns":3.0},{"damage":4.0,"enemies":"Small Slimes","floor":2.0,"turns":4.0},{"damage":2.0,"enemies":"2 Louse","floor":4.0,"turns":3.0},{"damage":32.0,"enemies":"Gremlin Gang","floor":5.0,"turns":6.0},{"damage":20.0,"enemies":"3 Sentries","floor":7.0,"turns":5.0},{"damage":0.0,"enemies":"Large Slime","floor":8.0,"turns":7.0},{"damage":8,"enemies":"Gremlin Nob","floor":11,"turns":3},{"damage":0,"enemies":"3 Louse","floor":13,"turns":4},{"damage":1,"enemies":"Exordium Wildlife","floor":14,"turns":3},{"damage":25,"enemies":"Slime Boss","floor":16,"turns":8},{"damage":26,"enemies":"Shell Parasite","floor":18,"turns":5},{"damage":20,"enemies":"Spheric Guardian","floor":19,"turns":4},{"damage":15,"enemies":"Centurion and Healer","floor":20,"turns":6},{"damage":45,"enemies":"Gremlin Leader","floor":24,"turns":5}],"seed_played":"-4746206687957636564","potions_obtained":[{"floor":4.0,"key":"SpeedPotion"},{"floor":5.0,"key":"Poison Potion"},{"floor":8.0,"key":"Weak Potion"},{"floor":14,"key":"PowerPotion"}],"is_trial":false,"path_per_floor":["M","M","?","M","M","R","E","M","T","R","E","?","M","M","R","B",null,"M","M","M","?","?","R","E"],"character_chosen":"IRONCLAD","items_purchased":[],"campfire_rested":0,"item_purchase_floors":[],"current_hp_per_floor":[68,70,70,74,48,48,34,40,40,40,38,85,85,85,85,66,80,60,46,37,37,37,37,0],"gold":283,"neow_bonus":"ONE_RARE_RELIC","is_prod":false,"is_daily":false,"chose_seed":false,"campfire_upgraded":4,"win_rate":0,"timestamp":1547397310,"path_taken":["M","?","?","M","M","R","E","M","T","R","E","?","M","M","R","BOSS","M","?","M","?","?","R","E"],"build_version":"2019-01-10","purchased_purges":0,"victory":false,"max_hp_per_floor":[75,75,75,75,75,75,75,75,75,75,75,85,85,85,85,85,85,85,85,85,85,85,85,85],"card_choices":[{"not_picked":["Shrug It Off","Cleave"],"picked":"Inflame","floor":1.0},{"not_picked":["Reckless Charge","Combust"],"picked":"Carnage","floor":2.0},{"not_picked":["Corruption","Thunderclap","Body Slam"],"picked":"SKIP","floor":4.0},{"not_picked":["Rage","Iron Wave"],"picked":"Carnage","floor":5.0},{"not_picked":["Warcry","Perfected Strike","Blood for Blood"],"picked":"SKIP","floor":7.0},{"not_picked":["Rupture","Clash"],"picked":"Rage","floor":8.0},{"not_picked":["Clothesline","Armaments"],"picked":"Barricade","floor":11},{"not_picked":["Havoc","Pommel Strike","Perfected Strike"],"picked":"SKIP","floor":13},{"not_picked":["Anger","Body Slam"],"picked":"Uppercut","floor":14},{"not_picked":["Brutality","Demon Form"],"picked":"Juggernaut","floor":16},{"not_picked":["Armaments","Intimidate"],"picked":"Wild Strike+1","floor":18},{"not_picked":["Warcry","Havoc","Searing Blow"],"picked":"SKIP","floor":19},{"not_picked":["Impervious","Clothesline"],"picked":"Blood for Blood","floor":20}],"player_experience":4070569,"relics_obtained":[{"floor":7.0,"key":"War Paint"},{"floor":9.0,"key":"Bottled Tornado"},{"floor":11,"key":"Peace Pipe"}],"event_choices":[{"damage_healed":0.0,"max_hp_gain":0.0,"max_hp_loss":0.0,"gold_gain":0.0,"event_name":"The Cleric","player_choice":"Leave","floor":3.0,"gold_loss":0.0,"damage_taken":0.0},{"cards_removed":["Barricade"],"damage_healed":37,"gold_gain":0,"player_choice":"Offered Rare","damage_taken":0,"max_hp_gain":10,"max_hp_loss":0,"event_name":"Bonfire Elementals","floor":12,"gold_loss":0},{"damage_healed":0,"gold_gain":0,"player_choice":"Opened","damage_taken":0,"relics_obtained":["Boot"],"max_hp_gain":0,"max_hp_loss":0,"event_name":"The Mausoleum","floor":21,"gold_loss":0,"cards_obtained":["Writhe"]},{"cards_removed":["Writhe"],"damage_healed":0,"gold_gain":0,"player_choice":"Gave Gold","damage_taken":0,"max_hp_gain":0,"max_hp_loss":0,"event_name":"Beggar","floor":22,"gold_loss":75}],"is_beta":false,"boss_relics":[{"not_picked":["Runic Cube","Lizard Tail"],"picked":"Empty Cage"}],"items_purged_floors":[],"is_endless":false,"potions_floor_spawned":[4,5,8,14],"killed_by":"Gremlin Leader","ascension_level":20}