{"gold_per_floor":[109,121,139,139,149,149,167,182,255,255,255,267,281,43,43,117,117,133,144,144,144],"floor_reached":21,"playtime":1196,"items_purged":["Strike_R"],"score":324,"play_id":"c4577c49-1621-4045-a3da-d3059409c42f","local_time":"20190315165406","is_ascension_mode":true,"campfire_choices":[{"floor":6.0,"key":"REST"},{"floor":10.0,"key":"REST"},{"floor":15.0,"key":"REST"}],"neow_cost":"NONE","seed_source_timestamp":24195420518570,"circlet_count":0,"master_deck":["AscendersBane","Strike_R","Strike_R","Strike_R","Strike_R","Defend_R","Defend_R","Defend_R","Defend_R","Bash","Heavy Blade","Evolve","Seeing Red","Warcry","Anger","Clothesline","Sword Boomerang","Immolate","Reaper","Battle Trance","True Grit"],"special_seed":0,"relics":["Sozu","Shuriken","Ornamental Fan","Omamori","Lizard Tail"],"potions_floor_usage":[],"damage_taken":[{"damage":0.0,"enemies":"Cultist","floor":1.0,"turns":3.0},{"damage":11.0,"enemies":"Small Slimes","floor":2.0,"turns":3.0},{"damage":1.0,"enemies":"2 Louse","floor":3.0,"turns":3.0},{"damage":42.0,"enemies":"Gremlin Gang","floor":5.0,"turns":6.0},{"damage":13.0,"enemies":"3 Louse","floor":7.0,"turns":5.0},{"damage":13.0,"enemies":"Blue Slaver","floor":8.0,"turns":3.0},{"damage":12.0,"enemies":"Lots of Slimes","floor":12.0,"turns":4.0},{"damage":8.0,"enemies":"Large Slime","floor":13.0,"turns":4.0},{"damage":47.0,"enemies":"The Guardian","floor":16.0,"turns":9.0},{"damage":39.0,"enemies":"Shell Parasite","floor":18.0,"turns":5.0},{"damage":20.0,"enemies":"2 Thieves","floor":19.0,"turns":4.0},{"damage":38.0,"enemies":"Colosseum Slavers","floor":20.0,"turns":3.0},{"damage":37,"enemies":"Snake Plant","floor":21,"turns":5}],"seed_played":"-6181741799705076384","potions_obtained":[],"is_trial":false,"path_per_floor":["M","M","M","T","M","R","M","M","T","R","?","M","M","$","R","B",null,"M","M","?","M"],"character_chosen":"IRONCLAD","items_purchased":["Omamori"],"campfire_rested":3,"item_purchase_floors":[14],"current_hp_per_floor":[68,57,56,56,14,36,23,10,10,32,57,45,37,37,59,12,59,27,11,29,0],"gold":144,"neow_bonus":"BOSS_RELIC","is_prod":false,"is_daily":false,"chose_seed":false,"campfire_upgraded":0,"win_rate":0,"timestamp":1552636446,"path_taken":["M","M","M","?","M","R","?","M","T","R","?","M","M","$","R","BOSS","M","M","?","M"],"build_version":"2019-01-23","purchased_purges":1,"victory":false,"max_hp_per_floor":[75,75,75,75,75,75,75,75,75,75,75,75,75,75,75,75,75,75,75,75,75],"card_choices":[{"not_picked":["Iron Wave","Searing Blow"],"picked":"Heavy Blade","floor":1.0},{"not_picked":["Shrug It Off","Searing Blow"],"picked":"Evolve","floor":2.0},{"not_picked":["Rage","Heavy Blade"],"picked":"Seeing Red","floor":3.0},{"not_picked":["Rampage","Infernal Blade"],"picked":"Warcry","floor":5.0},{"not_picked":["True Grit","Entrench"],"picked":"Anger","floor":7.0},{"not_picked":["Flex","Cleave"],"picked":"Clothesline","floor":8.0},{"not_picked":["Body Slam","Wild Strike"],"picked":"Sword Boomerang","floor":12.0},{"not_picked":["Havoc","Bloodletting"],"picked":"Immolate","floor":13.0},{"not_picked":["Impervious","Barricade"],"picked":"Reaper","floor":16.0},{"not_picked":["Flex","Spot Weakness"],"picked":"Battle Trance","floor":18.0},{"not_picked":["Intimidate","Clothesline"],"picked":"True Grit","floor":19.0}],"player_experience":332840,"relics_obtained":[{"floor":4.0,"key":"Shuriken"},{"floor":9.0,"key":"Ornamental Fan"}],"event_choices":[{"damage_healed":25.0,"max_hp_gain":0.0,"max_hp_loss":0.0,"gold_gain":0.0,"event_name":"Big Fish","player_choice":"Banana","floor":11.0,"gold_loss":0.0,"damage_taken":0.0},{"damage_healed":0.0,"max_hp_gain":0.0,"max_hp_loss":0.0,"gold_gain":0.0,"event_name":"Colosseum","player_choice":"Fight","floor":20.0,"gold_loss":0.0,"damage_taken":0.0},{"damage_healed":0.0,"max_hp_gain":0.0,"max_hp_loss":0.0,"gold_gain":0.0,"event_name":"Colosseum","player_choice":"Fled From Nobs","floor":20.0,"gold_loss":0.0,"damage_taken":0.0}],"is_beta":false,"boss_relics":[{"not_picked":["Runic Dome","Fusion Hammer"],"picked":"Lizard Tail"}],"items_purged_floors":[14],"is_endless":false,"potions_floor_spawned":[2,3,7,12,16],"killed_by":"Snake Plant","ascension_level":17}