{"gold_per_floor":[109,109,109,127,18,38,38],"floor_reached":7,"playtime":327,"items_purged":[],"score":82,"play_id":"3c5b73f3-a222-4776-8da7-6f38800646f0","local_time":"20190321214429","is_ascension_mode":true,"campfire_choices":[],"neow_cost":"NONE","seed_source_timestamp":181029970792,"circlet_count":0,"master_deck":["AscendersBane","Strike_R","Strike_R","Strike_R","Strike_R","Defend_R","Defend_R","Defend_R","Defend_R","Bash","Injury","Parasite","Whirlwind","Headbutt","True Grit","Feel No Pain","Body Slam","Sentinel"],"special_seed":0,"relics":["Calling Bell","Centennial Puzzle","Darkstone Periapt","Calipers"],"potions_floor_usage":[7],"damage_taken":[{"damage":13.0,"enemies":"Jaw Worm","floor":1.0,"turns":3.0},{"damage":4.0,"enemies":"Small Slimes","floor":4.0,"turns":3.0},{"damage":2.0,"enemies":"Cultist","floor":6.0,"turns":4.0},{"damage":51,"enemies":"Lagavulin","floor":7,"turns":6}],"seed_played":"-8312768111709383652","potions_obtained":[{"floor":6.0,"key":"Strength Potion"}],"is_trial":false,"path_per_floor":["M","?","?","M","$","M","E"],"character_chosen":"IRONCLAD","items_purchased":["Feel No Pain","Body Slam"],"campfire_rested":0,"item_purchase_floors":[5,5],"current_hp_per_floor":[55,48,48,44,44,42,0],"gold":38,"neow_bonus":"BOSS_RELIC","is_prod":false,"is_daily":false,"chose_seed":false,"campfire_upgraded":0,"win_rate":0,"timestamp":1553172269,"path_taken":["M","?","?","?","$","M","E"],"build_version":"2019-01-23","purchased_purges":0,"victory":false,"max_hp_per_floor":[75,75,75,75,75,75,75],"card_choices":[{"not_picked":["Thunderclap","Sword Boomerang"],"picked":"Whirlwind","floor":1.0},{"not_picked":["Dropkick","Rage"],"picked":"True Grit","floor":4.0},{"not_picked":["Flex","Pommel Strike"],"picked":"Sentinel","floor":6.0}],"player_experience":383254,"relics_obtained":[{"floor":0.0,"key":"Centennial Puzzle"},{"floor":0.0,"key":"Darkstone Periapt"},{"floor":0.0,"key":"Calipers"}],"event_choices":[{"cards_removed":["Regret"],"damage_healed":0.0,"max_hp_gain":0.0,"max_hp_loss":0.0,"gold_gain":0.0,"event_name":"Golden Wing","player_choice":"Card Removal","floor":2.0,"gold_loss":0.0,"damage_taken":7.0},{"damage_healed":0.0,"max_hp_gain":0.0,"max_hp_loss":0.0,"gold_gain":0.0,"cards_transformed":["Strike_R"],"event_name":"Transmorgrifier","player_choice":"Transformed","floor":3.0,"gold_loss":0.0,"damage_taken":0.0,"cards_obtained":["Headbutt"]}],"is_beta":false,"boss_relics":[],"items_purged_floors":[],"is_endless":false,"potions_floor_spawned":[6],"killed_by":"Lagavulin","ascension_level":20}