{"gold_per_floor":[15,15,15,26,37,37,63,78,78,28,56,56,31,47,47,148,148,129,129,54,54,154,154],"floor_reached":23,"playtime":1266,"items_purged":["Defend_B"],"score":344,"play_id":"cdc9bdd7-ba14-4957-9b03-ac058713facc","local_time":"20190119135320","is_ascension_mode":true,"campfire_choices":[{"data":"Chaos","floor":6.0,"key":"SMITH"},{"data":"Biased Cognition","floor":12.0,"key":"SMITH"},{"data":"Dualcast","floor":15.0,"key":"SMITH"}],"neow_cost":"NO_GOLD","seed_source_timestamp":68218798246288,"circlet_count":0,"master_deck":["AscendersBane","Strike_B","Strike_B","Strike_B","Defend_B","Defend_B","Defend_B","Zap","Dualcast+1","Biased Cognition+1","Chaos+1","Glacier","Cold Snap","Compile Driver","White Noise","Force Field","Cold Snap","Conserve Battery","Fission","Heatsinks+1","Leap"],"special_seed":0,"relics":["Cracked Core","Gambling Chip","Mercury Hourglass","Bronze Scales","Du-Vu Doll","Velvet Choker","Unceasing Top","Question Card"],"potions_floor_usage":[23,23],"damage_taken":[{"damage":1.0,"enemies":"Cultist","floor":1.0,"turns":3.0},{"damage":8.0,"enemies":"Small Slimes","floor":4.0,"turns":3.0},{"damage":2.0,"enemies":"Jaw Worm","floor":5.0,"turns":5.0},{"damage":15.0,"enemies":"Gremlin Nob","floor":7.0,"turns":3.0},{"damage":0.0,"enemies":"Gremlin Gang","floor":8.0,"turns":4.0},{"damage":0.0,"enemies":"3 Sentries","floor":11.0,"turns":4.0},{"damage":0.0,"enemies":"Large Slime","floor":14.0,"turns":5.0},{"damage":11.0,"enemies":"The Guardian","floor":16.0,"turns":9.0},{"damage":7.0,"enemies":"2 Thieves","floor":18.0,"turns":4.0},{"damage":20.0,"enemies":"Colosseum Slavers","floor":22.0,"turns":5.0},{"damage":26.0,"enemies":"Colosseum Nobs","floor":22.0,"turns":7.0},{"damage":15,"enemies":"Slavers","floor":23,"turns":1}],"seed_played":"458612564953175446","potions_obtained":[{"floor":5.0,"key":"Poison Potion"},{"floor":7.0,"key":"SpeedPotion"},{"floor":8.0,"key":"GamblersBrew"},{"floor":18.0,"key":"FocusPotion"}],"is_trial":false,"path_per_floor":["M","$","T","M","M","R","E","M","T","?","E","R","$","M","R","B",null,"M","?","$","?","?","E"],"character_chosen":"DEFECT","items_purchased":["Cold Snap"],"campfire_rested":0,"item_purchase_floors":[13],"current_hp_per_floor":[67,67,67,59,57,57,42,42,42,42,42,42,42,42,42,31,64,57,57,57,57,11,0],"gold":154,"neow_bonus":"THREE_RARE_CARDS","is_prod":false,"is_daily":false,"chose_seed":false,"campfire_upgraded":3,"win_rate":0,"timestamp":1547924000,"path_taken":["M","?","?","M","M","R","E","M","T","?","E","R","?","?","R","BOSS","M","?","$","?","?","E"],"build_version":"2019-01-17v2","purchased_purges":1,"victory":false,"max_hp_per_floor":[75,75,75,75,75,75,75,75,75,75,75,75,75,75,75,75,75,75,75,75,75,75,75],"card_choices":[{"not_picked":["Meteor Strike","All For One"],"picked":"Biased Cognition","floor":0.0},{"not_picked":["Sweeping Beam","Beam Cell"],"picked":"Chaos","floor":1.0},{"not_picked":["Heatsinks","Lockon"],"picked":"Glacier","floor":4.0},{"not_picked":["Rip and Tear","Genetic Algorithm"],"picked":"Cold Snap","floor":5.0},{"not_picked":["Sweeping Beam","Rip and Tear"],"picked":"Compile Driver","floor":7.0},{"not_picked":["Gash","Aggregate"],"picked":"White Noise","floor":8.0},{"not_picked":["Aggregate","Sweeping Beam"],"picked":"Force Field","floor":11.0},{"not_picked":["Redo","Doom and Gloom"],"picked":"Conserve Battery","floor":14.0},{"not_picked":["Meteor Strike","Reboot"],"picked":"Fission","floor":16.0},{"not_picked":["Ball Lightning","Sweeping Beam"],"picked":"Heatsinks+1","floor":18.0}],"player_experience":429808,"relics_obtained":[{"floor":3.0,"key":"Gambling Chip"},{"floor":7.0,"key":"Mercury Hourglass"},{"floor":9.0,"key":"Bronze Scales"},{"floor":11.0,"key":"Du-Vu Doll"},{"floor":22.0,"key":"Unceasing Top"},{"floor":22.0,"key":"Question Card"}],"event_choices":[{"cards_removed":["Strike_B"],"damage_healed":0.0,"max_hp_gain":0.0,"max_hp_loss":0.0,"gold_gain":0.0,"event_name":"The Cleric","player_choice":"Card Removal","floor":10.0,"gold_loss":50.0,"damage_taken":0.0},{"damage_healed":0.0,"max_hp_gain":0.0,"max_hp_loss":0.0,"gold_gain":0.0,"event_name":"The Mausoleum","player_choice":"Ignored","floor":19.0,"gold_loss":0.0,"damage_taken":0.0},{"damage_healed":0.0,"max_hp_gain":0.0,"max_hp_loss":0.0,"gold_gain":0.0,"event_name":"The Library","player_choice":"Read","floor":21.0,"gold_loss":0.0,"damage_taken":0.0,"cards_obtained":["Leap"]},{"damage_healed":0.0,"max_hp_gain":0.0,"max_hp_loss":0.0,"gold_gain":0.0,"event_name":"Colosseum","player_choice":"Fight","floor":22.0,"gold_loss":0.0,"damage_taken":0.0},{"damage_healed":0.0,"max_hp_gain":0.0,"max_hp_loss":0.0,"gold_gain":0.0,"event_name":"Colosseum","player_choice":"Fought Nobs","floor":22.0,"gold_loss":0.0,"damage_taken":0.0}],"is_beta":false,"boss_relics":[{"not_picked":["Runic Dome","Coffee Dripper"],"picked":"Velvet Choker"}],"items_purged_floors":[20],"is_endless":false,"potions_floor_spawned":[5,7,8,11,18,22],"killed_by":"Slavers","ascension_level":11}