{"gold_per_floor":[364,137,212,33,44,44,74,174,174,26,26,40,57,87,87,182,182,198,218,218],"floor_reached":20,"playtime":1109,"items_purged":["Strike_B","Defend_B"],"score":311,"play_id":"c298353f-3cb8-45c3-957b-4fe1fd316eab","local_time":"20190112192205","is_ascension_mode":true,"campfire_choices":[{"data":"Defragment","floor":6.0,"key":"SMITH"},{"data":"Biased Cognition","floor":11.0,"key":"SMITH"},{"data":"Defragment","floor":15.0,"key":"SMITH"}],"neow_cost":"TEN_PERCENT_HP_LOSS","seed_source_timestamp":0,"circlet_count":0,"master_deck":["AscendersBane","Strike_B","Strike_B","Strike_B","Defend_B","Defend_B","Defend_B","Zap","Dualcast","Hologram","Defragment+1","Coolheaded","Cold Snap","Chill","FTL","Streamline","Conserve Battery","Biased Cognition+1","Leap","Consume","Self Repair","Defragment+1","Rainbow","Glacier","Loop","BootSequence","Sunder","Heatsinks","Seek"],"special_seed":0,"relics":["Cracked Core","Gremlin Horn","Sundial","Pen Nib","Orrery"],"potions_floor_usage":[20],"damage_taken":[{"damage":6.0,"enemies":"Cultist","floor":1.0,"turns":4.0},{"damage":1.0,"enemies":"2 Louse","floor":5.0,"turns":3.0},{"damage":0.0,"enemies":"3 Sentries","floor":7.0,"turns":11.0},{"damage":0.0,"enemies":"Small Slimes","floor":12.0,"turns":2.0},{"damage":2.0,"enemies":"Looter","floor":13.0,"turns":3.0},{"damage":8.0,"enemies":"Gremlin Nob","floor":14.0,"turns":5.0},{"damage":37.0,"enemies":"Slime Boss","floor":16.0,"turns":17.0},{"damage":0,"enemies":"Chosen","floor":18,"turns":5},{"damage":39,"enemies":"2 Thieves","floor":19,"turns":5},{"damage":28,"enemies":"Masked Bandits","floor":20,"turns":3}],"seed_played":"2941205827171643736","potions_obtained":[{"floor":1.0,"key":"FocusPotion"},{"floor":13.0,"key":"GamblersBrew"}],"is_trial":false,"path_per_floor":["M","$","?","$","M","R","E","?","T","$","R","M","M","E","R","B",null,"M","M","?"],"character_chosen":"DEFECT","items_purchased":["Defragment","Coolheaded","Cold Snap","Chill","FTL","Streamline","Leap"],"campfire_rested":0,"item_purchase_floors":[2,2,2,2,4,4,10],"current_hp_per_floor":[62,62,56,56,55,55,55,55,55,55,55,55,53,52,52,22,57,57,18,0],"gold":218,"neow_bonus":"TWO_FIFTY_GOLD","is_prod":false,"is_daily":false,"chose_seed":false,"campfire_upgraded":3,"win_rate":0,"timestamp":1547338925,"path_taken":["M","$","?","$","?","R","E","?","T","$","R","M","M","E","R","BOSS","M","?","?"],"build_version":"2019-01-10","purchased_purges":2,"victory":false,"max_hp_per_floor":[68,68,68,68,68,68,68,68,68,68,68,68,68,68,68,68,68,68,68,68],"card_choices":[{"not_picked":["Aggregate","Static Discharge"],"picked":"Hologram","floor":1.0},{"not_picked":["Lockon","Go for the Eyes"],"picked":"Conserve Battery","floor":5.0},{"not_picked":["White Noise","Steam Power"],"picked":"Biased Cognition","floor":7.0},{"not_picked":["Turbo","Hologram"],"picked":"Consume","floor":12.0},{"not_picked":["Beam Cell","Hello World"],"picked":"Self Repair","floor":13.0},{"not_picked":["Redo","Ball Lightning"],"picked":"Defragment","floor":14.0},{"not_picked":["Meteor Strike","Seek"],"picked":"Rainbow","floor":16.0},{"not_picked":["Undo","Go for the Eyes"],"picked":"Glacier","floor":17},{"not_picked":["Compile Driver","Conserve Battery"],"picked":"Loop","floor":17},{"not_picked":["Rip and Tear","Storm"],"picked":"BootSequence","floor":17},{"not_picked":["Cold Snap","Gash"],"picked":"Sunder","floor":17},{"not_picked":["Recycle","Stack+1"],"picked":"Heatsinks","floor":18},{"not_picked":["Streamline","Stack"],"picked":"Seek","floor":19}],"player_experience":362547,"relics_obtained":[{"floor":7.0,"key":"Gremlin Horn"},{"floor":9.0,"key":"Sundial"},{"floor":14.0,"key":"Pen Nib"}],"event_choices":[{"damage_healed":0.0,"max_hp_gain":0.0,"max_hp_loss":0.0,"gold_gain":75.0,"event_name":"FaceTrader","player_choice":"Touch","floor":3.0,"gold_loss":0.0,"damage_taken":6.0},{"damage_healed":0.0,"max_hp_gain":0.0,"max_hp_loss":0.0,"gold_gain":100.0,"event_name":"Wheel of Change","player_choice":"Gold","floor":8.0,"gold_loss":0.0,"damage_taken":0.0},{"damage_healed":0,"gold_gain":0,"player_choice":"Fought Bandits","damage_taken":0,"max_hp_gain":0,"max_hp_loss":0,"event_name":"Masked Bandits","floor":20,"gold_loss":0}],"is_beta":false,"boss_relics":[{"not_picked":["White Beast Statue","Pandora\u0027s Box"],"picked":"Orrery"}],"items_purged_floors":[4,10],"is_endless":false,"potions_floor_spawned":[1,13],"killed_by":"Masked Bandits","ascension_level":10}