{"gold_per_floor":[112,122,47,64,76,76,76,76,154,170,180,197,197,231,231,336,336,352,352,352,267,287,287,304,323,323,49,69,86,86,104,104,202,202,214,314,324,341,19,49,123,73,150,150,8,33,33,33,33,33],"floor_reached":51,"playtime":3962,"items_purged":["Strike_R","Strike_R"],"score":1079,"play_id":"6fd4c0b5-8f51-4caa-a35b-b638ea3f4833","local_time":"20190306134026","is_ascension_mode":true,"campfire_choices":[{"floor":6.0,"key":"REST"},{"data":"Bash","floor":8.0,"key":"SMITH"},{"data":"Offering","floor":13.0,"key":"SMITH"},{"floor":15.0,"key":"REST"},{"floor":23.0,"key":"REST"},{"floor":32.0,"key":"REST"},{"floor":44,"key":"REST"},{"floor":47,"key":"REST"},{"data":"Whirlwind","floor":49,"key":"SMITH"}],"neow_cost":"NONE","seed_source_timestamp":9598456911793,"circlet_count":0,"master_deck":["AscendersBane","Strike_R","Strike_R","Defend_R","Defend_R","Defend_R","Defend_R","Bash+1","Flex+1","Warcry","Carnage","Heavy Blade","Shrug It Off","Evolve","Offering+1","Feel No Pain","Inflame","Shrug It Off","Offering","Headbutt+1","Impervious","Havoc","Havoc","Whirlwind+1","Intimidate","Armaments","Offering","Second Wind","Warcry","Rupture","Fiend Fire","True Grit","Rage","Fiend Fire","True Grit+1"],"special_seed":0,"relics":["Black Blood","Dream Catcher","Tiny Chest","Lantern","Dead Branch","Self Forming Clay","Anchor","Busted Crown","Unceasing Top","Prayer Wheel","Bottled Flame","Darkstone Periapt","Letter Opener","Regal Pillow"],"potions_floor_usage":[33,50,50],"damage_taken":[{"damage":14.0,"enemies":"Jaw Worm","floor":1.0,"turns":4.0},{"damage":8.0,"enemies":"2 Louse","floor":2.0,"turns":2.0},{"damage":18.0,"enemies":"Small Slimes","floor":4.0,"turns":4.0},{"damage":27.0,"enemies":"Exordium Thugs","floor":5.0,"turns":5.0},{"damage":13.0,"enemies":"Large Slime","floor":10.0,"turns":4.0},{"damage":5.0,"enemies":"Exordium Wildlife","floor":11.0,"turns":3.0},{"damage":4.0,"enemies":"Looter","floor":12.0,"turns":3.0},{"damage":16.0,"enemies":"3 Sentries","floor":14.0,"turns":7.0},{"damage":48.0,"enemies":"The Guardian","floor":16.0,"turns":10.0},{"damage":23.0,"enemies":"Spheric Guardian","floor":18.0,"turns":3.0},{"damage":17.0,"enemies":"2 Thieves","floor":22.0,"turns":3.0},{"damage":22.0,"enemies":"Snecko","floor":24.0,"turns":4.0},{"damage":18.0,"enemies":"Shelled Parasite and Fungi","floor":25.0,"turns":4.0},{"damage":6.0,"enemies":"Centurion and Healer","floor":28.0,"turns":3.0},{"damage":6.0,"enemies":"Cultist and Chosen","floor":29.0,"turns":4.0},{"damage":20.0,"enemies":"Sentry and Sphere","floor":31.0,"turns":5.0},{"damage":56,"enemies":"Collector","floor":33,"turns":6},{"damage":6,"enemies":"3 Shapes","floor":35,"turns":2},{"damage":24,"enemies":"Mind Bloom Boss Battle","floor":36,"turns":5},{"damage":6,"enemies":"Orb Walker","floor":37,"turns":3},{"damage":21,"enemies":"3 Darklings","floor":38,"turns":5},{"damage":43,"enemies":"Nemesis","floor":40,"turns":5},{"damage":14,"enemies":"Reptomancer","floor":46,"turns":6},{"damage":52,"enemies":"Donu and Deca","floor":50,"turns":5}],"seed_played":"3177264011082688171","potions_obtained":[{"floor":2.0,"key":"PowerPotion"},{"floor":4.0,"key":"LiquidBronze"},{"floor":16.0,"key":"Fruit Juice"},{"floor":22.0,"key":"BloodPotion"},{"floor":24.0,"key":"Fire Potion"},{"floor":33,"key":"SpeedPotion"},{"floor":37,"key":"PowerPotion"}],"is_trial":false,"path_per_floor":["M","M","$","M","M","R","?","R","T","M","M","M","R","E","R","B",null,"M","?","?","?","M","R","M","M","T","$","M","M","?","M","R","B",null,"M","?","M","M","$","E","T","$","T","R","$","E","R","?","R","B",null],"character_chosen":"IRONCLAD","items_purchased":["Armaments","Anchor","Prayer Wheel","True Grit","PowerPotion","Fiend Fire"],"campfire_rested":6,"item_purchase_floors":[27,27,39,39,42,45],"current_hp_per_floor":[64,62,62,50,29,53,53,53,53,46,47,49,49,39,63,26,70,57,57,41,41,34,61,58,50,50,50,54,58,58,48,75,29,75,79,65,69,58,58,25,25,25,25,52,52,48,90,90,90,48],"gold":33,"neow_bonus":"RANDOM_COMMON_RELIC","is_prod":false,"is_daily":false,"chose_seed":false,"campfire_upgraded":3,"win_rate":0,"timestamp":1551847226,"path_taken":["M","M","$","M","M","R","?","R","T","M","M","M","R","E","R","BOSS","M","?","?","?","M","R","?","M","T","$","M","M","?","M","R","BOSS","M","?","M","M","$","E","?","?","T","R","$","E","R","?","R","BOSS"],"build_version":"2019-01-23","purchased_purges":2,"victory":true,"max_hp_per_floor":[80,80,80,80,80,80,80,80,80,80,80,80,80,80,80,85,85,85,85,90,90,90,90,90,90,90,90,90,90,90,90,90,90,90,90,90,90,90,90,90,90,90,90,90,90,90,90,90,90,90],"card_choices":[{"not_picked":["True Grit","Wild Strike"],"picked":"Flex","floor":1.0},{"not_picked":["Body Slam","Wild Strike"],"picked":"Warcry","floor":2.0},{"not_picked":["Rage","Dropkick"],"picked":"Carnage","floor":4.0},{"not_picked":["Twin Strike","Body Slam"],"picked":"Heavy Blade","floor":5.0},{"not_picked":["Spot Weakness","Flex"],"picked":"Shrug It Off","floor":6.0},{"not_picked":["True Grit","Armaments"],"picked":"Evolve","floor":10.0},{"not_picked":["Wild Strike","Infernal Blade"],"picked":"Offering","floor":11.0},{"not_picked":["Thunderclap","Havoc"],"picked":"Feel No Pain","floor":12.0},{"not_picked":["Warcry","Evolve"],"picked":"Inflame","floor":14.0},{"not_picked":["Anger","Blood for Blood"],"picked":"Shrug It Off","floor":15.0},{"not_picked":["Double Tap","Limit Break"],"picked":"Offering","floor":16.0},{"not_picked":["Anger","Shrug It Off"],"picked":"Headbutt+1","floor":18.0},{"not_picked":["Perfected Strike","Bloodletting"],"picked":"Havoc","floor":22.0},{"not_picked":["Cleave","Uppercut"],"picked":"Havoc","floor":23.0},{"not_picked":["Fire Breathing","Anger"],"picked":"Whirlwind","floor":24.0},{"not_picked":["Twin Strike","Anger"],"picked":"Intimidate","floor":25.0},{"not_picked":["Shrug It Off","Thunderclap"],"picked":"Offering","floor":28.0},{"not_picked":["Heavy Blade","Body Slam"],"picked":"Second Wind","floor":29.0},{"not_picked":["Blood for Blood","Cleave"],"picked":"Warcry","floor":31.0},{"not_picked":["Havoc","Body Slam"],"picked":"Rupture","floor":32.0},{"not_picked":["Offering","Impervious"],"picked":"Fiend Fire","floor":33},{"not_picked":["Heavy Blade"],"picked":"SKIP","floor":35},{"not_picked":["Thunderclap"],"picked":"SKIP","floor":37},{"not_picked":["Shrug It Off"],"picked":"SKIP","floor":38},{"not_picked":[],"picked":"Rage","floor":40},{"not_picked":[],"picked":"True Grit+1","floor":46}],"player_experience":242246,"relics_obtained":[{"floor":9.0,"key":"Tiny Chest"},{"floor":14.0,"key":"Lantern"},{"floor":26.0,"key":"Self Forming Clay"},{"floor":36,"key":"Unceasing Top"},{"floor":40,"key":"Bottled Flame"},{"floor":41,"key":"Darkstone Periapt"},{"floor":43,"key":"Letter Opener"},{"floor":46,"key":"Regal Pillow"}],"event_choices":[{"damage_healed":0.0,"max_hp_gain":0.0,"max_hp_loss":0.0,"gold_gain":0.0,"event_name":"Living Wall","player_choice":"Grow","floor":7.0,"gold_loss":0.0,"damage_taken":0.0,"cards_upgraded":["Flex"]},{"damage_healed":0.0,"max_hp_gain":0.0,"max_hp_loss":0.0,"gold_gain":0.0,"event_name":"The Library","player_choice":"Read","floor":19.0,"gold_loss":0.0,"damage_taken":0.0,"cards_obtained":["Impervious"]},{"damage_healed":0.0,"max_hp_gain":5.0,"max_hp_loss":0.0,"gold_gain":0.0,"event_name":"Forgotten Altar","player_choice":"Shed Blood","floor":20.0,"gold_loss":0.0,"damage_taken":21.0},{"damage_healed":0.0,"max_hp_gain":0.0,"max_hp_loss":0.0,"gold_gain":0.0,"event_name":"Addict","player_choice":"Obtained Relic","floor":21.0,"gold_loss":85.0,"damage_taken":0.0,"relics_obtained":["Dead Branch"]},{"damage_healed":0.0,"max_hp_gain":0.0,"max_hp_loss":0.0,"gold_gain":0.0,"event_name":"Vampires","player_choice":"Ignored","floor":30.0,"gold_loss":0.0,"damage_taken":0.0},{"damage_healed":0,"gold_gain":0,"player_choice":"Fight","damage_taken":0,"max_hp_gain":0,"max_hp_loss":0,"event_name":"MindBloom","floor":36,"gold_loss":0},{"cards_removed":["Strike_R"],"damage_healed":0,"gold_gain":0,"player_choice":"Removed Attack","damage_taken":0,"max_hp_gain":0,"max_hp_loss":0,"event_name":"Falling","floor":48,"gold_loss":0}],"is_beta":false,"boss_relics":[{"not_picked":["Runic Cube","White Beast Statue"],"picked":"Black Blood"},{"not_picked":["Black Star","Calling Bell"],"picked":"Busted Crown"}],"items_purged_floors":[3,27],"is_endless":false,"potions_floor_spawned":[2,4,16,22,24,28,33,37,38,40],"ascension_level":12}