{"gold_per_floor":[362,379,396,12,12,12,12,38,38,38,50,50,21,38,38,113,113,113,13,13,13,13,13,13,13,13,13,13,13,13,13,13,13],"floor_reached":33,"playtime":1218,"items_purged":[],"score":566,"play_id":"f9df2b46-86cb-4cb1-97c5-22d7545dd68b","local_time":"20190313120317","is_ascension_mode":true,"campfire_choices":[{"data":"Carnage","floor":6,"key":"SMITH"},{"data":"Flame Barrier","floor":12,"key":"SMITH"},{"data":"Flex","floor":15,"key":"SMITH"},{"data":"Limit Break","floor":23,"key":"SMITH"},{"data":"Inflame","floor":25,"key":"SMITH"},{"floor":28,"key":"REST"},{"floor":32,"key":"REST"}],"neow_cost":"TEN_PERCENT_HP_LOSS","seed_source_timestamp":543682022981970,"circlet_count":0,"master_deck":["AscendersBane","Strike_R","Strike_R","Strike_R","Strike_R","Strike_R+1","Defend_R","Defend_R","Defend_R","Defend_R","Bash+1","Flame Barrier+1","Shockwave+1","Carnage+1","Evolve","Limit Break+1","Shrug It Off","Offering","Flex+1","Metallicize","Double Tap","Battle Trance","Inflame+1","Shrug It Off","Headbutt+1","Warcry"],"relics":["Burning Blood","OrangePellets","Pocketwatch","Whetstone","Ectoplasm","Blue Candle","Art of War","Calipers","Bottled Lightning","Singing Bowl"],"potions_floor_usage":[8,16,27,27,33],"damage_taken":[{"damage":7,"enemies":"2 Louse","floor":1,"turns":3},{"damage":11,"enemies":"Jaw Worm","floor":2,"turns":7},{"damage":6,"enemies":"Small Slimes","floor":3,"turns":4},{"damage":0,"enemies":"Lagavulin","floor":8,"turns":3},{"damage":2,"enemies":"Red Slaver","floor":11,"turns":2},{"damage":6,"enemies":"Lots of Slimes","floor":14,"turns":5},{"damage":20,"enemies":"Hexaghost","floor":16,"turns":7},{"damage":4,"enemies":"3 Byrds","floor":18,"turns":2},{"damage":0,"enemies":"Chosen","floor":20,"turns":2},{"damage":23,"enemies":"Slavers","floor":24,"turns":4},{"damage":13,"enemies":"Colosseum Slavers","floor":27,"turns":2},{"damage":18,"enemies":"Colosseum Nobs","floor":27,"turns":3},{"damage":8,"enemies":"Snecko","floor":30,"turns":3},{"damage":20,"enemies":"Book of Stabbing","floor":31,"turns":4},{"damage":60,"enemies":"Automaton","floor":33,"turns":6}],"seed_played":"5198887930197049810","potions_obtained":[{"floor":1,"key":"Strength Potion"},{"floor":3,"key":"Ancient Potion"},{"floor":8,"key":"Swift Potion"},{"floor":14,"key":"FearPotion"},{"floor":18,"key":"Dexterity Potion"},{"floor":30,"key":"Poison Potion"},{"floor":31,"key":"FearPotion"}],"is_trial":false,"path_per_floor":["M","M","M","$","?","R","?","E","T","?","M","R","$","M","R","B",null,"M","$","M","$","?","R","E","R","T","?","R","$","M","E","R","B"],"character_chosen":"IRONCLAD","items_purchased":["Evolve","OrangePellets","Limit Break","Flex","Inflame","Shrug It Off"],"campfire_rested":2,"item_purchase_floors":[4,4,4,13,19,19],"current_hp_per_floor":[67,62,62,62,62,62,44,50,50,50,54,54,54,54,54,40,61,63,63,68,68,68,68,51,51,51,32,52,52,50,38,59,0],"gold":13,"neow_bonus":"TWO_FIFTY_GOLD","is_prod":false,"is_daily":false,"chose_seed":false,"campfire_upgraded":5,"win_rate":0,"timestamp":1552446197,"path_taken":["M","M","M","$","?","R","?","E","T","?","?","R","?","M","R","BOSS","M","$","M","?","?","R","E","R","T","?","R","$","M","E","R","BOSS"],"build_version":"2019-01-23","purchased_purges":0,"victory":false,"max_hp_per_floor":[68,68,68,68,68,68,68,68,68,68,68,68,68,68,68,68,68,68,68,68,68,68,68,68,68,68,68,68,68,68,70,70,70],"card_choices":[{"not_picked":["Rupture","Pummel"],"picked":"Flame Barrier","floor":1},{"not_picked":["Body Slam","Headbutt"],"picked":"Shockwave","floor":2},{"not_picked":["Fire Breathing","Heavy Blade"],"picked":"Carnage","floor":3},{"not_picked":["Havoc","Anger"],"picked":"Shrug It Off","floor":8},{"not_picked":["Wild Strike","Armaments"],"picked":"Offering","floor":11},{"not_picked":["Rupture","Shockwave"],"picked":"Metallicize","floor":14},{"not_picked":["Brutality","Offering"],"picked":"Double Tap","floor":16},{"not_picked":["Iron Wave","Second Wind"],"picked":"Battle Trance","floor":18},{"not_picked":["Uppercut","Feel No Pain"],"picked":"Headbutt+1","floor":20},{"not_picked":["Metallicize","Body Slam+1","Rage"],"picked":"SKIP","floor":24},{"not_picked":["Havoc","Evolve"],"picked":"Warcry","floor":30},{"not_picked":["Hemokinesis","Demon Form","Power Through"],"picked":"Singing Bowl","floor":31}],"player_experience":689612,"relics_obtained":[{"floor":8,"key":"Whetstone"},{"floor":24,"key":"Blue Candle"},{"floor":26,"key":"Art of War"},{"floor":27,"key":"Calipers"},{"floor":27,"key":"Bottled Lightning"},{"floor":31,"key":"Singing Bowl"}],"event_choices":[{"damage_healed":0,"gold_gain":0,"player_choice":"Leave","damage_taken":0,"max_hp_gain":0,"max_hp_loss":0,"event_name":"The Cleric","floor":5,"gold_loss":0},{"damage_healed":0,"gold_gain":0,"player_choice":"Success","damage_taken":18,"relics_obtained":["Pocketwatch"],"max_hp_gain":0,"max_hp_loss":0,"event_name":"Scrap Ooze","floor":7,"gold_loss":0},{"damage_healed":0,"gold_gain":0,"player_choice":"Upgraded","damage_taken":0,"max_hp_gain":0,"max_hp_loss":0,"event_name":"Upgrade Shrine","floor":10,"gold_loss":0,"cards_upgraded":["Shockwave"]},{"damage_healed":0,"gold_gain":0,"player_choice":"Ignored","damage_taken":0,"max_hp_gain":0,"max_hp_loss":0,"event_name":"Beggar","floor":22,"gold_loss":0},{"damage_healed":0,"gold_gain":0,"player_choice":"Fight","damage_taken":0,"max_hp_gain":0,"max_hp_loss":0,"event_name":"Colosseum","floor":27,"gold_loss":0},{"damage_healed":0,"gold_gain":0,"player_choice":"Fought Nobs","damage_taken":0,"max_hp_gain":0,"max_hp_loss":0,"event_name":"Colosseum","floor":27,"gold_loss":0}],"is_beta":false,"boss_relics":[{"not_picked":["Orrery","Pandora\u0027s Box"],"picked":"Ectoplasm"}],"items_purged_floors":[],"is_endless":false,"potions_floor_spawned":[1,3,8,14,18,30,31],"killed_by":"Automaton","ascension_level":17}