{"gold_per_floor":[213,223,223,76,76,76,76,52,98,117,134,166,178,44,44,143,143,159,170,370,384,394,394,1,1,1,18,18,118,118],"floor_reached":30,"playtime":1086,"items_purged":["Defend_B","Strike_B","Defend_B"],"score":345,"play_id":"894b355b-fd3d-47bf-a679-1c82daa5472a","local_time":"20190115205720","is_ascension_mode":true,"campfire_choices":[{"data":"Streamline","floor":6,"key":"SMITH"},{"floor":15,"key":"REST"},{"data":"Echo Form","floor":23,"key":"SMITH"},{"data":"Apotheosis","floor":25,"key":"SMITH"}],"neow_cost":"NONE","seed_source_timestamp":297710299783238,"circlet_count":0,"master_deck":["AscendersBane","Strike_B","Strike_B","Defend_B","Defend_B","Zap","Dualcast","Compile Driver","Cold Snap","Streamline+1","Conserve Battery","Sweeping Beam","Go for the Eyes+1","Sunder+1","Capacitor","Leap","Self Repair","Echo Form+1","Rebound+1","FTL+1","Apotheosis+1","Bandage Up","Coolheaded"],"relics":["Cracked Core","Anchor","Molten Egg 2","Oddly Smooth Stone","Ice Cream","Busted Crown","Pear","Emotion Chip","Sundial"],"potions_floor_usage":[12,16,21,21,29],"damage_taken":[{"damage":6,"enemies":"Cultist","floor":1,"turns":3},{"damage":7,"enemies":"Jaw Worm","floor":2,"turns":2},{"damage":8,"enemies":"Small Slimes","floor":10,"turns":2},{"damage":0,"enemies":"3 Louse","floor":11,"turns":2},{"damage":14,"enemies":"Gremlin Nob","floor":12,"turns":4},{"damage":5,"enemies":"Blue Slaver","floor":13,"turns":3},{"damage":30,"enemies":"Hexaghost","floor":16,"turns":11},{"damage":6,"enemies":"2 Thieves","floor":18,"turns":4},{"damage":0,"enemies":"Spheric Guardian","floor":19,"turns":2},{"damage":25,"enemies":"Snake Plant","floor":21,"turns":4},{"damage":15,"enemies":"Sentry and Sphere","floor":22,"turns":5},{"damage":9,"enemies":"Chosen and Byrds","floor":27,"turns":6},{"damage":0,"enemies":"Colosseum Slavers","floor":29,"turns":5},{"damage":50,"enemies":"Colosseum Nobs","floor":29,"turns":5},{"damage":12,"enemies":"Snake Plant","floor":30,"turns":1}],"seed_played":"7333111343585224234","potions_obtained":[{"floor":1,"key":"FocusPotion"},{"floor":2,"key":"Energy Potion"},{"floor":10,"key":"SteroidPotion"},{"floor":19,"key":"SneckoOil"},{"floor":22,"key":"Weak Potion"}],"is_trial":false,"path_per_floor":["M","M","?","$","?","R","T","$","T","M","M","E","M","$","R","B",null,"M","M","?","M","M","R","$","R","T","M","$","?","M"],"character_chosen":"DEFECT","items_purchased":["Conserve Battery","Sweeping Beam","Go for the Eyes+1","Self Repair","Apotheosis","Bandage Up"],"campfire_rested":1,"item_purchase_floors":[4,4,8,14,24,24],"current_hp_per_floor":[62,55,55,55,43,43,43,43,43,35,35,21,16,16,38,15,60,61,61,61,43,35,35,35,35,45,47,47,8,0],"gold":118,"neow_bonus":"HUNDRED_GOLD","is_prod":false,"is_daily":false,"chose_seed":false,"campfire_upgraded":3,"win_rate":0,"timestamp":1547603840,"path_taken":["M","M","?","?","?","R","?","$","T","?","M","E","M","$","R","BOSS","M","M","?","M","M","R","$","R","T","?","$","?","M"],"build_version":"2019-01-10","purchased_purges":3,"victory":false,"max_hp_per_floor":[75,75,75,75,75,75,75,75,75,75,75,75,75,75,75,75,75,75,75,75,75,75,75,75,75,85,85,85,85,85],"card_choices":[{"not_picked":["Double Energy","Stack"],"picked":"Compile Driver","floor":1},{"not_picked":["Turbo","Fusion"],"picked":"Cold Snap","floor":2},{"not_picked":["Melter+1","Turbo"],"picked":"Sunder+1","floor":10},{"not_picked":["Redo","Fusion"],"picked":"Capacitor","floor":11},{"not_picked":["Heatsinks","Go for the Eyes+1","Beam Cell+1"],"picked":"SKIP","floor":12},{"not_picked":["Beam Cell+1","Go for the Eyes+1"],"picked":"Leap","floor":13},{"not_picked":["Hyperbeam+1","Fission"],"picked":"Echo Form","floor":16},{"not_picked":[],"picked":"Rebound+1","floor":18},{"not_picked":["Melter+1"],"picked":"SKIP","floor":19},{"not_picked":["Static Discharge"],"picked":"SKIP","floor":21},{"not_picked":[],"picked":"FTL+1","floor":22},{"not_picked":[],"picked":"Coolheaded","floor":27}],"player_experience":402739,"relics_obtained":[{"floor":7,"key":"Molten Egg 2"},{"floor":9,"key":"Oddly Smooth Stone"},{"floor":12,"key":"Ice Cream"},{"floor":26,"key":"Pear"},{"floor":29,"key":"Emotion Chip"},{"floor":29,"key":"Sundial"}],"event_choices":[{"damage_healed":0,"gold_gain":0,"cards_transformed":["Strike_B"],"player_choice":"Transformed","damage_taken":0,"max_hp_gain":0,"max_hp_loss":0,"event_name":"Transmorgrifier","floor":3,"gold_loss":0,"cards_obtained":["Streamline"]},{"damage_healed":0,"gold_gain":0,"player_choice":"Success","damage_taken":12,"relics_obtained":["Anchor"],"max_hp_gain":0,"max_hp_loss":0,"event_name":"Scrap Ooze","floor":5,"gold_loss":0},{"damage_healed":0,"gold_gain":250,"player_choice":"Bet on Owner","damage_taken":0,"max_hp_gain":0,"max_hp_loss":0,"event_name":"The Joust","floor":20,"gold_loss":50},{"damage_healed":0,"gold_gain":0,"player_choice":"Fight","damage_taken":0,"max_hp_gain":0,"max_hp_loss":0,"event_name":"Colosseum","floor":29,"gold_loss":0},{"damage_healed":0,"gold_gain":0,"player_choice":"Fought Nobs","damage_taken":0,"max_hp_gain":0,"max_hp_loss":0,"event_name":"Colosseum","floor":29,"gold_loss":0}],"is_beta":false,"boss_relics":[{"not_picked":["Inserter","Philosopher\u0027s Stone"],"picked":"Busted Crown"}],"items_purged_floors":[4,14,24],"is_endless":false,"potions_floor_spawned":[1,2,10,19,22],"killed_by":"Snake Plant","ascension_level":10}