{"gold_per_floor":[115,129,109,6,20,20,38,38,38,48,80,80,96,116,116,195,195,206,23,40,40,53,53,86,86,86,86,120,120,144,156,156,233,233,253,71,71,29,45,45,57,67,91,105,105,105,105,115,115,115],"floor_reached":50,"playtime":2818,"items_purged":["Doubt"],"score":993,"play_id":"de0d7b83-fa40-40bd-b29f-2c702506deb5","local_time":"20190309102936","is_ascension_mode":true,"campfire_choices":[{"data":"Cloak And Dagger","floor":6,"key":"SMITH"},{"data":"Neutralize","floor":8,"key":"SMITH"},{"data":"Cloak And Dagger","floor":12,"key":"SMITH"},{"data":"Footwork","floor":15,"key":"SMITH"},{"data":"Noxious Fumes","floor":23,"key":"SMITH"},{"data":"Dagger Spray","floor":25,"key":"SMITH"},{"floor":27,"key":"REST"},{"floor":29,"key":"DIG"},{"floor":32,"key":"DIG"},{"floor":40,"key":"DIG"},{"floor":45,"key":"REST"},{"floor":47,"key":"REST"},{"floor":49,"key":"DIG"}],"neow_cost":"NONE","seed_source_timestamp":190862302851132,"circlet_count":0,"master_deck":["AscendersBane","Defend_G","Defend_G","Defend_G","Defend_G","Defend_G","Strike_G","Strike_G","Strike_G","Strike_G","Strike_G","Survivor","Neutralize+1","Flying Knee","Cloak And Dagger+1","Bandage Up","Dagger Throw","Footwork+1","Adrenaline","Cloak And Dagger+1","PiercingWail","Glass Knife","Noxious Fumes+1","Noxious Fumes","Flash of Steel","Dagger Spray+1","Catalyst+1","Noxious Fumes","Backstab","After Image","Footwork","Blind","Panacea","Footwork","Backflip+1","Prepared+1","Backflip+1","Parasite","Backflip","Madness","Madness","Crippling Poison"],"relics":["Ring of the Snake","Happy Flower","Omamori","Shuriken","Runic Pyramid","Bottled Flame","Gremlin Horn","Dodecahedron","Shovel","Art of War","Juzu Bracelet","Mummified Hand","Calling Bell","Regal Pillow","Singing Bowl","Girya","Centennial Puzzle","Bronze Scales","Orichalcum"],"potions_floor_usage":[11,24,28,42,44,44,50],"damage_taken":[{"damage":1,"enemies":"2 Louse","floor":1,"turns":6},{"damage":0,"enemies":"Cultist","floor":2,"turns":3},{"damage":4,"enemies":"Jaw Worm","floor":5,"turns":4},{"damage":1,"enemies":"3 Louse","floor":7,"turns":4},{"damage":3,"enemies":"Blue Slaver","floor":10,"turns":4},{"damage":15,"enemies":"3 Sentries","floor":11,"turns":9},{"damage":0,"enemies":"2 Fungi Beasts","floor":13,"turns":3},{"damage":3,"enemies":"Exordium Thugs","floor":14,"turns":5},{"damage":6,"enemies":"Hexaghost","floor":16,"turns":10},{"damage":0,"enemies":"Chosen","floor":18,"turns":6},{"damage":3,"enemies":"3 Byrds","floor":20,"turns":6},{"damage":7,"enemies":"Snake Plant","floor":22,"turns":5},{"damage":19,"enemies":"Slavers","floor":24,"turns":6},{"damage":9,"enemies":"Book of Stabbing","floor":28,"turns":4},{"damage":6,"enemies":"Centurion and Healer","floor":31,"turns":6},{"damage":31,"enemies":"Automaton","floor":33,"turns":9},{"damage":0,"enemies":"Orb Walker","floor":35,"turns":3},{"damage":11,"enemies":"3 Darklings","floor":39,"turns":6},{"damage":1,"enemies":"Sphere and 2 Shapes","floor":41,"turns":6},{"damage":52,"enemies":"Jaw Worm Horde","floor":42,"turns":4},{"damage":0,"enemies":"Writhing Mass","floor":44,"turns":7},{"damage":0,"enemies":"Maw","floor":48,"turns":7},{"damage":70,"enemies":"Awakened One","floor":50,"turns":8}],"seed_played":"8619925004683190355","potions_obtained":[{"floor":3,"key":"Swift Potion"},{"floor":5,"key":"SneckoOil"},{"floor":7,"key":"Fire Potion"},{"floor":13,"key":"Dexterity Potion"},{"floor":22,"key":"GhostInAJar"},{"floor":24,"key":"Poison Potion"},{"floor":31,"key":"LiquidBronze"},{"floor":42,"key":"SteroidPotion"},{"floor":48,"key":"Swift Potion"}],"is_trial":false,"path_per_floor":["M","M","?","$","M","R","M","R","T","M","E","R","M","M","R","B",null,"M","$","M","T","M","R","E","R","T","R","E","R","T","M","R","B",null,"M","$","?","$","M","R","M","M","T","M","R","?","R","M","R","B"],"character_chosen":"THE_SILENT","items_purchased":["Bandage Up","Noxious Fumes","Flash of Steel","Blind","Footwork"],"campfire_rested":3,"item_purchase_floors":[4,19,19,36,38],"current_hp_per_floor":[58,58,58,58,58,58,61,61,61,62,51,51,55,56,56,54,63,66,66,66,66,63,63,48,48,48,66,61,61,61,59,59,32,58,58,58,58,58,51,51,54,6,6,10,44,32,66,66,66,0],"gold":115,"neow_bonus":"RANDOM_COMMON_RELIC","is_prod":false,"is_daily":false,"chose_seed":false,"campfire_upgraded":6,"win_rate":0,"timestamp":1552094976,"path_taken":["M","M","?","$","M","R","M","R","T","M","E","R","M","M","R","BOSS","M","?","?","?","M","R","E","R","T","R","E","R","?","M","R","BOSS","M","$","?","$","M","R","M","M","T","M","R","?","R","M","R","BOSS"],"build_version":"2019-01-23","purchased_purges":1,"victory":false,"max_hp_per_floor":[66,66,66,66,66,66,66,66,66,66,66,66,66,66,66,66,66,66,66,66,66,66,66,66,66,66,66,66,66,66,66,66,66,66,66,66,66,66,66,66,66,66,66,66,66,66,66,66,66,66],"card_choices":[{"not_picked":["Blade Dance","Distraction"],"picked":"Flying Knee","floor":1},{"not_picked":["Deflect","Infinite Blades"],"picked":"Cloak And Dagger","floor":2},{"not_picked":["Acrobatics","Flying Knee"],"picked":"Dagger Throw","floor":5},{"not_picked":["Flying Knee","Acrobatics"],"picked":"Footwork","floor":7},{"not_picked":["Infinite Blades","Escape Plan"],"picked":"Adrenaline","floor":10},{"not_picked":["Prepared","Predator"],"picked":"Cloak And Dagger","floor":11},{"not_picked":["Caltrops","Dash"],"picked":"PiercingWail","floor":13},{"not_picked":["Flying Knee","Slice","Poisoned Stab"],"picked":"SKIP","floor":14},{"not_picked":["Phantasmal Killer","Unload"],"picked":"Glass Knife","floor":16},{"not_picked":["Quick Slash","Sucker Punch"],"picked":"Noxious Fumes","floor":18},{"not_picked":["Riddle With Holes","Deadly Poison"],"picked":"Dagger Spray","floor":20},{"not_picked":["Bane+1","Well Laid Plans+1"],"picked":"Catalyst+1","floor":22},{"not_picked":["Outmaneuver","Heel Hook","Flechettes"],"picked":"SKIP","floor":24},{"not_picked":["Sucker Punch","Tactician"],"picked":"Noxious Fumes","floor":28},{"not_picked":["Corpse Explosion","Deflect"],"picked":"Backstab","floor":31},{"not_picked":["Envenom","Storm of Steel"],"picked":"After Image","floor":33},{"not_picked":["Bane","Deflect"],"picked":"Footwork","floor":35},{"not_picked":["Dramatic Entrance","PanicButton"],"picked":"Panacea","floor":37},{"not_picked":["Dodge and Roll+1","Poisoned Stab"],"picked":"Backflip+1","floor":39},{"not_picked":["Storm of Steel","Finisher"],"picked":"Prepared+1","floor":41},{"not_picked":["Underhanded Strike+1","Poisoned Stab"],"picked":"Backflip+1","floor":42},{"not_picked":["Outmaneuver","Choke+1"],"picked":"Backflip","floor":44},{"not_picked":["Prepared+1","Infinite Blades+1"],"picked":"Crippling Poison","floor":48}],"player_experience":653464,"relics_obtained":[{"floor":9,"key":"Omamori"},{"floor":11,"key":"Shuriken"},{"floor":21,"key":"Bottled Flame"},{"floor":24,"key":"Gremlin Horn"},{"floor":26,"key":"Dodecahedron"},{"floor":28,"key":"Shovel"},{"floor":29,"key":"Art of War"},{"floor":30,"key":"Juzu Bracelet"},{"floor":32,"key":"Mummified Hand"},{"floor":34,"key":"Regal Pillow"},{"floor":34,"key":"Singing Bowl"},{"floor":34,"key":"Girya"},{"floor":40,"key":"Centennial Puzzle"},{"floor":43,"key":"Bronze Scales"},{"floor":49,"key":"Orichalcum"}],"event_choices":[{"damage_healed":0,"gold_gain":0,"player_choice":"Bought 1 Potion","damage_taken":0,"max_hp_gain":0,"max_hp_loss":0,"event_name":"The Woman in Blue","floor":3,"gold_loss":0},{"damage_healed":0,"gold_gain":0,"player_choice":"Memory 1","damage_taken":0,"max_hp_gain":0,"max_hp_loss":0,"event_name":"SensoryStone","floor":37,"gold_loss":0},{"damage_healed":0,"gold_gain":0,"player_choice":"Embrace Madness","damage_taken":12,"max_hp_gain":0,"max_hp_loss":0,"event_name":"Winding Halls","floor":46,"gold_loss":0,"cards_obtained":["Madness","Madness"]}],"is_beta":false,"boss_relics":[{"not_picked":["Black Star","Fusion Hammer"],"picked":"Runic Pyramid"},{"not_picked":["Eternal Feather","HoveringKite"],"picked":"Calling Bell"}],"items_purged_floors":[36],"is_endless":false,"potions_floor_spawned":[5,7,13,14,22,24,31,33,39,42,48],"killed_by":"Awakened One","ascension_level":20}