{"gold_per_floor":[119,119,131,148,148,148,223,242,268,299,1,18,18,36,36,132,132,143,155,155,175,175,203,203,21,21,21,37,56,82,93,93,191,191,205,205,225,76,86,101,101,128,128,163,177,212,229,239,239,239],"floor_reached":51,"playtime":7575,"items_purged":["Strike_G"],"score":833,"play_id":"53000073-8f40-40e7-8eff-271aae604491","local_time":"20190213235430","is_ascension_mode":false,"campfire_choices":[{"data":"Noxious Fumes","floor":6.0,"key":"SMITH"},{"floor":13.0,"key":"REST"},{"data":"Adrenaline","floor":15.0,"key":"SMITH"},{"data":"Adrenaline","floor":27.0,"key":"SMITH"},{"data":"Prepared","floor":32.0,"key":"SMITH"},{"data":"Bullet Time","floor":41.0,"key":"SMITH"},{"data":"Catalyst","floor":49,"key":"SMITH"}],"neow_cost":"NONE","seed_source_timestamp":80185807305497,"circlet_count":0,"master_deck":["Defend_G+1","Defend_G+1","Defend_G+1","Defend_G+1","Defend_G+1","Survivor+1","Neutralize+1","Noxious Fumes+1","Crippling Poison","Caltrops","Prepared+1","Blur","PiercingWail+1","Adrenaline+1","After Image","Backflip","Poisoned Stab+1","Masterful Stab","Corpse Explosion","Adrenaline+1","Bouncing Flask","Backflip","Deadly Poison+1","Catalyst+1","Bullet Time+1","Footwork+1","Crippling Poison+1"],"special_seed":0,"relics":["Ring of the Snake","Dream Catcher","Bag of Preparation","Snake Skull","Oddly Smooth Stone","Black Star","Dodecahedron","Orichalcum","Bronze Scales","PreservedInsect","Frozen Egg 2","Sozu","War Paint","Shuriken","Juzu Bracelet","Nunchaku","Sundial","Mercury Hourglass","Kunai","Du-Vu Doll"],"potions_floor_usage":[],"damage_taken":[{"damage":0.0,"enemies":"Small Slimes","floor":1.0,"turns":3.0},{"damage":7.0,"enemies":"Jaw Worm","floor":3.0,"turns":6.0},{"damage":1.0,"enemies":"2 Louse","floor":4.0,"turns":3.0},{"damage":0.0,"enemies":"Blue Slaver","floor":8.0,"turns":5.0},{"damage":23.0,"enemies":"3 Sentries","floor":10.0,"turns":7.0},{"damage":0.0,"enemies":"Looter","floor":12.0,"turns":4.0},{"damage":0.0,"enemies":"Large Slime","floor":14.0,"turns":7.0},{"damage":6.0,"enemies":"The Guardian","floor":16.0,"turns":10.0},{"damage":0.0,"enemies":"Chosen","floor":18.0,"turns":6.0},{"damage":0.0,"enemies":"Spheric Guardian","floor":19.0,"turns":6.0},{"damage":0.0,"enemies":"Centurion and Healer","floor":21.0,"turns":7.0},{"damage":6.0,"enemies":"Gremlin Leader","floor":23.0,"turns":6.0},{"damage":4.0,"enemies":"Snecko","floor":28.0,"turns":5.0},{"damage":0.0,"enemies":"Snake Plant","floor":29.0,"turns":4.0},{"damage":0.0,"enemies":"Slavers","floor":30.0,"turns":4.0},{"damage":0.0,"enemies":"Shelled Parasite and Fungi","floor":31.0,"turns":3.0},{"damage":18.0,"enemies":"Automaton","floor":33.0,"turns":7.0},{"damage":6.0,"enemies":"3 Shapes","floor":35.0,"turns":4.0},{"damage":0.0,"enemies":"Orb Walker","floor":37.0,"turns":5.0},{"damage":0.0,"enemies":"3 Darklings","floor":39.0,"turns":2.0},{"damage":0.0,"enemies":"Writhing Mass","floor":40.0,"turns":3.0},{"damage":10,"enemies":"Reptomancer","floor":42,"turns":6},{"damage":0,"enemies":"Nemesis","floor":44,"turns":5},{"damage":3,"enemies":"Transient","floor":45,"turns":5},{"damage":0,"enemies":"Giant Head","floor":46,"turns":6},{"damage":0,"enemies":"Spire Growth","floor":47,"turns":4},{"damage":0,"enemies":"Maw","floor":48,"turns":4},{"damage":35,"enemies":"Time Eater","floor":50,"turns":12}],"seed_played":"-6428126587643100634","potions_obtained":[{"floor":1.0,"key":"EssenceOfSteel"},{"floor":8.0,"key":"Fire Potion"},{"floor":10.0,"key":"Weak Potion"},{"floor":12.0,"key":"AttackPotion"},{"floor":19.0,"key":"PowerPotion"},{"floor":29.0,"key":"AttackPotion"},{"floor":30.0,"key":"Swift Potion"}],"is_trial":false,"path_per_floor":["M","?","M","M","?","R","?","M","T","E","$","M","R","M","R","B",null,"M","M","?","M","?","E","?","$","T","R","M","M","E","M","R","B",null,"M","?","M","$","M","M","R","E","T","E","M","E","M","M","R","B",null],"character_chosen":"THE_SILENT","items_purchased":["Blur","Oddly Smooth Stone","Bronze Scales","Backflip","War Paint"],"campfire_rested":1,"item_purchase_floors":[11,11,25,25,38],"current_hp_per_floor":[70,63,56,55,48,48,37,37,37,14,14,14,35,35,35,29,70,70,70,70,70,70,64,64,64,64,64,60,60,60,60,60,42,70,64,64,64,64,64,64,64,54,54,54,51,51,51,51,51,16],"gold":239,"neow_bonus":"UPGRADE_CARD","is_prod":false,"is_daily":false,"chose_seed":false,"campfire_upgraded":6,"win_rate":1,"timestamp":1550069670,"path_taken":["M","?","M","M","?","R","?","M","T","E","?","?","R","M","R","BOSS","M","M","?","M","?","E","?","$","T","R","M","M","E","M","R","BOSS","M","?","M","$","M","M","R","E","T","E","M","E","M","M","R","BOSS"],"build_version":"2019-01-23","purchased_purges":1,"victory":true,"max_hp_per_floor":[70,70,70,70,70,70,70,70,70,70,70,70,70,70,70,70,70,70,70,70,70,70,70,70,70,70,70,70,70,70,70,70,70,70,70,70,70,70,70,70,70,70,70,70,70,70,70,70,70,70],"card_choices":[{"not_picked":["Deflect","Flying Knee"],"picked":"Noxious Fumes","floor":1.0},{"not_picked":["Dagger Spray","Flying Knee"],"picked":"Crippling Poison","floor":3.0},{"not_picked":["Leg Sweep","Backflip"],"picked":"Caltrops","floor":4.0},{"not_picked":["Noxious Fumes","Deflect"],"picked":"Prepared","floor":8.0},{"not_picked":["Tactician","Backstab","Riddle With Holes"],"picked":"SKIP","floor":10.0},{"not_picked":["Leg Sweep","Endless Agony"],"picked":"PiercingWail","floor":12.0},{"not_picked":["Calculated Gamble","PiercingWail"],"picked":"Adrenaline","floor":14.0},{"not_picked":["Malaise","A Thousand Cuts"],"picked":"After Image","floor":16.0},{"not_picked":["PiercingWail","Bane"],"picked":"Backflip","floor":18.0},{"not_picked":["Dagger Spray","Sucker Punch"],"picked":"Poisoned Stab+1","floor":19.0},{"not_picked":["Acrobatics","Prepared","Infinite Blades+1"],"picked":"SKIP","floor":21.0},{"not_picked":["Sucker Punch","Doppelganger"],"picked":"Adrenaline","floor":23.0},{"not_picked":["Bouncing Flask","Dodge and Roll","Flechettes+1"],"picked":"SKIP","floor":28.0},{"not_picked":["Underhanded Strike","Backflip"],"picked":"Deadly Poison+1","floor":29.0},{"not_picked":["Terror+1","Outmaneuver","Quick Slash"],"picked":"SKIP","floor":30.0},{"not_picked":["Poisoned Stab","Slice"],"picked":"Catalyst","floor":31.0},{"not_picked":["Night Terror","Envenom+1"],"picked":"Bullet Time","floor":33.0},{"not_picked":["Acrobatics","Bane","Finisher+1"],"picked":"SKIP","floor":35.0},{"not_picked":["Predator+1","Flying Knee","Finisher+1"],"picked":"SKIP","floor":37.0},{"not_picked":["Deflect+1","Bane","Backflip+1"],"picked":"SKIP","floor":39.0},{"not_picked":["Crippling Poison+1","Finisher"],"picked":"Footwork+1","floor":40.0},{"not_picked":["Venomology","Deadly Poison+1","Backflip"],"picked":"SKIP","floor":42},{"not_picked":["Dagger Spray+1","Dash"],"picked":"Crippling Poison+1","floor":44},{"not_picked":["Crippling Poison","Well Laid Plans+1","Escape Plan+1"],"picked":"SKIP","floor":45},{"not_picked":["Backflip+1","Deflect","Poisoned Stab"],"picked":"SKIP","floor":46},{"not_picked":["Malaise","Deflect+1","Underhanded Strike+1"],"picked":"SKIP","floor":47},{"not_picked":["Quick Slash+1","Bane+1","Crippling Poison"],"picked":"SKIP","floor":48}],"player_experience":74874,"relics_obtained":[{"floor":9.0,"key":"Bag of Preparation"},{"floor":10.0,"key":"Snake Skull"},{"floor":23.0,"key":"Dodecahedron"},{"floor":23.0,"key":"Orichalcum"},{"floor":30.0,"key":"PreservedInsect"},{"floor":30.0,"key":"Frozen Egg 2"},{"floor":42,"key":"Shuriken"},{"floor":42,"key":"Juzu Bracelet"},{"floor":43,"key":"Nunchaku"},{"floor":44,"key":"Sundial"},{"floor":44,"key":"Mercury Hourglass"},{"floor":46,"key":"Kunai"},{"floor":46,"key":"Du-Vu Doll"}],"event_choices":[{"damage_healed":0.0,"max_hp_gain":0.0,"max_hp_loss":0.0,"gold_gain":0.0,"event_name":"Scrap Ooze","player_choice":"Success","floor":2.0,"gold_loss":0.0,"damage_taken":7.0,"relics_obtained":["Dream Catcher"]},{"cards_removed":["Strike_G"],"damage_healed":0.0,"max_hp_gain":0.0,"max_hp_loss":0.0,"gold_gain":0.0,"event_name":"Golden Wing","player_choice":"Card Removal","floor":5.0,"gold_loss":0.0,"damage_taken":7.0},{"damage_healed":0.0,"max_hp_gain":0.0,"max_hp_loss":0.0,"gold_gain":75.0,"event_name":"World of Goop","player_choice":"Gather Gold","floor":7.0,"gold_loss":0.0,"damage_taken":11.0},{"damage_healed":0.0,"max_hp_gain":0.0,"max_hp_loss":0.0,"gold_gain":0.0,"cards_transformed":["Strike_G","Strike_G"],"event_name":"Drug Dealer","player_choice":"Became Test Subject","floor":20.0,"gold_loss":0.0,"damage_taken":0.0,"cards_obtained":["Masterful Stab","Corpse Explosion"]},{"damage_healed":0.0,"max_hp_gain":0.0,"max_hp_loss":0.0,"gold_gain":0.0,"event_name":"Back to Basics","player_choice":"Simplicity","floor":22.0,"gold_loss":0.0,"damage_taken":0.0,"cards_upgraded":["Defend_G","Defend_G","Defend_G","Defend_G","Defend_G","Strike_G"]},{"damage_healed":0.0,"max_hp_gain":0.0,"max_hp_loss":0.0,"gold_gain":0.0,"event_name":"The Library","player_choice":"Read","floor":24.0,"gold_loss":0.0,"damage_taken":0.0,"cards_obtained":["Bouncing Flask"]},{"cards_removed":["Strike_G"],"damage_healed":0.0,"max_hp_gain":0.0,"max_hp_loss":0.0,"gold_gain":0.0,"event_name":"Falling","player_choice":"Removed Attack","floor":36.0,"gold_loss":0.0,"damage_taken":0.0}],"is_beta":false,"boss_relics":[{"not_picked":["Runic Dome","Runic Pyramid"],"picked":"Black Star"},{"not_picked":["Tiny House","White Beast Statue"],"picked":"Sozu"}],"items_purged_floors":[11],"is_endless":false,"potions_floor_spawned":[1,8,10,12,19,21,23,29,30,37,40,42,45,46],"ascension_level":0}