{"gold_per_floor":[115,115,128,145,157,190,203,223,305,332,332,332,348,404,404,481,481,498,518,529,225,225,253,253,47,73,33,53,64,64,64],"floor_reached":31,"playtime":1506,"items_purged":["Strike_B","Defend_B"],"score":608,"play_id":"a11b905d-9e3d-4be0-a8c2-ce1fae444461","local_time":"20190227005331","is_ascension_mode":true,"campfire_choices":[{"floor":11,"key":"REST"},{"data":"Defragment","floor":15,"key":"SMITH"},{"floor":24,"key":"REST"},{"floor":30,"key":"REST"}],"neow_cost":"NONE","seed_source_timestamp":1074184750320200,"circlet_count":0,"master_deck":["AscendersBane","Strike_B","Defend_B","Defend_B","Defend_B","Zap","Dualcast","Cold Snap","FTL","Sweeping Beam","Rebound","Darkness","FTL","Sunder","Undo","Defragment+1","Fission","Biased Cognition","Glacier","Static Discharge","Storm+1","BootSequence","Redo","Genetic Algorithm","Consume"],"relics":["Cracked Core","Art of War","Pantograph","Letter Opener","Unceasing Top","Tiny Chest","Inserter","OrangePellets","Sundial","Strawberry"],"potions_floor_usage":[8,10,14,14,23,28],"damage_taken":[{"damage":2,"enemies":"2 Louse","floor":1,"turns":3},{"damage":10,"enemies":"Jaw Worm","floor":3,"turns":3},{"damage":0,"enemies":"Cultist","floor":4,"turns":3},{"damage":0,"enemies":"Large Slime","floor":5,"turns":4},{"damage":19,"enemies":"3 Sentries","floor":6,"turns":7},{"damage":24,"enemies":"Exordium Thugs","floor":7,"turns":4},{"damage":0,"enemies":"Exordium Wildlife","floor":8,"turns":2},{"damage":0,"enemies":"Gremlin Nob","floor":10,"turns":4},{"damage":0,"enemies":"Looter","floor":13,"turns":3},{"damage":2,"enemies":"Lagavulin","floor":14,"turns":5},{"damage":27,"enemies":"Hexaghost","floor":16,"turns":9},{"damage":19,"enemies":"2 Thieves","floor":18,"turns":5},{"damage":20,"enemies":"Shell Parasite","floor":19,"turns":5},{"damage":20,"enemies":"Snecko","floor":20,"turns":7},{"damage":8,"enemies":"Book of Stabbing","floor":23,"turns":6},{"damage":0,"enemies":"3 Cultists","floor":28,"turns":6},{"damage":21,"enemies":"Snake Plant","floor":29,"turns":3},{"damage":61,"enemies":"Gremlin Leader","floor":31,"turns":3}],"seed_played":"-4428193865448134069","potions_obtained":[{"floor":1,"key":"Poison Potion"},{"floor":5,"key":"Ancient Potion"},{"floor":6,"key":"PowerPotion"},{"floor":13,"key":"Weak Potion"},{"floor":14,"key":"Fruit Juice"},{"floor":18,"key":"FairyPotion"},{"floor":20,"key":"Weak Potion"},{"floor":27,"key":"EntropicBrew"},{"floor":27,"key":"SkillPotion"},{"floor":28,"key":"FairyPotion"}],"is_trial":false,"path_per_floor":["M","?","M","M","M","E","M","M","T","E","R","?","M","E","R","B",null,"M","M","M","$","?","E","R","$","T","?","M","M","R","E"],"character_chosen":"DEFECT","items_purchased":["OrangePellets","Redo","Genetic Algorithm"],"campfire_rested":3,"item_purchase_floors":[21,25,25],"current_hp_per_floor":[62,62,52,52,52,33,9,9,9,9,30,30,30,33,33,31,65,46,26,6,6,6,7,29,29,36,36,36,15,39,0],"gold":64,"neow_bonus":"REMOVE_CARD","is_prod":false,"is_daily":false,"chose_seed":false,"campfire_upgraded":1,"win_rate":0,"timestamp":1551196411,"path_taken":["M","?","M","M","M","E","M","M","T","E","R","?","M","E","R","BOSS","M","M","?","$","?","E","R","?","T","?","M","M","R","E"],"build_version":"2019-01-23","purchased_purges":2,"victory":false,"max_hp_per_floor":[71,71,71,71,71,71,71,71,71,71,71,71,71,76,76,76,76,76,76,76,76,76,76,76,76,83,83,83,83,83,83],"card_choices":[{"not_picked":["Storm","Go for the Eyes"],"picked":"Cold Snap","floor":1},{"not_picked":["Coolheaded","Gash"],"picked":"Sweeping Beam","floor":3},{"not_picked":["Darkness","Compile Driver"],"picked":"Rebound","floor":4},{"not_picked":["Turbo","Reinforced Body"],"picked":"Darkness","floor":5},{"not_picked":["Skim","Redo"],"picked":"FTL","floor":6},{"not_picked":["Conserve Battery","Gash"],"picked":"Sunder","floor":7},{"not_picked":["Leap","Compile Driver"],"picked":"Undo","floor":8},{"not_picked":["Leap","Skim"],"picked":"Undo","floor":10},{"not_picked":["Storm","Self Repair"],"picked":"Defragment","floor":13},{"not_picked":["Sweeping Beam","Steam"],"picked":"Fission","floor":14},{"not_picked":["Machine Learning","Thunder Strike"],"picked":"Biased Cognition","floor":16},{"not_picked":["Tempest","Hologram"],"picked":"Glacier","floor":18},{"not_picked":["Coolheaded","Rebound"],"picked":"Static Discharge","floor":19},{"not_picked":["Coolheaded","Lockon"],"picked":"Storm+1","floor":20},{"not_picked":["Beam Cell","Defragment"],"picked":"BootSequence","floor":23},{"not_picked":["Storm","Tempest"],"picked":"Consume","floor":28},{"not_picked":["Aggregate","Stack","Leap"],"picked":"SKIP","floor":29}],"player_experience":4405260,"relics_obtained":[{"floor":6,"key":"Art of War"},{"floor":9,"key":"Pantograph"},{"floor":10,"key":"Letter Opener"},{"floor":14,"key":"Tiny Chest"},{"floor":23,"key":"Sundial"},{"floor":26,"key":"Strawberry"}],"event_choices":[{"damage_healed":0,"gold_gain":0,"cards_transformed":["Strike_B"],"player_choice":"Change","damage_taken":0,"max_hp_gain":0,"max_hp_loss":0,"event_name":"Living Wall","floor":2,"gold_loss":0,"cards_obtained":["FTL"]},{"cards_removed":["Undo"],"damage_healed":0,"gold_gain":0,"player_choice":"Gave Card","damage_taken":0,"relics_obtained":["Unceasing Top"],"max_hp_gain":0,"max_hp_loss":0,"event_name":"WeMeetAgain","floor":12,"gold_loss":0},{"damage_healed":0,"gold_gain":0,"player_choice":"Ignored","damage_taken":0,"max_hp_gain":0,"max_hp_loss":0,"event_name":"Vampires","floor":22,"gold_loss":0},{"damage_healed":0,"gold_gain":0,"player_choice":"Bought 3 Potions","damage_taken":0,"max_hp_gain":0,"max_hp_loss":0,"event_name":"The Woman in Blue","floor":27,"gold_loss":0}],"is_beta":false,"boss_relics":[{"not_picked":["Philosopher\u0027s Stone","Runic Pyramid"],"picked":"Inserter"}],"items_purged_floors":[21,25],"is_endless":false,"potions_floor_spawned":[1,5,6,13,14,18,20,28],"killed_by":"Gremlin Leader","ascension_level":20}