{"gold_per_floor":[117,134,209,229,229,229,64,64,64,98,122,122,122,135,135,234,234,247,14,38,38,59,59,95,95,95,118,143,143,143,35,35,131,131,156,489,23,23,37,37,49,60,60,73,73,98,110],"floor_reached":47,"playtime":1691,"items_purged":["Strike_R","Strike_R"],"score":845,"play_id":"5f2f33b2-5c0f-4c34-9772-44b758e589d3","local_time":"20190312180953","is_ascension_mode":true,"campfire_choices":[{"data":"Flex","floor":6,"key":"SMITH"},{"floor":13,"key":"REST"},{"data":"Carnage","floor":15,"key":"SMITH"},{"floor":23,"key":"REST"},{"data":"True Grit","floor":29,"key":"SMITH"},{"floor":32,"key":"REST"},{"floor":40,"key":"REST"}],"neow_cost":"PERCENT_DAMAGE","seed_source_timestamp":478807904952331,"circlet_count":0,"master_deck":["AscendersBane","Strike_R+1","Strike_R+1","Strike_R+1","Defend_R+1","Defend_R+1","Defend_R+1","Defend_R+1","Bash","Sword Boomerang+1","Flex+1","Shrug It Off","Carnage+1","Clothesline","Ghostly Armor","Immolate","Inflame","True Grit+1","Spot Weakness","Headbutt","Fiend Fire+1","Seeing Red","Whirlwind+1","Dual Wield"],"relics":["Burning Blood","Vajra","Mercury Hourglass","Omamori","Odd Mushroom","Busted Crown","Strawberry","Frozen Egg 2","Lizard Tail","Whetstone","Potion Belt","Singing Bowl","MawBank"],"potions_floor_usage":[10,11,11,16,24,24,24,33,33,41,41,42],"damage_taken":[{"damage":1,"enemies":"Cultist","floor":1,"turns":3},{"damage":7,"enemies":"Jaw Worm","floor":2,"turns":5},{"damage":0,"enemies":"2 Louse","floor":4,"turns":3},{"damage":12,"enemies":"Gremlin Nob","floor":10,"turns":3},{"damage":11,"enemies":"The Mushroom Lair","floor":11,"turns":3},{"damage":0,"enemies":"2 Fungi Beasts","floor":14,"turns":2},{"damage":27,"enemies":"Slime Boss","floor":16,"turns":7},{"damage":0,"enemies":"Chosen","floor":18,"turns":2},{"damage":29,"enemies":"Shell Parasite","floor":20,"turns":4},{"damage":25,"enemies":"Sentry and Sphere","floor":22,"turns":4},{"damage":28,"enemies":"Book of Stabbing","floor":24,"turns":5},{"damage":0,"enemies":"Snecko","floor":27,"turns":3},{"damage":0,"enemies":"Centurion and Healer","floor":28,"turns":4},{"damage":68,"enemies":"Automaton","floor":33,"turns":10},{"damage":32,"enemies":"3 Darklings","floor":35,"turns":4},{"damage":11,"enemies":"3 Shapes","floor":39,"turns":2},{"damage":3,"enemies":"Jaw Worm Horde","floor":41,"turns":2},{"damage":29,"enemies":"Maw","floor":42,"turns":8},{"damage":88,"enemies":"Transient","floor":44,"turns":6},{"damage":119,"enemies":"Giant Head","floor":47,"turns":8}],"seed_played":"-5690763064616982230","potions_obtained":[{"floor":2,"key":"SpeedPotion"},{"floor":4,"key":"Explosive Potion"},{"floor":10,"key":"Strength Potion"},{"floor":11,"key":"SpeedPotion"},{"floor":14,"key":"FearPotion"},{"floor":20,"key":"EntropicBrew"},{"floor":24,"key":"Ancient Potion"},{"floor":33,"key":"Energy Potion"},{"floor":39,"key":"SteroidPotion"}],"is_trial":false,"path_per_floor":["M","M","?","M","?","R","$","?","T","E","?","?","R","M","R","B",null,"M","$","M","?","M","R","E","?","T","M","M","R","?","$","R","B",null,"M","?","$","?","M","R","M","M","T","M","?","T","E"],"character_chosen":"IRONCLAD","items_purchased":["Carnage","Clothesline","Inflame","Fire Potion","Headbutt","Regen Potion","Whirlwind","Whetstone","Potion Belt","PowerPotion"],"campfire_rested":4,"item_purchase_floors":[7,7,19,19,31,31,37,37,37,37],"current_hp_per_floor":[69,68,57,63,37,37,37,37,37,31,26,26,50,56,56,35,70,76,76,53,53,34,58,43,43,43,49,55,55,55,55,81,34,75,49,49,49,49,44,70,73,50,50,22,90,90,0],"gold":110,"neow_bonus":"TWENTY_PERCENT_HP_BONUS","is_prod":false,"is_daily":false,"chose_seed":false,"campfire_upgraded":3,"win_rate":0,"timestamp":1552381793,"path_taken":["M","?","?","M","?","R","$","?","T","E","?","?","R","?","R","BOSS","M","$","M","?","M","R","E","?","T","M","M","R","?","?","R","BOSS","M","?","$","?","?","R","M","M","T","M","?","?","E"],"build_version":"2019-01-23","purchased_purges":2,"victory":false,"max_hp_per_floor":[89,89,89,89,89,89,89,89,89,89,89,81,81,81,81,81,81,81,81,81,81,81,81,88,88,88,88,88,88,88,88,88,88,88,88,88,88,88,88,88,88,88,88,90,90,90,90],"card_choices":[{"not_picked":["Armaments","Warcry"],"picked":"Sword Boomerang","floor":1},{"not_picked":["Armaments","Power Through"],"picked":"Flex","floor":2},{"not_picked":["Flex","Entrench"],"picked":"Shrug It Off","floor":4},{"not_picked":["Body Slam","Wild Strike"],"picked":"Ghostly Armor","floor":10},{"not_picked":["Headbutt","Dark Embrace","Searing Blow"],"picked":"SKIP","floor":14},{"not_picked":["Barricade","Offering"],"picked":"Immolate","floor":16},{"not_picked":["Armaments"],"picked":"SKIP","floor":18},{"not_picked":[],"picked":"True Grit","floor":20},{"not_picked":["Dual Wield"],"picked":"SKIP","floor":22},{"not_picked":["Feel No Pain"],"picked":"SKIP","floor":24},{"not_picked":[],"picked":"Spot Weakness","floor":27},{"not_picked":["Flex"],"picked":"SKIP","floor":28},{"not_picked":[],"picked":"Fiend Fire","floor":33},{"not_picked":[],"picked":"Seeing Red","floor":35},{"not_picked":["Armaments"],"picked":"SKIP","floor":39},{"not_picked":[],"picked":"Dual Wield","floor":41},{"not_picked":["Bloodletting"],"picked":"SKIP","floor":42},{"not_picked":["Heavy Blade"],"picked":"Singing Bowl","floor":44}],"player_experience":685902,"relics_obtained":[{"floor":9,"key":"Mercury Hourglass"},{"floor":10,"key":"Omamori"},{"floor":11,"key":"Odd Mushroom"},{"floor":24,"key":"Strawberry"},{"floor":26,"key":"Frozen Egg 2"},{"floor":43,"key":"Singing Bowl"},{"floor":46,"key":"MawBank"}],"event_choices":[{"damage_healed":0,"gold_gain":75,"player_choice":"Gather Gold","damage_taken":11,"max_hp_gain":0,"max_hp_loss":0,"event_name":"World of Goop","floor":3,"gold_loss":0},{"damage_healed":0,"gold_gain":0,"player_choice":"Success","damage_taken":26,"relics_obtained":["Vajra"],"max_hp_gain":0,"max_hp_loss":0,"event_name":"Scrap Ooze","floor":5,"gold_loss":0},{"damage_healed":0,"gold_gain":0,"player_choice":"Ignored","damage_taken":0,"max_hp_gain":0,"max_hp_loss":0,"event_name":"Shining Light","floor":8,"gold_loss":0},{"damage_healed":0,"gold_gain":0,"player_choice":"Fought Mushrooms","damage_taken":0,"max_hp_gain":0,"max_hp_loss":0,"event_name":"Mushrooms","floor":11,"gold_loss":0},{"damage_healed":0,"gold_gain":0,"player_choice":"Lose Max HP","damage_taken":0,"relics_obtained":["Golden Idol"],"max_hp_gain":0,"max_hp_loss":8,"event_name":"Golden Idol","floor":12,"gold_loss":0},{"damage_healed":0,"gold_gain":0,"player_choice":"Ignored","damage_taken":0,"max_hp_gain":0,"max_hp_loss":0,"event_name":"Beggar","floor":21,"gold_loss":0},{"damage_healed":0,"gold_gain":0,"player_choice":"Simplicity","damage_taken":0,"max_hp_gain":0,"max_hp_loss":0,"event_name":"Back to Basics","floor":25,"gold_loss":0,"cards_upgraded":["Strike_R","Strike_R","Strike_R","Defend_R","Defend_R","Defend_R","Defend_R"]},{"damage_healed":0,"gold_gain":0,"player_choice":"Ignored","damage_taken":0,"max_hp_gain":0,"max_hp_loss":0,"event_name":"Ghosts","floor":30,"gold_loss":0},{"damage_healed":0,"gold_gain":333,"player_choice":"Gave Idol","damage_taken":0,"max_hp_gain":0,"max_hp_loss":0,"event_name":"The Moai Head","floor":36,"relics_lost":["Golden Idol"],"gold_loss":0},{"damage_healed":0,"gold_gain":0,"player_choice":"Upgraded","damage_taken":0,"max_hp_gain":0,"max_hp_loss":0,"event_name":"Upgrade Shrine","floor":38,"gold_loss":0,"cards_upgraded":["Whirlwind"]},{"damage_healed":68,"gold_gain":0,"player_choice":"Heal","damage_taken":0,"max_hp_gain":0,"max_hp_loss":0,"event_name":"MindBloom","floor":45,"gold_loss":0,"cards_obtained":["Doubt"]}],"is_beta":false,"boss_relics":[{"not_picked":["White Beast Statue","Empty Cage"],"picked":"Busted Crown"},{"not_picked":["Runic Pyramid","Runic Cube"],"picked":"Lizard Tail"}],"items_purged_floors":[7,19],"is_endless":false,"potions_floor_spawned":[2,4,10,11,14,20,24,33,39],"killed_by":"Giant Head","ascension_level":17}