{"gold_per_floor":[118,133,133,143,70,70,96,96,96,96,114,139,203,232,232,331,331,320,337,436,449,463,488,488,518,518,518,518,530,530,559,559,657,657,675,675,775,101,118,118,144,144,170,170,188,203,220,232,232,232],"floor_reached":51,"playtime":4335,"items_purged":[],"score":918,"play_id":"fe76a063-68f8-440d-9d7f-fbb7e46b9732","local_time":"20190217191151","is_ascension_mode":true,"campfire_choices":[{"data":"Inflame","floor":6,"key":"SMITH"},{"data":"Heavy Blade","floor":8,"key":"SMITH"},{"floor":10,"key":"REST"},{"floor":15,"key":"REST"},{"data":"Heavy Blade","floor":24,"key":"SMITH"},{"data":"Evolve","floor":27,"key":"SMITH"},{"data":"Heavy Blade","floor":30,"key":"SMITH"},{"data":"Heavy Blade","floor":32,"key":"SMITH"},{"data":"1","floor":40,"key":"LIFT"},{"data":"2","floor":42,"key":"LIFT"},{"data":"Heavy Blade","floor":49,"key":"SMITH"}],"neow_cost":"NONE","seed_source_timestamp":21889645936100,"circlet_count":0,"master_deck":["Strike_R+1","Strike_R+1","Strike_R+1","Strike_R+1","Strike_R+1","Defend_R+1","Defend_R+1","Defend_R+1","Defend_R+1","Bash","Inflame+1","Heavy Blade+1","Shockwave","Evolve+1","Second Wind","Wild Strike","Dual Wield+1","Flame Barrier","Reaper","Power Through","Heavy Blade+1","Heavy Blade+1","Shockwave","Heavy Blade+1","Barricade","Dark Embrace","Clothesline","Sever Soul","Wild Strike","Inflame","Uppercut+1","Dual Wield+1","Parasite","Heavy Blade+1"],"relics":["Burning Blood","NeowsBlessing","Mango","Smiling Mask","Mummified Hand","Art of War","Bottled Flame","Blood Vial","Snecko Eye","Ancient Tea Set","Regal Pillow","Orichalcum","Anchor","Mark of Pain","Girya","Lee\u0027s Waffle","Bag of Preparation","Bronze Scales","Bottled Lightning","Vajra"],"potions_floor_usage":[11,12,18,22,25,46,50,50],"damage_taken":[{"damage":0,"enemies":"Small Slimes","floor":1,"turns":1},{"damage":0,"enemies":"2 Louse","floor":2,"turns":1},{"damage":0,"enemies":"Jaw Worm","floor":4,"turns":1},{"damage":32,"enemies":"Gremlin Nob","floor":7,"turns":4},{"damage":16,"enemies":"Looter","floor":11,"turns":4},{"damage":15,"enemies":"Lagavulin","floor":12,"turns":5},{"damage":32,"enemies":"Lagavulin Event","floor":13,"turns":6},{"damage":18,"enemies":"Gremlin Nob","floor":14,"turns":4},{"damage":62,"enemies":"The Guardian","floor":16,"turns":10},{"damage":16,"enemies":"2 Thieves","floor":18,"turns":4},{"damage":14,"enemies":"Shell Parasite","floor":19,"turns":4},{"damage":6,"enemies":"Snake Plant","floor":21,"turns":2},{"damage":0,"enemies":"Snecko","floor":22,"turns":3},{"damage":8,"enemies":"Slavers","floor":23,"turns":4},{"damage":18,"enemies":"Book of Stabbing","floor":25,"turns":4},{"damage":2,"enemies":"Centurion and Healer","floor":29,"turns":3},{"damage":6,"enemies":"Slavers","floor":31,"turns":3},{"damage":3,"enemies":"Automaton","floor":33,"turns":4},{"damage":8,"enemies":"3 Shapes","floor":35,"turns":5},{"damage":4,"enemies":"Mind Bloom Boss Battle","floor":37,"turns":7},{"damage":0,"enemies":"Orb Walker","floor":39,"turns":2},{"damage":0,"enemies":"Giant Head","floor":41,"turns":5},{"damage":0,"enemies":"Jaw Worm Horde","floor":45,"turns":1},{"damage":16,"enemies":"Maw","floor":46,"turns":4},{"damage":0,"enemies":"Transient","floor":47,"turns":5},{"damage":20,"enemies":"Writhing Mass","floor":48,"turns":3},{"damage":83,"enemies":"Awakened One","floor":50,"turns":6}],"seed_played":"-6318302570442373910","potions_obtained":[{"floor":1,"key":"Dexterity Potion"},{"floor":2,"key":"BloodPotion"},{"floor":11,"key":"PowerPotion"},{"floor":13,"key":"FairyPotion"},{"floor":21,"key":"Swift Potion"},{"floor":23,"key":"Poison Potion"},{"floor":31,"key":"SteroidPotion"},{"floor":35,"key":"Strength Potion"},{"floor":37,"key":"Fire Potion"},{"floor":45,"key":"Explosive Potion"},{"floor":47,"key":"Strength Potion"}],"is_trial":false,"path_per_floor":["M","M","?","M","$","R","E","R","T","R","M","E","?","E","R","B",null,"M","M","?","M","M","E","R","E","T","R","?","M","R","E","R","B",null,"M","?","?","$","M","R","E","R","T","?","M","M","M","M","R","B",null],"character_chosen":"IRONCLAD","items_purchased":["Evolve","Sever Soul","Wild Strike","Lee\u0027s Waffle","Bag of Preparation","Bronze Scales","Energy Potion"],"campfire_rested":2,"item_purchase_floors":[5,38,38,38,38,38,38],"current_hp_per_floor":[80,80,69,75,75,75,49,49,49,77,76,67,41,29,57,15,94,94,86,86,88,94,92,92,82,82,82,82,94,94,94,94,94,94,92,92,94,101,101,101,101,101,101,101,101,101,101,87,87,29],"gold":232,"neow_bonus":"THREE_ENEMY_KILL","is_prod":false,"is_daily":false,"chose_seed":false,"campfire_upgraded":7,"win_rate":0,"timestamp":1550427111,"path_taken":["M","M","?","M","$","R","E","R","T","R","M","E","?","E","R","BOSS","M","M","?","M","M","E","R","E","T","R","?","M","R","E","R","BOSS","M","?","?","$","M","R","E","R","T","?","M","M","M","M","R","BOSS"],"build_version":"2019-01-23","purchased_purges":0,"victory":true,"max_hp_per_floor":[80,80,94,94,94,94,94,94,94,94,94,94,94,94,94,94,94,94,94,94,94,94,94,94,94,94,94,94,94,94,94,94,94,94,94,94,94,101,101,101,101,101,101,101,101,101,101,101,101,101],"card_choices":[{"not_picked":["Metallicize","Fire Breathing"],"picked":"Inflame","floor":1},{"not_picked":["Uppercut","Twin Strike"],"picked":"Heavy Blade","floor":2},{"not_picked":["Headbutt","Clash"],"picked":"Shockwave","floor":4},{"not_picked":["Havoc","Iron Wave"],"picked":"Second Wind","floor":7},{"not_picked":["Evolve","Infernal Blade"],"picked":"Wild Strike","floor":11},{"not_picked":["Rampage","Evolve","Berserk"],"picked":"SKIP","floor":12},{"not_picked":["Heavy Blade","Pummel"],"picked":"Dual Wield","floor":13},{"not_picked":["Carnage","Headbutt"],"picked":"Flame Barrier","floor":14},{"not_picked":["Exhume","Berserk"],"picked":"Reaper","floor":16},{"not_picked":["Thunderclap","Pommel Strike"],"picked":"Power Through","floor":18},{"not_picked":["Seeing Red","Havoc","Iron Wave"],"picked":"SKIP","floor":19},{"not_picked":["Flex","Wild Strike"],"picked":"Heavy Blade","floor":21},{"not_picked":["Brutality","Shrug It Off"],"picked":"Heavy Blade","floor":22},{"not_picked":["Offering","Dropkick"],"picked":"Shockwave","floor":23},{"not_picked":["Iron Wave+1","True Grit+1"],"picked":"Heavy Blade","floor":25},{"not_picked":["Sword Boomerang+1","Wild Strike","Havoc+1"],"picked":"SKIP","floor":29},{"not_picked":["Headbutt","Whirlwind"],"picked":"Barricade","floor":31},{"not_picked":["Double Tap","Offering"],"picked":"Dark Embrace","floor":33},{"not_picked":["Wild Strike+1","Flex+1"],"picked":"Clothesline","floor":35},{"not_picked":["Infernal Blade","Shrug It Off"],"picked":"Inflame","floor":39},{"not_picked":["Headbutt+1","Burning Pact"],"picked":"Uppercut+1","floor":41},{"not_picked":["True Grit","Perfected Strike"],"picked":"Dual Wield+1","floor":45},{"not_picked":["Iron Wave+1","Body Slam+1","Anger+1"],"picked":"SKIP","floor":46},{"not_picked":["Twin Strike","Burning Pact","Juggernaut"],"picked":"SKIP","floor":47},{"not_picked":["Thunderclap+1","Bloodletting+1"],"picked":"Heavy Blade","floor":48}],"player_experience":336496,"relics_obtained":[{"floor":7,"key":"Smiling Mask"},{"floor":9,"key":"Mummified Hand"},{"floor":12,"key":"Art of War"},{"floor":13,"key":"Bottled Flame"},{"floor":14,"key":"Blood Vial"},{"floor":23,"key":"Ancient Tea Set"},{"floor":25,"key":"Regal Pillow"},{"floor":26,"key":"Orichalcum"},{"floor":31,"key":"Anchor"},{"floor":37,"key":"Girya"},{"floor":41,"key":"Bottled Lightning"},{"floor":43,"key":"Vajra"}],"event_choices":[{"damage_healed":0,"gold_gain":0,"player_choice":"Success","damage_taken":25,"relics_obtained":["Mango"],"max_hp_gain":0,"max_hp_loss":0,"event_name":"Scrap Ooze","floor":3,"gold_loss":0},{"damage_healed":0,"gold_gain":0,"player_choice":"Searched \u00272\u0027 times","damage_taken":0,"max_hp_gain":0,"max_hp_loss":0,"event_name":"Dead Adventurer","floor":13,"gold_loss":0},{"damage_healed":0,"gold_gain":99,"player_choice":"Stole From Cult","damage_taken":0,"max_hp_gain":0,"max_hp_loss":0,"event_name":"Nest","floor":20,"gold_loss":0},{"damage_healed":0,"gold_gain":0,"player_choice":"Simplicity","damage_taken":0,"max_hp_gain":0,"max_hp_loss":0,"event_name":"Back to Basics","floor":28,"gold_loss":0,"cards_upgraded":["Strike_R","Strike_R","Strike_R","Strike_R","Strike_R","Defend_R","Defend_R","Defend_R","Defend_R"]},{"damage_healed":0,"gold_gain":0,"player_choice":"Ignored","damage_taken":0,"max_hp_gain":0,"max_hp_loss":0,"event_name":"Mysterious Sphere","floor":36,"gold_loss":0},{"damage_healed":0,"gold_gain":0,"player_choice":"Fight","damage_taken":0,"max_hp_gain":0,"max_hp_loss":0,"event_name":"MindBloom","floor":37,"gold_loss":0},{"damage_healed":0,"gold_gain":0,"player_choice":"Forge","damage_taken":0,"max_hp_gain":0,"max_hp_loss":0,"event_name":"Accursed Blacksmith","floor":44,"gold_loss":0,"cards_upgraded":["Dual Wield"]}],"is_beta":false,"boss_relics":[{"not_picked":["Lizard Tail","Tiny House"],"picked":"Snecko Eye"},{"not_picked":["Runic Pyramid","Cursed Key"],"picked":"Mark of Pain"}],"items_purged_floors":[],"is_endless":false,"potions_floor_spawned":[1,2,11,13,21,23,31,35,37,41,45,47],"ascension_level":3}