{"gold_per_floor":[118,172,191,201,218,245,257,269,350,362,384,396,421,459,471,560,572,598,610,622,651,93,93,21,21,48,67,96,108,108,119,119,194,194,204,129,143,143,41,70,89,122,122,122,122,140,158,58,58,58],"floor_reached":51,"playtime":3042,"items_purged":["Hyperbeam","Melter+1"],"score":1533,"play_id":"0d93c876-51cd-4b13-b1de-6fa9c67dc08f","local_time":"20190222191655","is_ascension_mode":true,"campfire_choices":[{"data":"Consume","floor":7.0,"key":"SMITH"},{"data":"Glacier","floor":10.0,"key":"SMITH"},{"data":"Leap","floor":15.0,"key":"SMITH"},{"data":"Reinforced Body","floor":23.0,"key":"SMITH"},{"data":"BootSequence","floor":25.0,"key":"SMITH"},{"data":"Coolheaded","floor":30.0,"key":"SMITH"},{"data":"Chaos","floor":32.0,"key":"SMITH"},{"data":"Electrodynamics","floor":45.0,"key":"SMITH"},{"floor":49,"key":"RECALL"}],"neow_cost":"NONE","seed_source_timestamp":171385415277721,"circlet_count":0,"master_deck":["AscendersBane","Zap+1","Dualcast+1","Force Field+1","Reinforced Body+1","Glacier+1","Consume+1","Ball Lightning+1","Leap+1","Cold Snap+1","Chill+1","Reboot+1","Capacitor+1","Coolheaded+1","BootSequence+1","Chaos+1","Conserve Battery+1","Heatsinks+1","Echo Form+1","Doom and Gloom+1","Capacitor+1","Consume+1","Rip and Tear+1","Reprogram+1","White Noise+1","Double Energy+1","Electrodynamics+1","Loop+1"],"special_seed":0,"relics":["Cracked Core","Art of War","MawBank","Regal Pillow","Ornamental Fan","Blood Vial","Coffee Dripper","Runic Capacitor","FossilizedHelix","Ancient Tea Set","Emotion Chip","Pandora\u0027s Box","Mark of the Bloom","Lantern","Darkstone Periapt","Letter Opener"],"potions_floor_usage":[50,50],"damage_taken":[{"damage":1.0,"enemies":"Cultist","floor":1.0,"turns":3.0},{"damage":4.0,"enemies":"Small Slimes","floor":3.0,"turns":3.0},{"damage":7.0,"enemies":"Jaw Worm","floor":4.0,"turns":5.0},{"damage":0.0,"enemies":"Exordium Wildlife","floor":5.0,"turns":3.0},{"damage":20.0,"enemies":"3 Sentries","floor":6.0,"turns":14.0},{"damage":7.0,"enemies":"2 Fungi Beasts","floor":11.0,"turns":4.0},{"damage":0.0,"enemies":"Large Slime","floor":13.0,"turns":2.0},{"damage":0.0,"enemies":"Lagavulin","floor":14.0,"turns":8.0},{"damage":28.0,"enemies":"Hexaghost","floor":16.0,"turns":14.0},{"damage":1.0,"enemies":"Shell Parasite","floor":18.0,"turns":9.0},{"damage":0.0,"enemies":"Chosen","floor":21.0,"turns":5.0},{"damage":0.0,"enemies":"Centurion and Healer","floor":27.0,"turns":5.0},{"damage":8.0,"enemies":"Book of Stabbing","floor":28.0,"turns":8.0},{"damage":0.0,"enemies":"Snake Plant","floor":29.0,"turns":6.0},{"damage":0.0,"enemies":"Chosen and Byrds","floor":31.0,"turns":5.0},{"damage":0.0,"enemies":"Champ","floor":33.0,"turns":14.0},{"damage":0.0,"enemies":"3 Shapes","floor":35.0,"turns":8.0},{"damage":0.0,"enemies":"3 Darklings","floor":37.0,"turns":8.0},{"damage":0.0,"enemies":"Nemesis","floor":40.0,"turns":7.0},{"damage":11.0,"enemies":"Jaw Worm Horde","floor":41.0,"turns":7.0},{"damage":0.0,"enemies":"Giant Head","floor":42.0,"turns":13.0},{"damage":0,"enemies":"Spire Growth","floor":46,"turns":4},{"damage":0,"enemies":"Sphere and 2 Shapes","floor":47,"turns":4},{"damage":0,"enemies":"Donu and Deca","floor":50,"turns":8}],"seed_played":"-5063448803133384058","potions_obtained":[{"floor":1.0,"key":"SteroidPotion"},{"floor":4.0,"key":"Swift Potion"},{"floor":6.0,"key":"GamblersBrew"},{"floor":11.0,"key":"Fire Potion"},{"floor":13.0,"key":"GamblersBrew"},{"floor":18.0,"key":"SteroidPotion"},{"floor":21.0,"key":"Swift Potion"},{"floor":27.0,"key":"GamblersBrew"},{"floor":29.0,"key":"Dexterity Potion"},{"floor":37.0,"key":"AttackPotion"}],"is_trial":false,"path_per_floor":["M","T","M","M","M","E","R","?","T","R","M","?","M","E","R","B",null,"M","?","?","M","$","R","$","R","T","M","E","M","R","M","R","B",null,"M","$","M","?","$","E","M","E","T","?","R","M","M","$","R","B",null],"character_chosen":"DEFECT","items_purchased":["BootSequence","Runic Capacitor","FossilizedHelix","Chaos","Block Potion","Block Potion"],"campfire_rested":0,"item_purchase_floors":[22,22,22,24,39,39],"current_hp_per_floor":[70,70,66,59,59,39,39,36,36,36,29,34,34,34,34,8,64,65,49,49,51,51,51,51,51,51,53,47,49,49,51,51,53,79,81,81,83,83,83,83,72,72,72,72,72,72,72,72,72,72],"gold":58,"neow_bonus":"TEN_PERCENT_HP_BONUS","is_prod":false,"is_daily":false,"chose_seed":false,"campfire_upgraded":8,"win_rate":0,"timestamp":1550881015,"path_taken":["M","?","?","M","M","E","R","?","T","R","M","?","M","E","R","BOSS","M","?","?","M","$","R","?","R","T","M","E","M","R","M","R","BOSS","M","$","M","?","$","E","M","E","T","?","R","M","M","$","R","BOSS"],"build_version":"2019-01-23","purchased_purges":2,"victory":true,"max_hp_per_floor":[78,78,78,78,78,78,78,78,78,78,78,83,83,83,83,83,83,83,88,88,88,88,88,88,88,88,88,88,88,88,88,88,88,88,88,88,88,88,88,88,88,88,88,88,88,88,88,88,88,88],"card_choices":[{"not_picked":["Blizzard","Steam Power"],"picked":"Force Field","floor":1.0},{"not_picked":["Fusion","Leap"],"picked":"Reinforced Body","floor":3.0},{"not_picked":["Gash","Beam Cell"],"picked":"Glacier","floor":4.0},{"not_picked":["Turbo","Sweeping Beam"],"picked":"Consume","floor":5.0},{"not_picked":["Multi-Cast","Streamline"],"picked":"Ball Lightning","floor":6.0},{"not_picked":["Compile Driver","Ball Lightning"],"picked":"Leap","floor":11.0},{"not_picked":["Storm","Stack"],"picked":"Cold Snap","floor":13.0},{"not_picked":["Reinforced Body","Scrape"],"picked":"Chill","floor":14.0},{"not_picked":["Machine Learning","All For One"],"picked":"Reboot","floor":16.0},{"not_picked":["Leap+1","Melter"],"picked":"Capacitor","floor":18.0},{"not_picked":["Turbo+1","Hologram"],"picked":"Coolheaded","floor":21.0},{"not_picked":["Steam Power","Turbo","Rebound"],"picked":"SKIP","floor":27.0},{"not_picked":["Hello World","Steam+1"],"picked":"Conserve Battery","floor":28.0},{"not_picked":["Ball Lightning+1","Hologram"],"picked":"Heatsinks","floor":29.0},{"not_picked":["Hello World","Undo+1","Beam Cell"],"picked":"SKIP","floor":31.0},{"not_picked":["Biased Cognition","Machine Learning"],"picked":"Echo Form","floor":33.0},{"not_picked":["Turbo","Rebound","White Noise"],"picked":"SKIP","floor":35.0},{"not_picked":["Fusion","Rebound"],"picked":"White Noise","floor":37.0},{"not_picked":["Aggregate","Lockon"],"picked":"Double Energy+1","floor":40.0},{"not_picked":["Ball Lightning+1","Turbo","Barrage"],"picked":"SKIP","floor":41.0},{"not_picked":["Hello World","Sweeping Beam+1"],"picked":"Electrodynamics","floor":42.0},{"not_picked":["Consume","Stack"],"picked":"Loop+1","floor":46},{"not_picked":["Stack","Recycle","Coolheaded"],"picked":"SKIP","floor":47}],"player_experience":501914,"relics_obtained":[{"floor":2.0,"key":"Art of War"},{"floor":6.0,"key":"MawBank"},{"floor":9.0,"key":"Ornamental Fan"},{"floor":14.0,"key":"Blood Vial"},{"floor":26.0,"key":"Ancient Tea Set"},{"floor":28.0,"key":"Emotion Chip"},{"floor":40.0,"key":"Lantern"},{"floor":42.0,"key":"Darkstone Periapt"},{"floor":43.0,"key":"Letter Opener"}],"event_choices":[{"damage_healed":0.0,"max_hp_gain":0.0,"max_hp_loss":0.0,"gold_gain":0.0,"event_name":"Scrap Ooze","player_choice":"Success","floor":8.0,"gold_loss":0.0,"damage_taken":3.0,"relics_obtained":["Regal Pillow"]},{"damage_healed":0.0,"max_hp_gain":5.0,"max_hp_loss":0.0,"gold_gain":0.0,"event_name":"Big Fish","player_choice":"Donut","floor":12.0,"gold_loss":0.0,"damage_taken":0.0},{"damage_healed":0.0,"max_hp_gain":5.0,"max_hp_loss":0.0,"gold_gain":0.0,"event_name":"Forgotten Altar","player_choice":"Shed Blood","floor":19.0,"gold_loss":0.0,"damage_taken":21.0},{"damage_healed":0.0,"max_hp_gain":0.0,"max_hp_loss":0.0,"gold_gain":0.0,"event_name":"Back to Basics","player_choice":"Simplicity","floor":20.0,"gold_loss":0.0,"damage_taken":0.0,"cards_upgraded":["Strike_B","Strike_B","Strike_B","Strike_B","Defend_B","Defend_B","Defend_B","Defend_B"]},{"damage_healed":0.0,"max_hp_gain":0.0,"max_hp_loss":0.0,"gold_gain":0.0,"event_name":"MindBloom","player_choice":"Upgrade","floor":38.0,"gold_loss":0.0,"damage_taken":0.0,"cards_upgraded":["Zap","Dualcast","Force Field","Ball Lightning","Cold Snap","Chill","Reboot","Capacitor","Conserve Battery","Heatsinks","Echo Form","Doom and Gloom","Capacitor","Consume","Hello World","Rip and Tear","Melter","Reprogram","White Noise"],"relics_obtained":["Mark of the Bloom"]},{"cards_removed":["Hello World"],"damage_healed":0.0,"max_hp_gain":0.0,"max_hp_loss":0.0,"gold_gain":0.0,"event_name":"Purifier","player_choice":"Purged","floor":44.0,"gold_loss":0.0,"damage_taken":0.0}],"is_beta":false,"boss_relics":[{"not_picked":["Lizard Tail","White Beast Statue"],"picked":"Coffee Dripper"},{"not_picked":["Nuclear Battery","Runic Pyramid"],"picked":"Pandora\u0027s Box"}],"items_purged_floors":[36,48],"is_endless":false,"potions_floor_spawned":[1,4,6,11,13,18,21,27,29,37,42,46],"ascension_level":14}