{"gold_per_floor":[118,134,147,161,179,179,190,215,242,242],"floor_reached":10,"playtime":253,"items_purged":[],"score":144,"play_id":"f65ead8c-b02e-4c42-a0d3-d0b98c7c2ce2","local_time":"20190312020455","is_ascension_mode":true,"campfire_choices":[{"floor":6,"key":"REST"}],"neow_cost":"PERCENT_DAMAGE","seed_source_timestamp":376379984473100,"circlet_count":0,"master_deck":["AscendersBane","Strike_R","Strike_R","Strike_R","Strike_R","Strike_R","Defend_R","Defend_R","Defend_R","Defend_R","Bash","Shrug It Off","Body Slam","Iron Wave","Ghostly Armor","Body Slam"],"relics":["Burning Blood","Matryoshka","PreservedInsect","Bag of Marbles"],"potions_floor_usage":[8,8,10],"damage_taken":[{"damage":7,"enemies":"Cultist","floor":1,"turns":4},{"damage":2,"enemies":"2 Louse","floor":2,"turns":3},{"damage":6,"enemies":"Jaw Worm","floor":3,"turns":4},{"damage":56,"enemies":"Large Slime","floor":4,"turns":10},{"damage":1,"enemies":"2 Fungi Beasts","floor":5,"turns":4},{"damage":12,"enemies":"Exordium Wildlife","floor":7,"turns":6},{"damage":24,"enemies":"Gremlin Nob","floor":8,"turns":4},{"damage":34,"enemies":"Lagavulin","floor":10,"turns":6}],"seed_played":"1599492808468093475","potions_obtained":[{"floor":2,"key":"Swift Potion"},{"floor":4,"key":"Fire Potion"},{"floor":8,"key":"AttackPotion"}],"is_trial":false,"path_per_floor":["M","M","M","M","M","R","M","E","T","E"],"character_chosen":"IRONCLAD","items_purchased":[],"campfire_rested":1,"item_purchase_floors":[],"current_hp_per_floor":[63,67,67,17,22,48,42,24,24,0],"gold":242,"neow_bonus":"TWENTY_PERCENT_HP_BONUS","is_prod":false,"is_daily":false,"chose_seed":false,"campfire_upgraded":0,"win_rate":0,"timestamp":1552323895,"path_taken":["M","?","M","M","M","R","M","E","T","E"],"build_version":"2019-01-23","purchased_purges":0,"victory":false,"max_hp_per_floor":[89,89,89,89,89,89,89,89,89,89],"card_choices":[{"not_picked":["Dual Wield","Disarm"],"picked":"Shrug It Off","floor":1},{"not_picked":["Wild Strike","Headbutt"],"picked":"Body Slam","floor":2},{"not_picked":["Thunderclap","Barricade"],"picked":"Iron Wave","floor":3},{"not_picked":["Cleave","Burning Pact"],"picked":"Ghostly Armor","floor":4},{"not_picked":["Clothesline","Warcry"],"picked":"Body Slam","floor":5},{"not_picked":["Flex","Havoc","Wild Strike"],"picked":"SKIP","floor":7},{"not_picked":["Headbutt","Anger","Perfected Strike"],"picked":"SKIP","floor":8}],"player_experience":4514234,"relics_obtained":[{"floor":8,"key":"Matryoshka"},{"floor":9,"key":"PreservedInsect"},{"floor":9,"key":"Bag of Marbles"}],"event_choices":[],"is_beta":false,"boss_relics":[],"items_purged_floors":[],"is_endless":false,"potions_floor_spawned":[2,4,8],"killed_by":"Lagavulin","ascension_level":20}