{"gold_per_floor":[114,129,179,198,37,68,68,68,94,108,127,138,38,38],"floor_reached":14,"playtime":361,"items_purged":["Pain","Normality"],"score":184,"play_id":"1ea20420-f8da-4371-a2ad-0372f897f05e","local_time":"20190211023821","daily_mods":["Diverse"],"is_ascension_mode":true,"campfire_choices":[{"data":"Poisoned Stab","floor":8,"key":"SMITH"}],"neow_cost":"","seed_source_timestamp":0,"circlet_count":0,"master_deck":["AscendersBane","Strike_R","Strike_R","Strike_R","Strike_R","Strike_R","Defend_R","Defend_R","Defend_R","Defend_R","Bash","Decay","PiercingWail","Distraction","Dropkick","Buffer+1","Poisoned Stab+1","Infinite Blades+1","Melter","Armaments"],"relics":["Burning Blood","PrismaticShard","Calling Bell","Regal Pillow","Frozen Egg 2","Gambling Chip","Omamori","Blood Vial"],"potions_floor_usage":[6,6,6,12],"damage_taken":[{"damage":8,"enemies":"Cultist","floor":1,"turns":3},{"damage":17,"enemies":"2 Louse","floor":2,"turns":3},{"damage":15,"enemies":"Small Slimes","floor":4,"turns":7},{"damage":28,"enemies":"Lagavulin","floor":6,"turns":9},{"damage":10,"enemies":"Blue Slaver","floor":10,"turns":7},{"damage":19,"enemies":"3 Louse","floor":11,"turns":5},{"damage":8,"enemies":"Large Slime","floor":12,"turns":4},{"damage":35,"enemies":"Gremlin Nob","floor":14,"turns":4}],"seed_played":"2373624721147594587","potions_obtained":[{"floor":1,"key":"Block Potion"},{"floor":4,"key":"Strength Potion"},{"floor":6,"key":"Fruit Juice"},{"floor":11,"key":"EssenceOfSteel"}],"is_trial":true,"path_per_floor":["M","M","?","M","$","E","$","R","T","M","M","M","$","E"],"character_chosen":"IRONCLAD","items_purchased":["Buffer+1"],"campfire_rested":0,"item_purchase_floors":[5],"current_hp_per_floor":[66,55,55,46,46,29,29,29,29,27,16,16,16,0],"gold":38,"neow_bonus":"","is_prod":false,"is_daily":false,"chose_seed":false,"campfire_upgraded":1,"win_rate":0,"timestamp":1549820301,"path_taken":["M","?","?","M","$","E","$","R","T","M","M","M","$","E"],"build_version":"2019-01-23","purchased_purges":2,"victory":false,"max_hp_per_floor":[75,75,75,75,75,80,80,80,80,80,80,80,80,80],"card_choices":[{"not_picked":["Conserve Battery","Cloak And Dagger"],"picked":"PiercingWail","floor":1},{"not_picked":["Hologram","Pommel Strike"],"picked":"Distraction","floor":2},{"not_picked":["Force Field","Turbo"],"picked":"Dropkick","floor":4},{"not_picked":["Reckless Charge","Twin Strike"],"picked":"Poisoned Stab","floor":6},{"not_picked":["Steam","Headbutt"],"picked":"Infinite Blades+1","floor":10},{"not_picked":["Tactician","Headbutt"],"picked":"Melter","floor":11},{"not_picked":["Ball Lightning","Multi-Cast"],"picked":"Armaments","floor":12}],"player_experience":4259082,"relics_obtained":[{"floor":0,"key":"Regal Pillow"},{"floor":0,"key":"Frozen Egg 2"},{"floor":0,"key":"Gambling Chip"},{"floor":6,"key":"Omamori"},{"floor":9,"key":"Blood Vial"}],"event_choices":[{"damage_healed":0,"gold_gain":50,"player_choice":"Pray","damage_taken":0,"max_hp_gain":0,"max_hp_loss":0,"event_name":"Golden Shrine","floor":3,"gold_loss":0}],"is_beta":false,"boss_relics":[],"items_purged_floors":[5,13],"is_endless":false,"potions_floor_spawned":[1,4,6,11],"killed_by":"Gremlin Nob","ascension_level":20}