{"gold_per_floor":[113,129,140,154,165,200,200,226,250,280,280,298,313,278,278,373,373,387,399,1,11,11,11,28,28,55,70,70,70,95,105,105,105],"floor_reached":33,"playtime":2433,"items_purged":[],"score":349,"play_id":"5cb19f1d-bd2e-4daf-9372-4c16b125b662","local_time":"20190219193906","is_ascension_mode":true,"campfire_choices":[{"floor":7,"key":"REST"},{"floor":11,"key":"REST"},{"floor":15,"key":"REST"},{"floor":23,"key":"REST"},{"floor":25,"key":"REST"},{"floor":28,"key":"REST"},{"floor":32,"key":"REST"}],"neow_cost":"NONE","seed_source_timestamp":253692844900,"circlet_count":0,"master_deck":["Strike_R+1","Strike_R","Strike_R","Strike_R","Strike_R","Defend_R","Defend_R","Defend_R","Defend_R","Bash","Battle Trance","Twin Strike","Armaments","Corruption","Cleave","Havoc","Clothesline+1","Iron Wave","Heavy Blade","Dark Embrace","Shrug It Off+1","Anger","Exhume","Rampage","Whirlwind","Fire Breathing","Dual Wield"],"relics":["Burning Blood","Art of War","Darkstone Periapt","Potion Belt","Whetstone","Busted Crown","Orichalcum","Centennial Puzzle","Juzu Bracelet","Strawberry"],"potions_floor_usage":[4,6,6,12,16,21,30,31,33,33,33],"damage_taken":[{"damage":6,"enemies":"Cultist","floor":1,"turns":3},{"damage":6,"enemies":"2 Louse","floor":2,"turns":2},{"damage":14,"enemies":"Jaw Worm","floor":3,"turns":3},{"damage":12,"enemies":"Exordium Wildlife","floor":4,"turns":3},{"damage":21,"enemies":"Blue Slaver","floor":5,"turns":3},{"damage":15,"enemies":"3 Sentries","floor":6,"turns":7},{"damage":15,"enemies":"Lagavulin","floor":8,"turns":7},{"damage":45,"enemies":"3 Sentries","floor":10,"turns":7},{"damage":15,"enemies":"Gremlin Gang","floor":12,"turns":4},{"damage":28,"enemies":"Lots of Slimes","floor":13,"turns":4},{"damage":45,"enemies":"The Guardian","floor":16,"turns":13},{"damage":29,"enemies":"2 Thieves","floor":18,"turns":5},{"damage":30,"enemies":"Spheric Guardian","floor":19,"turns":6},{"damage":22,"enemies":"Centurion and Healer","floor":21,"turns":7},{"damage":35,"enemies":"Snake Plant","floor":24,"turns":5},{"damage":42,"enemies":"Shelled Parasite and Fungi","floor":27,"turns":5},{"damage":49,"enemies":"Slavers","floor":30,"turns":7},{"damage":23,"enemies":"Chosen and Byrds","floor":31,"turns":6},{"damage":57,"enemies":"Champ","floor":33,"turns":11}],"seed_played":"-3228699446058934538","potions_obtained":[{"floor":0,"key":"SkillPotion"},{"floor":0,"key":"Strength Potion"},{"floor":0,"key":"FearPotion"},{"floor":1,"key":"AttackPotion"},{"floor":10,"key":"SkillPotion"},{"floor":12,"key":"Ancient Potion"},{"floor":13,"key":"PowerPotion"},{"floor":19,"key":"Fruit Juice"},{"floor":27,"key":"Swift Potion"},{"floor":31,"key":"FearPotion"}],"is_trial":false,"path_per_floor":["M","M","M","M","M","E","R","E","T","E","R","M","M","?","R","B",null,"M","M","$","M","?","R","M","R","T","M","R","?","E","M","R","B"],"character_chosen":"IRONCLAD","items_purchased":["Orichalcum","Exhume","Dexterity Potion","Dexterity Potion","Ancient Potion"],"campfire_rested":7,"item_purchase_floors":[20,20,20,20,20],"current_hp_per_floor":[80,80,72,66,51,42,66,57,57,18,42,33,11,31,55,16,80,57,33,33,22,22,47,18,43,43,7,32,60,24,7,34,0],"gold":105,"neow_bonus":"THREE_SMALL_POTIONS","is_prod":false,"is_daily":false,"chose_seed":false,"campfire_upgraded":0,"win_rate":0,"timestamp":1550601546,"path_taken":["M","?","?","M","M","E","R","E","T","E","R","M","M","?","R","BOSS","M","M","$","M","?","R","M","R","T","M","R","?","E","M","R","BOSS"],"build_version":"2019-01-23","purchased_purges":0,"victory":false,"max_hp_per_floor":[80,80,80,80,80,80,80,80,80,80,80,80,80,80,80,80,80,80,80,80,85,85,85,85,85,85,85,85,85,92,92,92,92],"card_choices":[{"not_picked":["Shrug It Off","Armaments"],"picked":"Battle Trance","floor":1},{"not_picked":["Battle Trance","Perfected Strike"],"picked":"Twin Strike","floor":2},{"not_picked":["Headbutt","Body Slam"],"picked":"Armaments","floor":3},{"not_picked":["Barricade","Anger"],"picked":"Corruption","floor":4},{"not_picked":["Headbutt","Pommel Strike"],"picked":"Cleave","floor":5},{"not_picked":["Barricade","Perfected Strike"],"picked":"Havoc","floor":6},{"not_picked":["Body Slam","Flame Barrier"],"picked":"Clothesline","floor":8},{"not_picked":["Battle Trance","Sword Boomerang"],"picked":"Iron Wave","floor":10},{"not_picked":["Cleave","Thunderclap"],"picked":"Heavy Blade","floor":12},{"not_picked":["Heavy Blade","Wild Strike","Rupture"],"picked":"SKIP","floor":13},{"not_picked":["Berserk","Fiend Fire"],"picked":"Dark Embrace","floor":16},{"not_picked":[],"picked":"Shrug It Off+1","floor":18},{"not_picked":[],"picked":"Anger","floor":19},{"not_picked":[],"picked":"Rampage","floor":21},{"not_picked":["Wild Strike"],"picked":"SKIP","floor":24},{"not_picked":[],"picked":"Whirlwind","floor":27},{"not_picked":[],"picked":"Fire Breathing","floor":30},{"not_picked":[],"picked":"Dual Wield","floor":31}],"player_experience":342983,"relics_obtained":[{"floor":6,"key":"Art of War"},{"floor":8,"key":"Darkstone Periapt"},{"floor":9,"key":"Potion Belt"},{"floor":10,"key":"Whetstone"},{"floor":26,"key":"Juzu Bracelet"},{"floor":30,"key":"Strawberry"}],"event_choices":[{"damage_healed":20,"gold_gain":0,"player_choice":"Healed","damage_taken":0,"max_hp_gain":0,"max_hp_loss":0,"event_name":"The Cleric","floor":14,"gold_loss":35},{"damage_healed":0,"gold_gain":0,"player_choice":"Gave Potion","damage_taken":0,"relics_obtained":["Centennial Puzzle"],"max_hp_gain":0,"max_hp_loss":0,"event_name":"WeMeetAgain","floor":22,"gold_loss":0},{"damage_healed":28,"gold_gain":0,"player_choice":"Heal","damage_taken":0,"max_hp_gain":0,"max_hp_loss":0,"event_name":"The Library","floor":29,"gold_loss":0}],"is_beta":false,"boss_relics":[{"not_picked":["Empty Cage","Mark of Pain"],"picked":"Busted Crown"}],"items_purged_floors":[],"is_endless":false,"potions_floor_spawned":[1,3,10,12,13,19,27,31],"killed_by":"Champ","ascension_level":4}