{"gold_per_floor":[109,34,49,49,69,69,85,85,85,85,102,102,132,152,152,152],"floor_reached":16,"playtime":325,"items_purged":["Strike_R"],"score":204,"play_id":"3e424952-df2c-45e9-a1f5-a48264338941","local_time":"20190214024142","is_ascension_mode":true,"campfire_choices":[{"data":"Strike_R","floor":6.0,"key":"PURGE"},{"data":"Strike_R","floor":8.0,"key":"PURGE"},{"data":"Strike_R","floor":10.0,"key":"PURGE"},{"data":"Blood for Blood","floor":12.0,"key":"SMITH"},{"data":"Strike_R","floor":15.0,"key":"PURGE"}],"neow_cost":"PERCENT_DAMAGE","seed_source_timestamp":1237930883527900,"circlet_count":0,"master_deck":["AscendersBane","Defend_R","Defend_R","Defend_R","Defend_R+1","Bash","Blood for Blood+1","Carnage","Pommel Strike","Hemokinesis","Bloodletting+1"],"special_seed":0,"relics":["Burning Blood","Peace Pipe","Mercury Hourglass","Magic Flower","War Paint"],"potions_floor_usage":[16],"damage_taken":[{"damage":1.0,"enemies":"Small Slimes","floor":1.0,"turns":4.0},{"damage":2.0,"enemies":"Cultist","floor":3.0,"turns":4.0},{"damage":0.0,"enemies":"2 Louse","floor":5.0,"turns":2.0},{"damage":11.0,"enemies":"Looter","floor":7.0,"turns":4.0},{"damage":6.0,"enemies":"2 Fungi Beasts","floor":11.0,"turns":3.0},{"damage":16.0,"enemies":"3 Sentries","floor":13.0,"turns":6.0},{"damage":6.0,"enemies":"Blue Slaver","floor":14.0,"turns":3.0},{"damage":65,"enemies":"Slime Boss","floor":16,"turns":6}],"seed_played":"-2459403285335315809","potions_obtained":[{"floor":1.0,"key":"SpeedPotion"},{"floor":7.0,"key":"Fire Potion"},{"floor":11.0,"key":"Ancient Potion"}],"is_trial":false,"path_per_floor":["M","$","M","?","M","R","M","R","T","R","M","R","E","M","R","B"],"character_chosen":"IRONCLAD","items_purchased":[],"campfire_rested":0,"item_purchase_floors":[],"current_hp_per_floor":[55,55,59,59,65,65,60,60,60,60,63,63,56,59,59,0],"gold":152,"neow_bonus":"ONE_RARE_RELIC","is_prod":false,"is_daily":false,"chose_seed":false,"campfire_upgraded":1,"win_rate":0,"timestamp":1550079702,"path_taken":["M","$","M","?","?","R","?","R","T","R","M","R","E","?","R","BOSS"],"build_version":"2019-01-23","purchased_purges":1,"victory":false,"max_hp_per_floor":[75,75,75,75,75,75,75,75,75,75,75,75,75,75,75,75],"card_choices":[{"not_picked":["Thunderclap","Cleave"],"picked":"Blood for Blood","floor":1.0},{"not_picked":["Evolve","Flex"],"picked":"Carnage","floor":3.0},{"not_picked":["Anger","Feel No Pain","Perfected Strike"],"picked":"SKIP","floor":5.0},{"not_picked":["Rupture","Infernal Blade"],"picked":"Pommel Strike","floor":7.0},{"not_picked":["Flex","Demon Form"],"picked":"Hemokinesis","floor":11.0},{"not_picked":["Inflame","Wild Strike"],"picked":"Bloodletting","floor":13.0},{"not_picked":["Metallicize","Disarm","Ghostly Armor"],"picked":"SKIP","floor":14.0}],"player_experience":4290208,"relics_obtained":[{"floor":9.0,"key":"Magic Flower"},{"floor":13.0,"key":"War Paint"}],"event_choices":[{"damage_healed":0.0,"max_hp_gain":0.0,"max_hp_loss":0.0,"gold_gain":0.0,"event_name":"WeMeetAgain","player_choice":"Gave Potion","floor":4.0,"gold_loss":0.0,"damage_taken":0.0,"relics_obtained":["Mercury Hourglass"]}],"is_beta":false,"boss_relics":[],"items_purged_floors":[2],"is_endless":false,"potions_floor_spawned":[1,7,11,13],"killed_by":"Slime Boss","ascension_level":20}