{"gold_per_floor":[111,124,144,144,144,144,179,179,179,196,206,233,243,260,260,338,338,348,28,28,47,147,147,147],"floor_reached":24,"playtime":1960,"items_purged":[],"score":385,"play_id":"2c693237-14c4-436c-97df-b0ca2c9874f4","local_time":"20190312131956","is_ascension_mode":true,"campfire_choices":[{"data":"Bash","floor":6.0,"key":"SMITH"},{"data":"Cleave","floor":8.0,"key":"SMITH"},{"data":"Armaments","floor":15.0,"key":"SMITH"},{"floor":23.0,"key":"REST"}],"neow_cost":"NONE","seed_source_timestamp":10147038281944,"circlet_count":0,"master_deck":["AscendersBane","Strike_R","Strike_R","Strike_R","Strike_R","Strike_R","Defend_R","Defend_R","Defend_R","Defend_R","Bash+1","Panacea","Carnage","Shrug It Off","Reckless Charge","Cleave+1","Armaments+1","Rage","Power Through","Warcry","Metallicize","Exhume","Pommel Strike+1","Fiend Fire+1","Warcry","Wild Strike"],"special_seed":0,"relics":["Burning Blood","Bag of Marbles","Blood Vial","Mummified Hand","Nunchaku","Mark of Pain","Lantern","Thread and Needle","Pantograph"],"potions_floor_usage":[24],"damage_taken":[{"damage":7.0,"enemies":"Jaw Worm","floor":1.0,"turns":4.0},{"damage":1.0,"enemies":"Cultist","floor":2.0,"turns":3.0},{"damage":0.0,"enemies":"Small Slimes","floor":3.0,"turns":4.0},{"damage":6.0,"enemies":"Gremlin Nob","floor":7.0,"turns":3.0},{"damage":26.0,"enemies":"Gremlin Gang","floor":10.0,"turns":4.0},{"damage":0.0,"enemies":"Large Slime","floor":11.0,"turns":2.0},{"damage":26.0,"enemies":"Lagavulin","floor":12.0,"turns":5.0},{"damage":0.0,"enemies":"3 Louse","floor":13.0,"turns":2.0},{"damage":6.0,"enemies":"Looter","floor":14.0,"turns":2.0},{"damage":40.0,"enemies":"Slime Boss","floor":16.0,"turns":13.0},{"damage":34.0,"enemies":"Chosen","floor":18.0,"turns":6.0},{"damage":24.0,"enemies":"3 Byrds","floor":21.0,"turns":8.0},{"damage":2.0,"enemies":"Colosseum Slavers","floor":22.0,"turns":4.0},{"damage":7.0,"enemies":"Colosseum Nobs","floor":22.0,"turns":5.0},{"damage":66,"enemies":"Gremlin Leader","floor":24,"turns":3}],"seed_played":"-8098772875209216596","potions_obtained":[{"floor":2.0,"key":"Block Potion"},{"floor":7.0,"key":"Regen Potion"},{"floor":12.0,"key":"Regen Potion"},{"floor":14.0,"key":"SteroidPotion"},{"floor":21.0,"key":"FearPotion"}],"is_trial":false,"path_per_floor":["M","M","M","?","T","R","E","R","T","M","M","E","M","M","R","B",null,"M","$","?","M","?","R","E"],"character_chosen":"IRONCLAD","items_purchased":["Lantern","Fiend Fire"],"campfire_rested":1,"item_purchase_floors":[19,19],"current_hp_per_floor":[67,72,75,75,75,75,75,75,75,55,63,57,65,67,67,50,69,43,43,43,27,34,56,0],"gold":147,"neow_bonus":"RANDOM_COLORLESS","is_prod":false,"is_daily":false,"chose_seed":false,"campfire_upgraded":3,"win_rate":0,"timestamp":1552364396,"path_taken":["M","M","M","?","?","R","E","R","T","?","M","E","M","M","R","BOSS","M","$","?","?","?","R","E"],"build_version":"2019-01-23","purchased_purges":0,"victory":false,"max_hp_per_floor":[75,75,75,75,75,75,75,75,75,75,75,75,75,75,75,75,75,75,75,75,75,75,75,75],"card_choices":[{"not_picked":["Reckless Charge","Fire Breathing"],"picked":"Carnage","floor":1.0},{"not_picked":["Infernal Blade","Havoc"],"picked":"Shrug It Off","floor":2.0},{"not_picked":["Flex","Burning Pact"],"picked":"Reckless Charge","floor":3.0},{"not_picked":["Thunderclap","Havoc"],"picked":"Cleave","floor":7.0},{"not_picked":["Clash","Bloodletting"],"picked":"Armaments","floor":10.0},{"not_picked":["Body Slam","Blood for Blood"],"picked":"Rage","floor":11.0},{"not_picked":["Shockwave","Dual Wield"],"picked":"Power Through","floor":12.0},{"not_picked":["Dual Wield","Wild Strike"],"picked":"Warcry","floor":13.0},{"not_picked":["Shrug It Off","Entrench"],"picked":"Metallicize","floor":14.0},{"not_picked":["Brutality","Berserk"],"picked":"Exhume","floor":16.0},{"not_picked":["Sword Boomerang+1","Perfected Strike"],"picked":"Pommel Strike+1","floor":18.0},{"not_picked":["Havoc","Sword Boomerang"],"picked":"Warcry","floor":21.0},{"not_picked":["Clash","Body Slam"],"picked":"Wild Strike","floor":22.0}],"player_experience":291822,"relics_obtained":[{"floor":5.0,"key":"Bag of Marbles"},{"floor":7.0,"key":"Blood Vial"},{"floor":9.0,"key":"Mummified Hand"},{"floor":12.0,"key":"Nunchaku"},{"floor":22.0,"key":"Thread and Needle"},{"floor":22.0,"key":"Pantograph"}],"event_choices":[{"damage_healed":0.0,"max_hp_gain":0.0,"max_hp_loss":0.0,"gold_gain":0.0,"event_name":"Liars Game","player_choice":"Ignored","floor":4.0,"gold_loss":0.0,"damage_taken":0.0},{"damage_healed":0.0,"max_hp_gain":0.0,"max_hp_loss":0.0,"gold_gain":0.0,"event_name":"Upgrade Shrine","player_choice":"Upgraded","floor":20.0,"gold_loss":0.0,"damage_taken":0.0,"cards_upgraded":["Fiend Fire"]},{"damage_healed":0.0,"max_hp_gain":0.0,"max_hp_loss":0.0,"gold_gain":0.0,"event_name":"Colosseum","player_choice":"Fight","floor":22.0,"gold_loss":0.0,"damage_taken":0.0},{"damage_healed":0.0,"max_hp_gain":0.0,"max_hp_loss":0.0,"gold_gain":0.0,"event_name":"Colosseum","player_choice":"Fought Nobs","floor":22.0,"gold_loss":0.0,"damage_taken":0.0}],"is_beta":false,"boss_relics":[{"not_picked":["Astrolabe","Cursed Key"],"picked":"Mark of Pain"}],"items_purged_floors":[],"is_endless":false,"potions_floor_spawned":[2,7,12,14,21],"killed_by":"Gremlin Leader","ascension_level":17}