{"gold_per_floor":[112,126,126,226,236,263,263,273,298,298,311,311,311,321,321,321],"floor_reached":16,"playtime":567,"items_purged":[],"score":112,"play_id":"a650b856-01df-4068-a7bf-c428e74368ff","local_time":"20190218114231","is_ascension_mode":true,"campfire_choices":[{"data":"Body Slam","floor":7.0,"key":"SMITH"},{"data":"Armaments","floor":10,"key":"SMITH"},{"data":"Entrench","floor":13,"key":"SMITH"},{"floor":15,"key":"REST"}],"neow_cost":"NONE","seed_source_timestamp":6334986629155,"circlet_count":0,"master_deck":["Strike_R","Strike_R","Strike_R","Defend_R","Defend_R","Defend_R","Defend_R","Bash","Body Slam+1","Feel No Pain","Entrench+1","Ghostly Armor","Armaments+1","Iron Wave","Shrug It Off"],"special_seed":0,"relics":["Burning Blood","NeowsBlessing","Smiling Mask","Red Skull"],"potions_floor_usage":[8,11,16],"damage_taken":[{"damage":0.0,"enemies":"Cultist","floor":1.0,"turns":1.0},{"damage":0.0,"enemies":"2 Louse","floor":2.0,"turns":1.0},{"damage":0.0,"enemies":"Small Slimes","floor":5.0,"turns":1.0},{"damage":75.0,"enemies":"Gremlin Nob","floor":6.0,"turns":7.0},{"damage":0,"enemies":"Red Slaver","floor":8,"turns":4},{"damage":0,"enemies":"Large Slime","floor":11,"turns":4},{"damage":10,"enemies":"3 Louse","floor":14,"turns":5},{"damage":58,"enemies":"Slime Boss","floor":16,"turns":10}],"seed_played":"-8126523758678394170","potions_obtained":[{"floor":5.0,"key":"SpeedPotion"},{"floor":6.0,"key":"Block Potion"},{"floor":11,"key":"EssenceOfSteel"},{"floor":14,"key":"FearPotion"}],"is_trial":false,"path_per_floor":["M","M","?","?","M","E","R","M","T","R","M","?","R","M","R","B"],"character_chosen":"IRONCLAD","items_purchased":[],"campfire_rested":1,"item_purchase_floors":[],"current_hp_per_floor":[80,80,73,73,79,10,10,16,16,16,22,22,22,18,42,0],"gold":321,"neow_bonus":"THREE_ENEMY_KILL","is_prod":false,"is_daily":false,"chose_seed":false,"campfire_upgraded":3,"win_rate":0,"timestamp":1550457751,"path_taken":["M","?","?","?","M","E","R","M","T","R","?","?","R","M","R","BOSS"],"build_version":"2019-01-23","purchased_purges":0,"victory":false,"max_hp_per_floor":[80,80,80,80,80,80,80,80,80,80,80,80,80,80,80,80],"card_choices":[{"not_picked":["Warcry","Heavy Blade"],"picked":"Body Slam","floor":1.0},{"not_picked":["Sword Boomerang","Seeing Red"],"picked":"Feel No Pain","floor":2.0},{"not_picked":["Headbutt","Ghostly Armor"],"picked":"Entrench","floor":5.0},{"not_picked":["Havoc","Hemokinesis"],"picked":"Ghostly Armor","floor":6.0},{"not_picked":["Brutality","Havoc"],"picked":"Armaments","floor":8},{"not_picked":["Armaments","Anger","Flex"],"picked":"SKIP","floor":11},{"not_picked":["Clothesline","Flex"],"picked":"Shrug It Off","floor":14}],"player_experience":122750,"relics_obtained":[{"floor":6.0,"key":"Smiling Mask"},{"floor":9,"key":"Red Skull"}],"event_choices":[{"cards_removed":["Strike_R"],"damage_healed":0.0,"max_hp_gain":0.0,"max_hp_loss":0.0,"gold_gain":0.0,"event_name":"Golden Wing","player_choice":"Card Removal","floor":3.0,"gold_loss":0.0,"damage_taken":7.0},{"damage_healed":0.0,"max_hp_gain":0.0,"max_hp_loss":0.0,"gold_gain":100.0,"event_name":"Golden Shrine","player_choice":"Pray","floor":4.0,"gold_loss":0.0,"damage_taken":0.0},{"damage_healed":0,"gold_gain":0,"cards_transformed":["Strike_R"],"player_choice":"Transformed","damage_taken":0,"max_hp_gain":0,"max_hp_loss":0,"event_name":"Transmorgrifier","floor":12,"gold_loss":0,"cards_obtained":["Iron Wave"]}],"is_beta":false,"boss_relics":[],"items_purged_floors":[],"is_endless":false,"potions_floor_spawned":[5,6,11,14],"killed_by":"Slime Boss","ascension_level":2}