{"gold_per_floor":[109,109,125,150,165,165,182,182,182,182,198,212,212,246,246,246],"floor_reached":16,"playtime":591,"items_purged":[],"score":204,"play_id":"25920c86-f068-438e-99e0-efededb7e305","local_time":"20190322191903","is_ascension_mode":true,"campfire_choices":[{"data":"Body Slam","floor":6.0,"key":"SMITH"},{"data":"Heavy Blade","floor":8.0,"key":"SMITH"},{"floor":13.0,"key":"REST"},{"data":"True Grit","floor":15,"key":"SMITH"}],"neow_cost":"NONE","seed_source_timestamp":33831447445884,"circlet_count":0,"master_deck":["AscendersBane","Strike_R+1","Strike_R","Strike_R","Strike_R+1","Strike_R","Defend_R","Defend_R","Defend_R","Defend_R","Bash","Heavy Blade+1","Body Slam+1","Cleave","Barricade","Shrug It Off","True Grit+1"],"special_seed":0,"relics":["Burning Blood","Orichalcum","Bag of Preparation","Mercury Hourglass","Smiling Mask"],"potions_floor_usage":[14,16,16],"damage_taken":[{"damage":1.0,"enemies":"Cultist","floor":1.0,"turns":4.0},{"damage":8.0,"enemies":"Jaw Worm","floor":3.0,"turns":4.0},{"damage":12.0,"enemies":"Small Slimes","floor":5.0,"turns":4.0},{"damage":10.0,"enemies":"Blue Slaver","floor":7.0,"turns":3.0},{"damage":5.0,"enemies":"Looter","floor":11.0,"turns":2.0},{"damage":5.0,"enemies":"Gremlin Gang","floor":12.0,"turns":3.0},{"damage":20,"enemies":"3 Sentries","floor":14,"turns":6},{"damage":53,"enemies":"Slime Boss","floor":16,"turns":10}],"seed_played":"-1768969033892964198","potions_obtained":[{"floor":1.0,"key":"Poison Potion"},{"floor":5.0,"key":"Block Potion"},{"floor":14,"key":"Energy Potion"}],"is_trial":false,"path_per_floor":["M","?","M","T","M","R","M","R","T","?","M","M","R","E","R","B"],"character_chosen":"IRONCLAD","items_purchased":[],"campfire_rested":1,"item_purchase_floors":[],"current_hp_per_floor":[73,73,71,71,65,65,61,61,61,38,39,40,62,48,48,0],"gold":246,"neow_bonus":"RANDOM_COMMON_RELIC","is_prod":false,"is_daily":false,"chose_seed":false,"campfire_upgraded":3,"win_rate":0,"timestamp":1553249943,"path_taken":["M","?","M","?","M","R","M","R","T","?","M","M","R","E","R","BOSS"],"build_version":"2019-01-23","purchased_purges":0,"victory":false,"max_hp_per_floor":[75,75,75,75,75,75,75,75,75,75,75,75,75,75,75,75],"card_choices":[{"not_picked":["Bloodletting","Infernal Blade"],"picked":"Heavy Blade","floor":1.0},{"not_picked":["Thunderclap","Burning Pact"],"picked":"Body Slam","floor":3.0},{"not_picked":["Thunderclap","Anger"],"picked":"Cleave","floor":5.0},{"not_picked":["Perfected Strike","Searing Blow","Twin Strike"],"picked":"SKIP","floor":7.0},{"not_picked":["True Grit","Uppercut"],"picked":"Barricade","floor":11.0},{"not_picked":["Iron Wave","Uppercut"],"picked":"Shrug It Off","floor":12.0},{"not_picked":["Twin Strike","Sentinel"],"picked":"True Grit","floor":14}],"player_experience":391489,"relics_obtained":[{"floor":4.0,"key":"Bag of Preparation"},{"floor":9.0,"key":"Mercury Hourglass"},{"floor":14,"key":"Smiling Mask"}],"event_choices":[{"damage_healed":0.0,"max_hp_gain":0.0,"max_hp_loss":0.0,"gold_gain":0.0,"event_name":"Liars Game","player_choice":"Ignored","floor":2.0,"gold_loss":0.0,"damage_taken":0.0},{"damage_healed":0.0,"max_hp_gain":0.0,"max_hp_loss":0.0,"gold_gain":0.0,"event_name":"Shining Light","player_choice":"Entered Light","floor":10.0,"gold_loss":0.0,"damage_taken":23.0,"cards_upgraded":["Strike_R","Strike_R"]}],"is_beta":false,"boss_relics":[],"items_purged_floors":[],"is_endless":false,"potions_floor_spawned":[1,5,14],"killed_by":"Slime Boss","ascension_level":20}