{"gold_per_floor":[367,292,292,303,23,41,52,69,121,121,21,21,33,46,46,46],"floor_reached":16,"playtime":1258,"items_purged":["Strike_B","Defend_B"],"score":165,"play_id":"1c0baf29-c90e-4c80-9f69-8b87a26e5572","local_time":"20190226234758","is_ascension_mode":true,"campfire_choices":[{"floor":15,"key":"REST"}],"neow_cost":"TEN_PERCENT_HP_LOSS","seed_source_timestamp":0,"circlet_count":0,"master_deck":["AscendersBane","Strike_B","Strike_B+1","Defend_B","Defend_B","Zap","Dualcast+1","Reprogram","Loop","BootSequence","Capacitor","Blizzard","Chill","Darkness"],"special_seed":0,"relics":["Cracked Core","Lee\u0027s Waffle","Blood Vial","Darkstone Periapt"],"potions_floor_usage":[16],"damage_taken":[{"damage":8.0,"enemies":"Jaw Worm","floor":1.0,"turns":4.0},{"damage":0.0,"enemies":"2 Louse","floor":4.0,"turns":3.0},{"damage":0.0,"enemies":"Cultist","floor":6.0,"turns":4.0},{"damage":7.0,"enemies":"Large Slime","floor":7.0,"turns":6.0},{"damage":24.0,"enemies":"3 Louse","floor":8.0,"turns":5.0},{"damage":8.0,"enemies":"Exordium Wildlife","floor":13.0,"turns":6.0},{"damage":4,"enemies":"Looter","floor":14,"turns":4},{"damage":58,"enemies":"The Guardian","floor":16,"turns":9}],"seed_played":"4555030486033406051","potions_obtained":[{"floor":6.0,"key":"EssenceOfSteel"},{"floor":8.0,"key":"Regen Potion"},{"floor":14,"key":"Energy Potion"}],"is_trial":false,"path_per_floor":["M","?","?","M","$","M","M","M","T","?","$","?","M","M","R","B"],"character_chosen":"DEFECT","items_purchased":["Lee\u0027s Waffle"],"campfire_rested":1,"item_purchase_floors":[5],"current_hp_per_floor":[56,56,49,49,71,71,64,40,40,40,40,19,28,26,47,0],"gold":46,"neow_bonus":"TWO_FIFTY_GOLD","is_prod":false,"is_daily":false,"chose_seed":false,"campfire_upgraded":0,"win_rate":0,"timestamp":1551192478,"path_taken":["M","?","?","M","$","M","M","M","T","?","$","?","M","?","R","BOSS"],"build_version":"2019-01-23","purchased_purges":2,"victory":false,"max_hp_per_floor":[64,64,64,64,71,71,71,71,71,71,71,71,71,71,71,71],"card_choices":[{"not_picked":["Hologram","Compile Driver"],"picked":"Reprogram","floor":1.0},{"not_picked":["Sweeping Beam","Leap"],"picked":"Loop","floor":4.0},{"not_picked":["Sweeping Beam","Undo"],"picked":"BootSequence","floor":6.0},{"not_picked":["Melter","Loop"],"picked":"Capacitor","floor":7.0},{"not_picked":["Beam Cell","Leap"],"picked":"Blizzard","floor":8.0},{"not_picked":["Turbo","Gash"],"picked":"Chill","floor":13.0},{"not_picked":["Fusion","Sweeping Beam"],"picked":"Darkness","floor":14}],"player_experience":1006481,"relics_obtained":[{"floor":9.0,"key":"Blood Vial"}],"event_choices":[{"cards_removed":["Strike_B"],"damage_healed":0.0,"max_hp_gain":0.0,"max_hp_loss":0.0,"gold_gain":0.0,"event_name":"The Cleric","player_choice":"Card Removal","floor":2.0,"gold_loss":75.0,"damage_taken":0.0},{"cards_removed":["Defend_B"],"damage_healed":0.0,"max_hp_gain":0.0,"max_hp_loss":0.0,"gold_gain":0.0,"event_name":"Golden Wing","player_choice":"Card Removal","floor":3.0,"gold_loss":0.0,"damage_taken":7.0},{"damage_healed":0.0,"max_hp_gain":0.0,"max_hp_loss":0.0,"gold_gain":0.0,"event_name":"Dead Adventurer","player_choice":"Searched \u00271\u0027 times","floor":10.0,"gold_loss":0.0,"damage_taken":0.0,"relics_obtained":["Darkstone Periapt"]},{"damage_healed":0.0,"max_hp_gain":0.0,"max_hp_loss":0.0,"gold_gain":0.0,"event_name":"Shining Light","player_choice":"Entered Light","floor":12.0,"gold_loss":0.0,"damage_taken":21.0,"cards_upgraded":["Dualcast","Strike_B"]}],"is_beta":false,"boss_relics":[],"items_purged_floors":[5,11],"is_endless":false,"potions_floor_spawned":[6,8,14],"killed_by":"The Guardian","ascension_level":15}