{"gold_per_floor":[113,72,72,72,91,125,125,125],"floor_reached":8,"playtime":130,"items_purged":[],"score":150,"play_id":"9b4b4dfc-3db9-4a89-a606-a2d7cd4c32b1","local_time":"20190320130302","is_ascension_mode":true,"campfire_choices":[],"neow_cost":"NONE","seed_source_timestamp":11680973249901,"circlet_count":0,"master_deck":["AscendersBane","Strike_R","Strike_R","Strike_R+1","Strike_R","Strike_R+1","Defend_R","Defend_R","Defend_R","Defend_R","Bash","Pommel Strike","Corruption","True Grit","Sword Boomerang"],"relics":["Burning Blood","NeowsBlessing","The Courier","Smiling Mask"],"potions_floor_usage":[],"damage_taken":[{"damage":0,"enemies":"Cultist","floor":1,"turns":1},{"damage":0,"enemies":"Small Slimes","floor":5,"turns":1},{"damage":0,"enemies":"Gremlin Nob","floor":6,"turns":1},{"damage":48,"enemies":"3 Sentries","floor":8,"turns":5}],"seed_played":"1232253153014375944","potions_obtained":[],"is_trial":false,"path_per_floor":["M","$","?","?","M","E","?","E"],"character_chosen":"IRONCLAD","items_purchased":["Corruption"],"campfire_rested":0,"item_purchase_floors":[2],"current_hp_per_floor":[74,74,51,33,39,45,45,0],"gold":125,"neow_bonus":"THREE_ENEMY_KILL","is_prod":false,"is_daily":false,"chose_seed":false,"campfire_upgraded":0,"win_rate":0,"timestamp":1553054582,"path_taken":["M","?","?","?","?","E","?","E"],"build_version":"2019-01-23","purchased_purges":0,"victory":false,"max_hp_per_floor":[75,75,75,75,75,75,75,75],"card_choices":[{"not_picked":["Flex","Thunderclap"],"picked":"Pommel Strike","floor":1},{"not_picked":["Intimidate","Flex"],"picked":"True Grit","floor":5},{"not_picked":["Uppercut","Reckless Charge"],"picked":"Sword Boomerang","floor":6}],"player_experience":370821,"relics_obtained":[{"floor":6,"key":"Smiling Mask"}],"event_choices":[{"damage_healed":0,"gold_gain":0,"player_choice":"Entered Light","damage_taken":23,"max_hp_gain":0,"max_hp_loss":0,"event_name":"Shining Light","floor":3,"gold_loss":0,"cards_upgraded":["Strike_R","Strike_R"]},{"damage_healed":0,"gold_gain":0,"player_choice":"Success","damage_taken":18,"relics_obtained":["The Courier"],"max_hp_gain":0,"max_hp_loss":0,"event_name":"Scrap Ooze","floor":4,"gold_loss":0},{"damage_healed":0,"gold_gain":0,"player_choice":"Ignored","damage_taken":0,"max_hp_gain":0,"max_hp_loss":0,"event_name":"Liars Game","floor":7,"gold_loss":0}],"is_beta":false,"boss_relics":[],"items_purged_floors":[],"is_endless":false,"potions_floor_spawned":[],"killed_by":"3 Sentries","ascension_level":18}