{"gold_per_floor":[115,129,149,167,186,186,186,50,73,106,106,106,118,149,149,228,228,247,247,247,263,97,97,7,38,65,81,81,6,6,38,38,113,113,130,130,130,148,148,208,208,208,256,256,286,286,286,296,296,296],"floor_reached":50,"playtime":1455,"items_purged":["Strike_R"],"score":1188,"play_id":"639b441e-52a4-48ab-bcc3-70e7cb2f5112","local_time":"20190217013724","is_ascension_mode":true,"campfire_choices":[{"data":"Whirlwind","floor":6.0,"key":"SMITH"},{"data":"Inflame","floor":11.0,"key":"SMITH"},{"data":"Bash","floor":15.0,"key":"SMITH"},{"data":"Evolve","floor":23.0,"key":"SMITH"},{"floor":28.0,"key":"REST"},{"floor":30.0,"key":"REST"},{"data":"Inflame","floor":32.0,"key":"SMITH"},{"floor":41.0,"key":"RECALL"},{"data":"Limit Break","floor":46,"key":"SMITH"},{"floor":49,"key":"REST"}],"neow_cost":"NONE","seed_source_timestamp":212768132513800,"circlet_count":0,"master_deck":["AscendersBane","Strike_R","Strike_R","Strike_R+1","Strike_R+1","Defend_R","Defend_R","Defend_R","Defend_R","Bash+1","Headbutt","Perfected Strike","Whirlwind+1","Infernal Blade","Shrug It Off","Inflame+1","Shrug It Off","Power Through","Limit Break+1","Evolve+1","Impervious","Pommel Strike","Wild Strike","Feel No Pain","Immolate","Inflame+1","Offering","Pummel","Offering","Headbutt+1","Metamorphosis","Panacea","Master of Strategy","Second Wind"],"special_seed":0,"relics":["Burning Blood","Orichalcum","Happy Flower","Bronze Scales","Ancient Tea Set","Orrery","Enchiridion","Pen Nib","Vajra","Blood Vial","Torii","Eternal Feather","Tiny Chest","StoneCalendar","Lantern"],"potions_floor_usage":[48],"damage_taken":[{"damage":4.0,"enemies":"Small Slimes","floor":1.0,"turns":3.0},{"damage":6.0,"enemies":"Jaw Worm","floor":2.0,"turns":3.0},{"damage":7.0,"enemies":"2 Louse","floor":3.0,"turns":2.0},{"damage":7.0,"enemies":"Exordium Wildlife","floor":4.0,"turns":3.0},{"damage":5.0,"enemies":"Looter","floor":5.0,"turns":2.0},{"damage":2.0,"enemies":"Gremlin Nob","floor":10.0,"turns":3.0},{"damage":0.0,"enemies":"Large Slime","floor":13.0,"turns":4.0},{"damage":4.0,"enemies":"3 Sentries","floor":14.0,"turns":2.0},{"damage":14.0,"enemies":"Hexaghost","floor":16.0,"turns":5.0},{"damage":21.0,"enemies":"2 Thieves","floor":18.0,"turns":3.0},{"damage":0.0,"enemies":"Chosen","floor":21.0,"turns":3.0},{"damage":0.0,"enemies":"Gremlin Leader","floor":25.0,"turns":5.0},{"damage":29.0,"enemies":"Shelled Parasite and Fungi","floor":27.0,"turns":3.0},{"damage":6.0,"enemies":"Slavers","floor":31.0,"turns":3.0},{"damage":36.0,"enemies":"Collector","floor":33.0,"turns":5.0},{"damage":16.0,"enemies":"Orb Walker","floor":35.0,"turns":3.0},{"damage":13.0,"enemies":"3 Darklings","floor":38.0,"turns":2.0},{"damage":32.0,"enemies":"Reptomancer","floor":40.0,"turns":4.0},{"damage":41,"enemies":"Nemesis","floor":45,"turns":6},{"damage":22,"enemies":"Writhing Mass","floor":48,"turns":7},{"damage":65,"enemies":"Time Eater","floor":50,"turns":6}],"seed_played":"4935018854381670255","potions_obtained":[{"floor":1.0,"key":"Poison Potion"},{"floor":4.0,"key":"Weak Potion"},{"floor":10.0,"key":"Dexterity Potion"},{"floor":18.0,"key":"Block Potion"},{"floor":20.0,"key":"AttackPotion"},{"floor":25.0,"key":"AttackPotion"},{"floor":31.0,"key":"SpeedPotion"},{"floor":38.0,"key":"FearPotion"}],"is_trial":false,"path_per_floor":["M","M","M","M","M","R","?","$","T","E","R","?","M","E","R","B",null,"M","?","?","M","$","R","$","E","T","M","R","$","R","E","R","B",null,"M","?","?","M","?","E","R","?","T","T","E","R","?","M","R","B"],"character_chosen":"IRONCLAD","items_purchased":["Shrug It Off","Inflame","Pen Nib","Immolate"],"campfire_rested":3,"item_purchase_floors":[8,8,22,24],"current_hp_per_floor":[70,70,69,68,69,69,46,46,46,50,50,50,56,58,58,50,69,54,33,33,39,39,39,39,45,45,24,46,46,68,70,70,42,67,59,59,49,44,44,20,41,41,41,41,8,29,29,15,54,0],"gold":296,"neow_bonus":"RANDOM_COMMON_RELIC","is_prod":false,"is_daily":false,"chose_seed":false,"campfire_upgraded":6,"win_rate":0,"timestamp":1550335044,"path_taken":["M","M","M","M","M","R","?","?","T","E","R","?","?","E","R","BOSS","M","?","?","?","$","R","$","E","T","M","R","?","R","E","R","BOSS","M","?","?","M","?","E","R","?","T","?","E","R","?","M","R","BOSS"],"build_version":"2019-01-23","purchased_purges":1,"victory":false,"max_hp_per_floor":[75,75,75,75,75,75,75,75,75,75,75,75,75,75,75,75,75,75,75,75,75,75,75,75,75,75,75,75,75,75,75,75,75,75,75,75,75,75,75,75,75,71,71,71,71,71,71,71,71,71],"card_choices":[{"not_picked":["Rage","Intimidate"],"picked":"Headbutt","floor":1.0},{"not_picked":["Sentinel","Clothesline"],"picked":"Perfected Strike","floor":2.0},{"not_picked":["Armaments","Clash"],"picked":"Whirlwind","floor":3.0},{"not_picked":["Hemokinesis","Headbutt"],"picked":"Perfected Strike","floor":4.0},{"not_picked":["Clothesline","Burning Pact"],"picked":"Infernal Blade","floor":5.0},{"not_picked":["Feel No Pain","Cleave"],"picked":"Shrug It Off","floor":10.0},{"not_picked":["Clothesline","Body Slam"],"picked":"Power Through","floor":13.0},{"not_picked":["Barricade","Rupture"],"picked":"Sword Boomerang","floor":14.0},{"not_picked":["Berserk","Dark Embrace"],"picked":"Limit Break","floor":16.0},{"not_picked":["Clothesline","True Grit"],"picked":"Evolve","floor":17.0},{"not_picked":["Corruption","Clothesline"],"picked":"Impervious","floor":17.0},{"not_picked":["Reckless Charge","True Grit"],"picked":"Pommel Strike","floor":17.0},{"not_picked":["Flex","Anger"],"picked":"Wild Strike","floor":17.0},{"not_picked":["Entrench","Combust","Pommel Strike"],"picked":"SKIP","floor":18.0},{"not_picked":["Armaments","Warcry+1"],"picked":"Feel No Pain","floor":21.0},{"not_picked":["Bloodletting","Flex"],"picked":"Inflame","floor":25.0},{"not_picked":["True Grit","Heavy Blade"],"picked":"Offering","floor":27.0},{"not_picked":["Disarm","Flex"],"picked":"Pummel","floor":31.0},{"not_picked":["Bludgeon","Juggernaut"],"picked":"Offering","floor":33.0},{"not_picked":["Feel No Pain","Metallicize"],"picked":"Headbutt+1","floor":35.0},{"not_picked":["Enlightenment","Impatience"],"picked":"Metamorphosis","floor":37.0},{"not_picked":["Good Instincts","HandOfGreed"],"picked":"Panacea","floor":37.0},{"not_picked":["Secret Weapon","Finesse"],"picked":"Master of Strategy","floor":37.0},{"not_picked":["Shrug It Off","Clash"],"picked":"Second Wind","floor":38.0},{"not_picked":["Corruption+1","Uppercut+1","Pommel Strike"],"picked":"SKIP","floor":40.0},{"not_picked":["Carnage","Dropkick","Whirlwind"],"picked":"SKIP","floor":45},{"not_picked":["Clash","Perfected Strike","Thunderclap+1"],"picked":"SKIP","floor":48}],"player_experience":4310512,"relics_obtained":[{"floor":9.0,"key":"Happy Flower"},{"floor":10.0,"key":"Bronze Scales"},{"floor":14.0,"key":"Ancient Tea Set"},{"floor":19.0,"key":"Enchiridion"},{"floor":25.0,"key":"Vajra"},{"floor":26.0,"key":"Blood Vial"},{"floor":31.0,"key":"Torii"},{"floor":40.0,"key":"Tiny Chest"},{"floor":44.0,"key":"StoneCalendar"},{"floor":45,"key":"Lantern"}],"event_choices":[{"damage_healed":0.0,"max_hp_gain":0.0,"max_hp_loss":0.0,"gold_gain":0.0,"event_name":"Shining Light","player_choice":"Entered Light","floor":7.0,"gold_loss":0.0,"damage_taken":23.0,"cards_upgraded":["Strike_R","Strike_R"]},{"damage_healed":0.0,"max_hp_gain":0.0,"max_hp_loss":0.0,"gold_gain":0.0,"event_name":"Liars Game","player_choice":"Ignored","floor":12.0,"gold_loss":0.0,"damage_taken":0.0},{"damage_healed":0.0,"max_hp_gain":0.0,"max_hp_loss":0.0,"gold_gain":0.0,"event_name":"Cursed Tome","player_choice":"Obtained Book","floor":19.0,"gold_loss":0.0,"damage_taken":21.0},{"damage_healed":0.0,"max_hp_gain":0.0,"max_hp_loss":0.0,"gold_gain":0.0,"event_name":"Lab","player_choice":"Got Potions","floor":20.0,"gold_loss":0.0,"damage_taken":0.0},{"cards_removed":["Sword Boomerang"],"damage_healed":0.0,"max_hp_gain":0.0,"max_hp_loss":0.0,"gold_gain":0.0,"event_name":"Falling","player_choice":"Removed Attack","floor":36.0,"gold_loss":0.0,"damage_taken":0.0},{"damage_healed":0.0,"max_hp_gain":0.0,"max_hp_loss":0.0,"gold_gain":0.0,"event_name":"SensoryStone","player_choice":"Memory 3","floor":37.0,"gold_loss":0.0,"damage_taken":10.0},{"damage_healed":0.0,"max_hp_gain":0.0,"max_hp_loss":0.0,"gold_gain":0.0,"event_name":"Tomb of Lord Red Mask","player_choice":"Ignored","floor":39.0,"gold_loss":0.0,"damage_taken":0.0},{"damage_healed":0.0,"max_hp_gain":0.0,"max_hp_loss":4.0,"gold_gain":0.0,"event_name":"Winding Halls","player_choice":"Max HP","floor":42.0,"gold_loss":0.0,"damage_taken":0.0},{"cards_removed":["Perfected Strike"],"damage_healed":0,"gold_gain":0,"player_choice":"Purged","damage_taken":0,"max_hp_gain":0,"max_hp_loss":0,"event_name":"Purifier","floor":47,"gold_loss":0}],"is_beta":false,"boss_relics":[{"not_picked":["White Beast Statue","Calling Bell"],"picked":"Orrery"},{"not_picked":["Runic Dome","Sozu"],"picked":"Eternal Feather"}],"items_purged_floors":[29],"is_endless":false,"potions_floor_spawned":[1,4,10,18,25,31,35,38],"killed_by":"Time Eater","ascension_level":20}