{"gold_per_floor":[112,112,112,127,142,167,167,242,242,32,32,32,32,32,32,110,110,122,47,47,47,59,59,59,59,59,59,78,78,78,78,78,78],"floor_reached":33,"playtime":1851,"items_purged":["Defend_B"],"score":440,"play_id":"f9e77afa-3be8-4844-ae2f-e3b2ea4b7b2b","local_time":"20190308193303","is_ascension_mode":true,"campfire_choices":[{"floor":7.0,"key":"REST"},{"floor":11.0,"key":"REST"},{"data":"Hello World","floor":15.0,"key":"SMITH"},{"floor":23.0,"key":"REST"},{"data":"Hologram","floor":25.0,"key":"SMITH"},{"data":"Zap","floor":27.0,"key":"SMITH"},{"floor":29.0,"key":"REST"},{"data":"Skim","floor":32.0,"key":"SMITH"}],"neow_cost":"NONE","seed_source_timestamp":487153955931838,"circlet_count":0,"master_deck":["AscendersBane","Defend_B+1","Defend_B","Zap+1","Dualcast+1","Hello World+1","Skim+1","Hologram+1","Amplify","Echo Form","Go for the Eyes+1","Bite","Bite","Bite","Bite","Bite","Skim","Undo+1","RitualDagger+1"],"special_seed":0,"relics":["Cracked Core","Incense Burner","Darkstone Periapt","Strange Spoon","Empty Cage","Molten Egg 2"],"potions_floor_usage":[33],"damage_taken":[{"damage":7.0,"enemies":"Jaw Worm","floor":1.0,"turns":3.0},{"damage":0.0,"enemies":"Cultist","floor":4.0,"turns":4.0},{"damage":0.0,"enemies":"2 Louse","floor":5.0,"turns":2.0},{"damage":17.0,"enemies":"3 Sentries","floor":6.0,"turns":10.0},{"damage":34.0,"enemies":"Hexaghost","floor":16.0,"turns":11.0},{"damage":11.0,"enemies":"Spheric Guardian","floor":18.0,"turns":8.0},{"damage":20.0,"enemies":"Chosen","floor":22.0,"turns":5.0},{"damage":23.0,"enemies":"Snake Plant","floor":28.0,"turns":7.0},{"damage":100,"enemies":"Champ","floor":33,"turns":15}],"seed_played":"-1729462998220426166","potions_obtained":[{"floor":4.0,"key":"SpeedPotion"},{"floor":28.0,"key":"SpeedPotion"}],"is_trial":false,"path_per_floor":["M","?","?","M","M","E","R","?","T","$","R","?","?","$","R","B",null,"M","$","?","?","M","R","?","R","T","R","M","R","?","$","R","B"],"character_chosen":"DEFECT","items_purchased":["Strange Spoon"],"campfire_rested":4,"item_purchase_floors":[10],"current_hp_per_floor":[64,41,41,41,41,24,47,36,36,36,59,59,59,59,59,25,65,54,54,32,32,28,45,45,45,45,45,40,57,51,51,51,0],"gold":78,"neow_bonus":"TEN_PERCENT_HP_BONUS","is_prod":false,"is_daily":false,"chose_seed":false,"campfire_upgraded":4,"win_rate":0,"timestamp":1552041183,"path_taken":["M","?","?","M","?","E","R","?","T","$","R","?","?","?","R","BOSS","M","$","?","?","M","R","?","R","T","R","M","R","?","?","R","BOSS"],"build_version":"2019-01-23","purchased_purges":1,"victory":false,"max_hp_per_floor":[78,78,78,78,78,78,78,78,78,78,78,78,78,78,78,78,78,78,78,83,58,58,58,58,58,58,58,58,58,58,58,58,58],"card_choices":[{"not_picked":["Ball Lightning","BootSequence"],"picked":"Hello World","floor":1.0},{"not_picked":["Barrage","Reprogram"],"picked":"Skim","floor":4.0},{"not_picked":["Blizzard","Conserve Battery"],"picked":"Hologram","floor":5.0},{"not_picked":["Leap","White Noise"],"picked":"Amplify","floor":6.0},{"not_picked":["Hyperbeam","Biased Cognition"],"picked":"Echo Form","floor":16.0},{"not_picked":["Steam","Force Field"],"picked":"Go for the Eyes+1","floor":18.0},{"not_picked":["Hologram","Steam"],"picked":"Skim","floor":22.0},{"not_picked":["Reprogram","Lockon+1"],"picked":"Undo+1","floor":28.0}],"player_experience":1051485,"relics_obtained":[{"floor":6.0,"key":"Incense Burner"},{"floor":9.0,"key":"Darkstone Periapt"},{"floor":26.0,"key":"Molten Egg 2"}],"event_choices":[{"damage_healed":0.0,"max_hp_gain":0.0,"max_hp_loss":0.0,"gold_gain":0.0,"event_name":"Shining Light","player_choice":"Entered Light","floor":2.0,"gold_loss":0.0,"damage_taken":23.0,"cards_upgraded":["Dualcast","Defend_B"]},{"cards_removed":["Strike_B"],"damage_healed":0.0,"max_hp_gain":0.0,"max_hp_loss":0.0,"gold_gain":0.0,"event_name":"Purifier","player_choice":"Purged","floor":3.0,"gold_loss":0.0,"damage_taken":0.0},{"damage_healed":0.0,"max_hp_gain":0.0,"max_hp_loss":0.0,"gold_gain":75.0,"event_name":"World of Goop","player_choice":"Gather Gold","floor":8.0,"gold_loss":0.0,"damage_taken":11.0},{"damage_healed":0.0,"max_hp_gain":0.0,"max_hp_loss":0.0,"gold_gain":0.0,"event_name":"The Cleric","player_choice":"Leave","floor":12.0,"gold_loss":0.0,"damage_taken":0.0},{"damage_healed":0.0,"max_hp_gain":0.0,"max_hp_loss":0.0,"gold_gain":0.0,"event_name":"Dead Adventurer","player_choice":"Searched \u00270\u0027 times","floor":13.0,"gold_loss":0.0,"damage_taken":0.0},{"damage_healed":0.0,"max_hp_gain":5.0,"max_hp_loss":0.0,"gold_gain":0.0,"event_name":"Forgotten Altar","player_choice":"Shed Blood","floor":20.0,"gold_loss":0.0,"damage_taken":27.0},{"damage_healed":0.0,"max_hp_gain":0.0,"max_hp_loss":25.0,"gold_gain":0.0,"event_name":"Vampires","player_choice":"Became a vampire","floor":21.0,"gold_loss":0.0,"damage_taken":0.0,"cards_obtained":["Bite","Bite","Bite","Bite","Bite"]},{"damage_healed":0.0,"max_hp_gain":0.0,"max_hp_loss":0.0,"gold_gain":0.0,"event_name":"Beggar","player_choice":"Ignored","floor":24.0,"gold_loss":0.0,"damage_taken":0.0},{"damage_healed":0.0,"max_hp_gain":0.0,"max_hp_loss":0.0,"gold_gain":0.0,"event_name":"Nest","player_choice":"Joined the Cult","floor":30.0,"gold_loss":0.0,"damage_taken":6.0,"cards_obtained":["RitualDagger"]}],"is_beta":false,"boss_relics":[{"not_picked":["Orrery","White Beast Statue"],"picked":"Empty Cage"}],"items_purged_floors":[19],"is_endless":false,"potions_floor_spawned":[4,28],"killed_by":"Champ","ascension_level":15}