{"gold_per_floor":[118,128,128,128,140,140,162,162,162,178,178,203,203,214,214,290,290,307,65,65,7,21,21,21],"floor_reached":24,"playtime":719,"items_purged":["Strike_B"],"score":413,"play_id":"bb3af703-6790-4710-99a2-39f30dc45359","local_time":"20190112004808","is_ascension_mode":true,"campfire_choices":[{"floor":6,"key":"REST"},{"data":"Recycle","floor":8,"key":"SMITH"},{"data":"Darkness","floor":11,"key":"SMITH"},{"floor":13,"key":"REST"},{"floor":15,"key":"REST"},{"floor":23,"key":"REST"}],"neow_cost":"NONE","seed_source_timestamp":111393966697890,"circlet_count":0,"master_deck":["AscendersBane","Strike_B","Strike_B","Strike_B","Defend_B","Defend_B","Defend_B","Defend_B","Zap","Dualcast","Darkness+1","Melter","Rebound","Recycle+1","Undo","Streamline","Core Surge","BootSequence","Compile Driver","Auto Shields"],"relics":["Cracked Core","Sundial","Odd Mushroom","Pear","Ornamental Fan","Sozu","PreservedInsect","CultistMask"],"potions_floor_usage":[7,10,22,24],"damage_taken":[{"damage":8,"enemies":"Small Slimes","floor":1,"turns":3},{"damage":4,"enemies":"Jaw Worm","floor":2,"turns":3},{"damage":0,"enemies":"Cultist","floor":5,"turns":3},{"damage":15,"enemies":"The Mushroom Lair","floor":7,"turns":4},{"damage":7,"enemies":"Looter","floor":10,"turns":3},{"damage":31,"enemies":"Gremlin Nob","floor":12,"turns":4},{"damage":17,"enemies":"Lots of Slimes","floor":14,"turns":4},{"damage":16,"enemies":"The Guardian","floor":16,"turns":8},{"damage":35,"enemies":"2 Thieves","floor":18,"turns":5},{"damage":21,"enemies":"3 Byrds","floor":22,"turns":7},{"damage":56,"enemies":"Slavers","floor":24,"turns":6}],"seed_played":"-8097456701212682561","potions_obtained":[{"floor":1,"key":"AttackPotion"},{"floor":10,"key":"Fruit Juice"},{"floor":12,"key":"Energy Potion"},{"floor":14,"key":"Block Potion"}],"is_trial":false,"path_per_floor":["M","M","?","?","M","R","?","R","T","M","R","E","R","M","R","B",null,"M","$","?","$","M","R","E"],"character_chosen":"DEFECT","items_purchased":["PreservedInsect","Compile Driver"],"campfire_rested":4,"item_purchase_floors":[19,21],"current_hp_per_floor":[63,59,59,24,24,47,32,32,42,40,40,9,36,19,46,30,77,42,42,42,42,21,48,0],"gold":21,"neow_bonus":"TEN_PERCENT_HP_BONUS","is_prod":false,"is_daily":false,"chose_seed":false,"campfire_upgraded":2,"win_rate":0,"timestamp":1547221688,"path_taken":["M","M","?","?","M","R","?","R","T","M","R","E","R","M","R","BOSS","M","$","?","?","M","R","E"],"build_version":"2019-01-10","purchased_purges":1,"victory":false,"max_hp_per_floor":[78,78,78,78,78,78,78,78,88,93,93,93,93,93,93,93,93,93,93,93,93,93,93,93],"card_choices":[{"not_picked":["Gash","Redo"],"picked":"Darkness","floor":1},{"not_picked":["Streamline","Go for the Eyes"],"picked":"Melter","floor":2},{"not_picked":["Beam Cell","Consume"],"picked":"Rebound","floor":5},{"not_picked":["Thunder Strike","Gash"],"picked":"Recycle","floor":7},{"not_picked":["Turbo","Cold Snap","Stack"],"picked":"SKIP","floor":10},{"not_picked":["Fusion","Streamline"],"picked":"Undo","floor":12},{"not_picked":["Force Field","Turbo"],"picked":"Streamline","floor":14},{"not_picked":["Seek","Amplify"],"picked":"Core Surge","floor":16},{"not_picked":["Gash","Cold Snap"],"picked":"BootSequence","floor":18},{"not_picked":["Defragment","Streamline"],"picked":"Auto Shields","floor":22}],"player_experience":4053795,"relics_obtained":[{"floor":7,"key":"Odd Mushroom"},{"floor":9,"key":"Pear"},{"floor":12,"key":"Ornamental Fan"}],"event_choices":[{"damage_healed":0,"gold_gain":0,"player_choice":"Ignored","damage_taken":0,"max_hp_gain":0,"max_hp_loss":0,"event_name":"Liars Game","floor":3,"gold_loss":0},{"damage_healed":0,"gold_gain":0,"player_choice":"Success","damage_taken":35,"relics_obtained":["Sundial"],"max_hp_gain":0,"max_hp_loss":0,"event_name":"Scrap Ooze","floor":4,"gold_loss":0},{"damage_healed":0,"gold_gain":0,"player_choice":"Fought Mushrooms","damage_taken":0,"max_hp_gain":0,"max_hp_loss":0,"event_name":"Mushrooms","floor":7,"gold_loss":0},{"damage_healed":0,"gold_gain":0,"player_choice":"Trade","damage_taken":0,"relics_obtained":["CultistMask"],"max_hp_gain":0,"max_hp_loss":0,"event_name":"FaceTrader","floor":20,"gold_loss":0}],"is_beta":false,"boss_relics":[{"not_picked":["Philosopher\u0027s Stone","FrozenCore"],"picked":"Sozu"}],"items_purged_floors":[19],"is_endless":false,"potions_floor_spawned":[1,10,12,14,18],"killed_by":"Slavers","ascension_level":20}