{"gold_per_floor":[364,364,36,36,49,49,69,69,69,34,69,84,84,102,102,191,191,207,207],"floor_reached":19,"playtime":654,"items_purged":[],"score":434,"play_id":"562ed9f1-c67b-4025-a52e-4f199721a3c9","local_time":"20190322104101","is_ascension_mode":true,"campfire_choices":[{"data":"Apotheosis","floor":6,"key":"SMITH"},{"data":"Neutralize","floor":8,"key":"SMITH"},{"data":"Noxious Fumes","floor":13,"key":"SMITH"},{"data":"Leg Sweep","floor":15,"key":"SMITH"}],"neow_cost":"TEN_PERCENT_HP_LOSS","seed_source_timestamp":287821444447857,"circlet_count":0,"master_deck":["AscendersBane","Defend_G","Defend_G","Defend_G","Defend_G","Defend_G","Strike_G","Strike_G","Strike_G","Strike_G","Survivor","Neutralize+1","Poisoned Stab","Apotheosis+1","Dagger Spray","Noxious Fumes","Noxious Fumes+1","Catalyst","Leg Sweep+1","Quick Slash","Burst","Cloak And Dagger"],"relics":["Ring of the Snake","Golden Idol","Bottled Tornado","Torii","Cursed Key"],"potions_floor_usage":[17],"damage_taken":[{"damage":7,"enemies":"Small Slimes","floor":1,"turns":3},{"damage":4,"enemies":"2 Louse","floor":5,"turns":3},{"damage":0,"enemies":"Cultist","floor":7,"turns":3},{"damage":7,"enemies":"Lagavulin","floor":11,"turns":6},{"damage":9,"enemies":"3 Louse","floor":12,"turns":4},{"damage":10,"enemies":"Large Slime","floor":14,"turns":4},{"damage":0,"enemies":"Hexaghost","floor":16,"turns":6},{"damage":1,"enemies":"Chosen","floor":18,"turns":5},{"damage":53,"enemies":"Masked Bandits","floor":19,"turns":3}],"seed_played":"-817748864241238720","potions_obtained":[{"floor":11,"key":"EssenceOfSteel"},{"floor":12,"key":"LiquidBronze"},{"floor":16,"key":"Fruit Juice"}],"is_trial":false,"path_per_floor":["M","?","$","?","M","R","M","R","T","?","E","M","R","M","R","B",null,"M","?"],"character_chosen":"THE_SILENT","items_purchased":["Apotheosis","Dagger Spray","Noxious Fumes"],"campfire_rested":0,"item_purchase_floors":[3,3,3],"current_hp_per_floor":[52,52,52,45,41,41,41,41,41,54,47,38,38,28,28,28,53,52,0],"gold":207,"neow_bonus":"TWO_FIFTY_GOLD","is_prod":false,"is_daily":false,"chose_seed":false,"campfire_upgraded":4,"win_rate":0,"timestamp":1553218861,"path_taken":["M","?","$","?","M","R","M","R","T","?","E","M","R","M","R","BOSS","M","?"],"build_version":"2019-01-23","purchased_purges":0,"victory":false,"max_hp_per_floor":[60,54,54,54,54,54,54,54,54,54,54,54,54,54,54,54,59,59,59],"card_choices":[{"not_picked":["Quick Slash","Backflip"],"picked":"Poisoned Stab","floor":1},{"not_picked":["Flying Knee","Endless Agony","Poisoned Stab"],"picked":"SKIP","floor":5},{"not_picked":["Dodge and Roll","Blade Dance"],"picked":"Noxious Fumes","floor":7},{"not_picked":["Dodge and Roll","Acrobatics"],"picked":"Catalyst","floor":11},{"not_picked":["Sucker Punch","Backflip"],"picked":"Leg Sweep","floor":12},{"not_picked":["Setup","Blade Dance"],"picked":"Quick Slash","floor":14},{"not_picked":["Malaise","Doppelganger"],"picked":"Burst","floor":16},{"not_picked":["Slice","Finisher"],"picked":"Cloak And Dagger","floor":18}],"player_experience":767442,"relics_obtained":[{"floor":9,"key":"Bottled Tornado"},{"floor":11,"key":"Torii"}],"event_choices":[{"damage_healed":0,"gold_gain":0,"player_choice":"Lose Max HP","damage_taken":0,"relics_obtained":["Golden Idol"],"max_hp_gain":0,"max_hp_loss":6,"event_name":"Golden Idol","floor":2,"gold_loss":0},{"cards_removed":["Strike_G"],"damage_healed":0,"gold_gain":0,"player_choice":"Card Removal","damage_taken":7,"max_hp_gain":0,"max_hp_loss":0,"event_name":"Golden Wing","floor":4,"gold_loss":0},{"damage_healed":13,"gold_gain":0,"player_choice":"Healed","damage_taken":0,"max_hp_gain":0,"max_hp_loss":0,"event_name":"The Cleric","floor":10,"gold_loss":35},{"damage_healed":0,"gold_gain":0,"player_choice":"Fought Bandits","damage_taken":0,"max_hp_gain":0,"max_hp_loss":0,"event_name":"Masked Bandits","floor":19,"gold_loss":0}],"is_beta":false,"boss_relics":[{"not_picked":["Runic Dome","Ring of the Serpent"],"picked":"Cursed Key"}],"items_purged_floors":[],"is_endless":false,"potions_floor_spawned":[11,12,16],"killed_by":"Masked Bandits","ascension_level":20}