{"gold_per_floor":[113,127,43,43,55,55,68,39,39,54,75,153,167,48,48,121,121,131,31,81,81,60,86,104,104,104,19,19],"floor_reached":28,"playtime":1221,"items_purged":["Strike_B","Gash"],"score":433,"play_id":"71a43e9f-73b3-4eeb-a11a-3daf3a077b9e","local_time":"20190316213439","is_ascension_mode":true,"campfire_choices":[{"data":"FTL","floor":6.0,"key":"SMITH"},{"data":"Coolheaded","floor":15.0,"key":"SMITH"},{"floor":25.0,"key":"REST"}],"neow_cost":"NONE","seed_source_timestamp":0,"circlet_count":0,"master_deck":["AscendersBane","Strike_B","Strike_B","Defend_B","Defend_B","Defend_B","Defend_B","Zap","Dualcast","Leap","FTL+1","Glacier","Undo","Conserve Battery","Ball Lightning","Coolheaded+1","Go for the Eyes","Loop","Thunder Strike","Sunder","Capacitor+1","Chaos"],"special_seed":0,"relics":["Cracked Core","NeowsBlessing","Kunai","Odd Mushroom","Symbiotic Virus","Snecko Eye","Shuriken","Meat on the Bone","Du-Vu Doll"],"potions_floor_usage":[],"damage_taken":[{"damage":0.0,"enemies":"Jaw Worm","floor":1.0,"turns":1.0},{"damage":0.0,"enemies":"Cultist","floor":2.0,"turns":1.0},{"damage":0.0,"enemies":"2 Louse","floor":5.0,"turns":1.0},{"damage":0.0,"enemies":"Blue Slaver","floor":7.0,"turns":4.0},{"damage":0.0,"enemies":"Lots of Slimes","floor":10.0,"turns":1.0},{"damage":12.0,"enemies":"The Mushroom Lair","floor":11.0,"turns":5.0},{"damage":12.0,"enemies":"Exordium Thugs","floor":13.0,"turns":4.0},{"damage":32.0,"enemies":"Slime Boss","floor":16.0,"turns":8.0},{"damage":21.0,"enemies":"Chosen","floor":18.0,"turns":7.0},{"damage":9.0,"enemies":"2 Thieves","floor":22.0,"turns":4.0},{"damage":16.0,"enemies":"Slavers","floor":23.0,"turns":7.0},{"damage":3.0,"enemies":"Centurion and Healer","floor":24.0,"turns":5.0},{"damage":27,"enemies":"Book of Stabbing","floor":28,"turns":6}],"seed_played":"-4983585503561002461","potions_obtained":[{"floor":2.0,"key":"SteroidPotion"},{"floor":5.0,"key":"Ancient Potion"},{"floor":7.0,"key":"Explosive Potion"},{"floor":13.0,"key":"Energy Potion"},{"floor":23.0,"key":"Fire Potion"}],"is_trial":false,"path_per_floor":["M","M","$","?","M","R","M","$","T","M","?","T","M","$","R","B",null,"M","$","?","?","M","E","M","R","T","?","E"],"character_chosen":"DEFECT","items_purchased":["Glacier","Ball Lightning","Loop"],"campfire_rested":1,"item_purchase_floors":[3,8,14],"current_hp_per_floor":[64,64,64,64,64,64,64,64,64,64,52,52,40,40,40,8,55,34,34,34,34,25,9,6,27,27,27,0],"gold":19,"neow_bonus":"THREE_ENEMY_KILL","is_prod":false,"is_daily":false,"chose_seed":false,"campfire_upgraded":2,"win_rate":0,"timestamp":1552786479,"path_taken":["M","M","$","?","?","R","M","$","T","?","?","?","?","?","R","BOSS","M","$","?","?","M","E","M","R","T","?","E"],"build_version":"2019-01-23","purchased_purges":2,"victory":false,"max_hp_per_floor":[71,71,71,71,71,71,71,71,71,71,71,71,71,71,71,71,71,71,71,71,71,71,71,71,71,71,71,71],"card_choices":[{"not_picked":["Heatsinks","Redo"],"picked":"Leap","floor":1.0},{"not_picked":["Streamline","Blizzard"],"picked":"FTL","floor":2.0},{"not_picked":["Capacitor","Self Repair"],"picked":"Gash","floor":5.0},{"not_picked":["Hologram","Turbo"],"picked":"Conserve Battery","floor":7.0},{"not_picked":["Rebound","Fission"],"picked":"Coolheaded","floor":10.0},{"not_picked":["Rip and Tear","Skim"],"picked":"Go for the Eyes","floor":11.0},{"not_picked":["Leap","Ball Lightning","Redo"],"picked":"SKIP","floor":13.0},{"not_picked":["Machine Learning","Hyperbeam"],"picked":"Thunder Strike","floor":16.0},{"not_picked":["Barrage","Turbo","Chill"],"picked":"SKIP","floor":18.0},{"not_picked":["Go for the Eyes","FTL"],"picked":"Capacitor+1","floor":22.0},{"not_picked":["Go for the Eyes","FTL","Turbo"],"picked":"SKIP","floor":23.0},{"not_picked":["Leap","Heatsinks"],"picked":"Chaos","floor":24.0}],"player_experience":542155,"relics_obtained":[{"floor":9.0,"key":"Kunai"},{"floor":11.0,"key":"Odd Mushroom"},{"floor":12.0,"key":"Symbiotic Virus"},{"floor":23.0,"key":"Shuriken"},{"floor":26.0,"key":"Meat on the Bone"}],"event_choices":[{"damage_healed":0.0,"max_hp_gain":0.0,"max_hp_loss":0.0,"gold_gain":0.0,"cards_transformed":["Strike_B"],"event_name":"Transmorgrifier","player_choice":"Transformed","floor":4.0,"gold_loss":0.0,"damage_taken":0.0,"cards_obtained":["Undo"]},{"damage_healed":0.0,"max_hp_gain":0.0,"max_hp_loss":0.0,"gold_gain":0.0,"event_name":"Mushrooms","player_choice":"Fought Mushrooms","floor":11.0,"gold_loss":0.0,"damage_taken":0.0},{"damage_healed":0.0,"max_hp_gain":0.0,"max_hp_loss":0.0,"gold_gain":50.0,"event_name":"Nest","player_choice":"Stole From Cult","floor":20.0,"gold_loss":0.0,"damage_taken":0.0},{"damage_healed":0.0,"max_hp_gain":0.0,"max_hp_loss":0.0,"gold_gain":0.0,"event_name":"The Library","player_choice":"Read","floor":21.0,"gold_loss":0.0,"damage_taken":0.0,"cards_obtained":["Sunder"]},{"damage_healed":0.0,"max_hp_gain":0.0,"max_hp_loss":0.0,"gold_gain":0.0,"event_name":"Addict","player_choice":"Obtained Relic","floor":27.0,"gold_loss":85.0,"damage_taken":0.0,"relics_obtained":["Du-Vu Doll"]}],"is_beta":false,"boss_relics":[{"not_picked":["Coffee Dripper","Nuclear Battery"],"picked":"Snecko Eye"}],"items_purged_floors":[14,19],"is_endless":false,"potions_floor_spawned":[2,5,7,13,23],"killed_by":"Book of Stabbing","ascension_level":18}