{"gold_per_floor":[118,138,138,158,158,184,184,56,56,56,0,33,92,108,108,181,181,197,97,117,217,217,217,236,236,259,259,278,11,11,11,11,83,83,100,119,119,136,99,99,133,133,133,147,147,158,175,199,199,199,199],"floor_reached":52,"playtime":2359,"items_purged":["Defend_B","Defend_B"],"score":1776,"play_id":"55987cb5-ea2b-408b-b56c-76996b0153d9","local_time":"20190215015253","is_ascension_mode":true,"campfire_choices":[{"data":"Streamline","floor":7.0,"key":"SMITH"},{"data":"Conserve Battery","floor":10.0,"key":"SMITH"},{"data":"Hologram","floor":15.0,"key":"SMITH"},{"floor":23,"key":"REST"},{"floor":25,"key":"REST"},{"floor":27,"key":"REST"},{"data":"Go for the Eyes","floor":30,"key":"SMITH"},{"data":"Beam Cell","floor":32,"key":"SMITH"},{"data":"Chaos","floor":40,"key":"SMITH"},{"floor":42,"key":"REST"},{"floor":45,"key":"REST"},{"floor":49,"key":"REST"}],"neow_cost":"TEN_PERCENT_HP_LOSS","seed_source_timestamp":40036461355500,"circlet_count":0,"master_deck":["AscendersBane","Zap","Dualcast","Streamline+1","Ball Lightning","Conserve Battery+1","Auto Shields","Hologram+1","Cold Snap","Go for the Eyes+1","Beam Cell+1","Core Surge","Hologram","Conserve Battery","Capacitor+1","Turbo+1","Fission","Fission+1","Compile Driver+1","Biased Cognition+1","Hologram","Chaos+1","Parasite"],"special_seed":0,"relics":["Cracked Core","Blue Candle","Sundial","Kunai","Art of War","Busted Crown","Dead Branch","Frozen Egg 2","Ancient Tea Set","Pantograph","Astrolabe","Centennial Puzzle"],"potions_floor_usage":[16,16,21,21,33,41,50,50],"damage_taken":[{"damage":7.0,"enemies":"Jaw Worm","floor":1.0,"turns":3.0},{"damage":3.0,"enemies":"2 Louse","floor":2.0,"turns":2.0},{"damage":5.0,"enemies":"Small Slimes","floor":4.0,"turns":4.0},{"damage":11.0,"enemies":"Gremlin Nob","floor":6.0,"turns":3.0},{"damage":5.0,"enemies":"3 Sentries","floor":12.0,"turns":6.0},{"damage":5.0,"enemies":"3 Sentries","floor":13.0,"turns":5.0},{"damage":3.0,"enemies":"Looter","floor":14.0,"turns":3.0},{"damage":7,"enemies":"The Guardian","floor":16,"turns":8},{"damage":0,"enemies":"Chosen","floor":18,"turns":3},{"damage":11,"enemies":"2 Thieves","floor":20,"turns":4},{"damage":7,"enemies":"Colosseum Slavers","floor":21,"turns":5},{"damage":16,"enemies":"Colosseum Nobs","floor":21,"turns":5},{"damage":18,"enemies":"Centurion and Healer","floor":24,"turns":5},{"damage":16,"enemies":"Snecko","floor":28,"turns":4},{"damage":42,"enemies":"Automaton","floor":33,"turns":11},{"damage":0,"enemies":"Orb Walker","floor":35,"turns":3},{"damage":15,"enemies":"3 Darklings","floor":36,"turns":7},{"damage":0,"enemies":"4 Shapes","floor":38,"turns":3},{"damage":52,"enemies":"Nemesis","floor":41,"turns":9},{"damage":1,"enemies":"Spire Growth","floor":44,"turns":3},{"damage":14,"enemies":"Transient","floor":46,"turns":6},{"damage":1,"enemies":"Writhing Mass","floor":47,"turns":5},{"damage":29,"enemies":"Awakened One","floor":50,"turns":17},{"damage":50,"enemies":"Time Eater","floor":51,"turns":19}],"seed_played":"-1163530304610478468","potions_obtained":[{"floor":1.0,"key":"Strength Potion"},{"floor":12.0,"key":"Strength Potion"},{"floor":18,"key":"Ancient Potion"},{"floor":20,"key":"EssenceOfSteel"},{"floor":21,"key":"LiquidBronze"},{"floor":28,"key":"PowerPotion"},{"floor":36,"key":"Regen Potion"},{"floor":41,"key":"SteroidPotion"},{"floor":44,"key":"Ancient Potion"}],"is_trial":false,"path_per_floor":["M","M","?","M","?","E","R","$","T","R","$","E","?","M","R","B",null,"M","$","M","?","?","R","M","R","T","R","M","$","R","?","R","B",null,"M","M","?","M","$","R","E","R","T","M","R","M","M","T","R","B","B",null],"character_chosen":"DEFECT","items_purchased":["Hologram","Explosive Potion","Pantograph","Chaos"],"campfire_rested":6,"item_purchase_floors":[8,11,29,39],"current_hp_per_floor":[57,54,47,42,42,31,31,31,31,31,31,26,21,18,18,11,51,51,51,40,17,17,36,18,37,37,56,40,40,40,40,40,22,54,54,39,39,39,39,39,2,21,21,20,39,25,24,24,43,35,10],"gold":199,"neow_bonus":"REMOVE_TWO","is_prod":false,"is_daily":false,"chose_seed":false,"campfire_upgraded":6,"win_rate":0,"timestamp":1550163173,"path_taken":["M","M","?","M","?","E","R","$","T","R","?","E","?","?","R","BOSS","M","$","M","?","?","R","M","R","T","R","M","?","R","?","R","BOSS","M","M","?","M","$","R","E","R","T","M","R","M","?","?","R","BOSS","BOSS"],"build_version":"2019-01-23","purchased_purges":2,"victory":true,"max_hp_per_floor":[64,64,64,64,64,64,64,64,64,64,64,64,64,64,64,64,64,64,64,64,64,64,64,64,64,64,64,64,64,64,64,64,64,64,64,64,64,64,64,64,64,64,64,64,64,64,64,64,64,64,64],"card_choices":[{"not_picked":["Loop","Stack"],"picked":"Streamline","floor":1.0},{"not_picked":["Barrage","Defragment"],"picked":"Ball Lightning","floor":2.0},{"not_picked":["Streamline","Redo"],"picked":"Conserve Battery","floor":4.0},{"not_picked":["Compile Driver","Sweeping Beam"],"picked":"Auto Shields","floor":6.0},{"not_picked":["Tempest","Turbo"],"picked":"Cold Snap","floor":12.0},{"not_picked":["Rip and Tear","Ball Lightning"],"picked":"Go for the Eyes","floor":13.0},{"not_picked":["Blizzard","Chill"],"picked":"Beam Cell","floor":14.0},{"not_picked":["Seek","Rainbow"],"picked":"Core Surge","floor":16},{"not_picked":[],"picked":"Hologram","floor":18},{"not_picked":[],"picked":"Conserve Battery","floor":20},{"not_picked":[],"picked":"Capacitor+1","floor":24},{"not_picked":[],"picked":"Turbo+1","floor":28},{"not_picked":[],"picked":"Fission","floor":33},{"not_picked":[],"picked":"Hologram","floor":35},{"not_picked":["Leap"],"picked":"SKIP","floor":36},{"not_picked":["Redo"],"picked":"SKIP","floor":38},{"not_picked":["Turbo"],"picked":"SKIP","floor":41},{"not_picked":["Beam Cell+1"],"picked":"SKIP","floor":44},{"not_picked":["Sweeping Beam"],"picked":"SKIP","floor":46},{"not_picked":["FTL+1"],"picked":"SKIP","floor":47}],"player_experience":4298593,"relics_obtained":[{"floor":6.0,"key":"Blue Candle"},{"floor":9.0,"key":"Sundial"},{"floor":12.0,"key":"Kunai"},{"floor":13.0,"key":"Art of War"},{"floor":21,"key":"Dead Branch"},{"floor":21,"key":"Frozen Egg 2"},{"floor":26,"key":"Ancient Tea Set"},{"floor":41,"key":"Centennial Puzzle"}],"event_choices":[{"cards_removed":["Strike_B"],"damage_healed":0.0,"max_hp_gain":0.0,"max_hp_loss":0.0,"gold_gain":0.0,"event_name":"Golden Wing","player_choice":"Card Removal","floor":3.0,"gold_loss":0.0,"damage_taken":7.0},{"damage_healed":0.0,"max_hp_gain":0.0,"max_hp_loss":0.0,"gold_gain":0.0,"event_name":"Liars Game","player_choice":"Ignored","floor":5.0,"gold_loss":0.0,"damage_taken":0.0},{"damage_healed":0.0,"max_hp_gain":0.0,"max_hp_loss":0.0,"gold_gain":0.0,"event_name":"Dead Adventurer","player_choice":"Searched \u00271\u0027 times","floor":13.0,"gold_loss":0.0,"damage_taken":0.0},{"damage_healed":0,"gold_gain":0,"player_choice":"Fight","damage_taken":0,"max_hp_gain":0,"max_hp_loss":0,"event_name":"Colosseum","floor":21,"gold_loss":0},{"damage_healed":0,"gold_gain":0,"player_choice":"Fought Nobs","damage_taken":0,"max_hp_gain":0,"max_hp_loss":0,"event_name":"Colosseum","floor":21,"gold_loss":0},{"damage_healed":0,"gold_gain":0,"player_choice":"Ignored","damage_taken":0,"max_hp_gain":0,"max_hp_loss":0,"event_name":"Cursed Tome","floor":22,"gold_loss":0},{"damage_healed":0,"gold_gain":0,"player_choice":"Ignored","damage_taken":0,"max_hp_gain":0,"max_hp_loss":0,"event_name":"The Mausoleum","floor":31,"gold_loss":0},{"damage_healed":0,"gold_gain":0,"player_choice":"Ignored","damage_taken":0,"max_hp_gain":0,"max_hp_loss":0,"event_name":"SecretPortal","floor":37,"gold_loss":0}],"is_beta":false,"boss_relics":[{"not_picked":["Tiny House","Lizard Tail"],"picked":"Busted Crown"},{"not_picked":["Pandora\u0027s Box","Runic Pyramid"],"picked":"Astrolabe"}],"items_purged_floors":[8,19],"is_endless":false,"potions_floor_spawned":[1,12,14,18,20,21,28,36,41,44,46],"ascension_level":20}