{"gold_per_floor":[117,42,54,54,66,66,66,66,66,94,111,111,122,182,182,182],"floor_reached":16,"playtime":1383,"items_purged":["Strike_R"],"score":110,"play_id":"e2c9fbac-7716-4aa5-990c-a34a322b565c","local_time":"20190218133850","is_ascension_mode":true,"campfire_choices":[{"data":"Body Slam","floor":6,"key":"SMITH"},{"data":"Bash","floor":8,"key":"SMITH"},{"data":"Dropkick","floor":12,"key":"SMITH"},{"floor":15,"key":"REST"}],"neow_cost":"NONE","seed_source_timestamp":12796259449361,"circlet_count":0,"master_deck":["Strike_R","Strike_R","Strike_R","Defend_R","Defend_R","Defend_R","Defend_R","Bash+1","Dropkick+1","Body Slam+1"],"relics":["Burning Blood","FaceOfCleric","Pantograph","Paper Frog","Matryoshka"],"potions_floor_usage":[11,16],"damage_taken":[{"damage":3,"enemies":"Small Slimes","floor":1,"turns":3},{"damage":0,"enemies":"Cultist","floor":3,"turns":4},{"damage":13,"enemies":"Jaw Worm","floor":5,"turns":6},{"damage":35,"enemies":"Gremlin Nob","floor":10,"turns":5},{"damage":9,"enemies":"Blue Slaver","floor":11,"turns":4},{"damage":4,"enemies":"3 Louse","floor":13,"turns":4},{"damage":34,"enemies":"3 Sentries","floor":14,"turns":10},{"damage":82,"enemies":"Slime Boss","floor":16,"turns":8}],"seed_played":"2300045902811028009","potions_obtained":[{"floor":10,"key":"Regen Potion"},{"floor":11,"key":"Dexterity Potion"},{"floor":14,"key":"Energy Potion"}],"is_trial":false,"path_per_floor":["M","$","M","?","M","R","?","R","T","E","M","R","M","?","R","B"],"character_chosen":"IRONCLAD","items_purchased":[],"campfire_rested":1,"item_purchase_floors":[],"current_hp_per_floor":[80,80,80,80,74,74,74,74,74,46,53,53,56,29,54,0],"gold":182,"neow_bonus":"THREE_CARDS","is_prod":false,"is_daily":false,"chose_seed":false,"campfire_upgraded":3,"win_rate":0,"timestamp":1550464730,"path_taken":["M","$","M","?","?","R","?","R","T","E","M","R","M","?","R","BOSS"],"build_version":"2019-01-23","purchased_purges":1,"victory":false,"max_hp_per_floor":[80,80,80,80,81,81,81,81,81,82,83,83,84,85,85,85],"card_choices":[{"not_picked":["Twin Strike","Pommel Strike"],"picked":"Dropkick","floor":0},{"not_picked":["Havoc","Warcry"],"picked":"Body Slam","floor":1},{"not_picked":["True Grit","Anger","Clothesline"],"picked":"SKIP","floor":3},{"not_picked":["Rampage","Clash","Bludgeon"],"picked":"SKIP","floor":5},{"not_picked":["Twin Strike","Shrug It Off","Sword Boomerang"],"picked":"SKIP","floor":10},{"not_picked":["Warcry","Reckless Charge","Intimidate"],"picked":"SKIP","floor":11},{"not_picked":["Warcry","Reckless Charge","Intimidate"],"picked":"SKIP","floor":11},{"not_picked":["Flex","Infernal Blade","Anger"],"picked":"SKIP","floor":13}],"player_experience":128482,"relics_obtained":[{"floor":9,"key":"Pantograph"},{"floor":10,"key":"Paper Frog"},{"floor":14,"key":"Matryoshka"}],"event_choices":[{"damage_healed":0,"gold_gain":0,"player_choice":"Trade","damage_taken":0,"relics_obtained":["FaceOfCleric"],"max_hp_gain":0,"max_hp_loss":0,"event_name":"FaceTrader","floor":4,"gold_loss":0},{"cards_removed":["Strike_R"],"damage_healed":0,"gold_gain":0,"player_choice":"Forget","damage_taken":0,"max_hp_gain":0,"max_hp_loss":0,"event_name":"Living Wall","floor":7,"gold_loss":0},{"damage_healed":0,"gold_gain":0,"player_choice":"Searched \u00272\u0027 times","damage_taken":0,"max_hp_gain":0,"max_hp_loss":0,"event_name":"Dead Adventurer","floor":14,"gold_loss":0}],"is_beta":false,"boss_relics":[],"items_purged_floors":[2],"is_endless":false,"potions_floor_spawned":[10,11,14],"killed_by":"Slime Boss","ascension_level":2}