{"gold_per_floor":[111,121,133,133,153,182,182,208,231,231,245,277,27,38,38,134,134,149,149,164,164,183,183,183,183,208,220,231,121,121],"floor_reached":30,"playtime":1413,"items_purged":["Defend_B"],"score":315,"play_id":"fdf024da-b3ba-4cc4-bf38-4c87e768ed9b","local_time":"20190127141137","is_ascension_mode":true,"campfire_choices":[{"floor":7,"key":"REST"},{"floor":10,"key":"REST"},{"floor":15,"key":"REST"},{"data":"Streamline","floor":23,"key":"SMITH"},{"data":"Streamline","floor":25,"key":"SMITH"}],"neow_cost":"NONE","seed_source_timestamp":803296202600,"circlet_count":0,"master_deck":["Defend_B","Defend_B","Defend_B","Zap","Dualcast","Coolheaded","Streamline+1","Streamline+1","Coolheaded","Reboot","Bite","Bite","Bite","Bite","Bite","Reinforced Body","Hologram","Rebound","Reprogram"],"relics":["Cracked Core","Frozen Egg 2","Ancient Tea Set","Regal Pillow","Potion Belt","Dodecahedron","Bottled Flame","Busted Crown","Centennial Puzzle"],"potions_floor_usage":[6,14,15],"damage_taken":[{"damage":0,"enemies":"Small Slimes","floor":1,"turns":3},{"damage":1,"enemies":"Cultist","floor":2,"turns":3},{"damage":2,"enemies":"2 Louse","floor":3,"turns":4},{"damage":15,"enemies":"Looter","floor":5,"turns":4},{"damage":32,"enemies":"Gremlin Nob","floor":6,"turns":4},{"damage":36,"enemies":"3 Sentries","floor":8,"turns":7},{"damage":2,"enemies":"3 Louse","floor":11,"turns":3},{"damage":32,"enemies":"Gremlin Nob","floor":12,"turns":4},{"damage":9,"enemies":"Red Slaver","floor":14,"turns":3},{"damage":32,"enemies":"The Guardian","floor":16,"turns":13},{"damage":0,"enemies":"Spheric Guardian","floor":18,"turns":3},{"damage":10,"enemies":"Chosen","floor":20,"turns":4},{"damage":24,"enemies":"Snake Plant","floor":22,"turns":4},{"damage":3,"enemies":"Snecko","floor":27,"turns":3},{"damage":23,"enemies":"Sentry and Sphere","floor":28,"turns":5},{"damage":42,"enemies":"3 Cultists","floor":30,"turns":5}],"seed_played":"-5939013030200225046","potions_obtained":[{"floor":1,"key":"SpeedPotion"},{"floor":5,"key":"Poison Potion"},{"floor":12,"key":"PowerPotion"},{"floor":14,"key":"Fruit Juice"},{"floor":20,"key":"LiquidBronze"},{"floor":22,"key":"FearPotion"}],"is_trial":false,"path_per_floor":["M","M","M","?","M","E","R","E","T","R","M","E","$","M","R","B",null,"M","?","M","?","M","R","?","R","T","M","M","$","M"],"character_chosen":"DEFECT","items_purchased":["Bottled Flame","Reprogram"],"campfire_rested":3,"item_purchase_floors":[13,29],"current_hp_per_floor":[82,81,79,79,64,32,56,20,20,59,57,25,25,16,60,28,87,87,60,58,58,36,36,36,36,36,43,28,28,0],"gold":121,"neow_bonus":"TEN_PERCENT_HP_BONUS","is_prod":false,"is_daily":false,"chose_seed":false,"campfire_upgraded":2,"win_rate":0,"timestamp":1548594697,"path_taken":["M","M","M","?","?","E","R","E","T","R","M","E","$","M","R","BOSS","M","?","M","?","M","R","?","R","T","M","M","$","M"],"build_version":"2019-01-23","purchased_purges":1,"victory":false,"max_hp_per_floor":[82,82,82,82,82,82,82,82,82,82,82,82,82,82,87,87,87,87,60,60,60,60,60,60,60,60,60,60,60,60],"card_choices":[{"not_picked":["Force Field","Compile Driver"],"picked":"FTL","floor":1},{"not_picked":["Rebound","Barrage"],"picked":"Coolheaded","floor":2},{"not_picked":["Self Repair","Compile Driver"],"picked":"Streamline","floor":3},{"not_picked":["Sweeping Beam","Melter"],"picked":"Streamline","floor":5},{"not_picked":["Doom and Gloom","Rebound","Recycle"],"picked":"SKIP","floor":6},{"not_picked":["Chaos","Cold Snap","Hologram"],"picked":"SKIP","floor":8},{"not_picked":["Sweeping Beam","Leap","Redo"],"picked":"SKIP","floor":11},{"not_picked":["Beam Cell","Chill"],"picked":"Coolheaded","floor":12},{"not_picked":["Barrage","Steam","Beam Cell"],"picked":"SKIP","floor":14},{"not_picked":["Core Surge","Multi-Cast"],"picked":"Reboot","floor":16},{"not_picked":["Defragment+1"],"picked":"SKIP","floor":18},{"not_picked":[],"picked":"Reinforced Body","floor":20},{"not_picked":["Melter"],"picked":"SKIP","floor":22},{"not_picked":[],"picked":"Rebound","floor":27},{"not_picked":["Go for the Eyes"],"picked":"SKIP","floor":28}],"player_experience":295596,"relics_obtained":[{"floor":6,"key":"Ancient Tea Set"},{"floor":8,"key":"Regal Pillow"},{"floor":9,"key":"Potion Belt"},{"floor":12,"key":"Dodecahedron"},{"floor":26,"key":"Centennial Puzzle"}],"event_choices":[{"cards_removed":["FTL"],"damage_healed":0,"gold_gain":0,"player_choice":"Gave Card","damage_taken":0,"relics_obtained":["Frozen Egg 2"],"max_hp_gain":0,"max_hp_loss":0,"event_name":"WeMeetAgain","floor":4,"gold_loss":0},{"damage_healed":0,"gold_gain":0,"player_choice":"Became a vampire","damage_taken":0,"max_hp_gain":0,"max_hp_loss":27,"event_name":"Vampires","floor":19,"gold_loss":0,"cards_obtained":["Bite","Bite","Bite","Bite","Bite"]},{"damage_healed":0,"gold_gain":0,"player_choice":"Read","damage_taken":0,"max_hp_gain":0,"max_hp_loss":0,"event_name":"The Library","floor":21,"gold_loss":0,"cards_obtained":["Hologram"]},{"damage_healed":0,"gold_gain":0,"player_choice":"Leave","damage_taken":0,"max_hp_gain":0,"max_hp_loss":0,"event_name":"FaceTrader","floor":24,"gold_loss":0}],"is_beta":false,"boss_relics":[{"not_picked":["Inserter","Black Star"],"picked":"Busted Crown"}],"items_purged_floors":[29],"is_endless":false,"potions_floor_spawned":[1,5,12,14,20,22],"killed_by":"3 Cultists","ascension_level":3}