{"gold_per_floor":[113,113,127,127,127,153,169,169,169,203,214,226,226,236,236,311,311,322,275,190,202,202,202,237,237,237,237],"floor_reached":27,"playtime":1274,"items_purged":[],"score":699,"play_id":"0714eafe-a0f8-49c4-bec8-cccb75d9e60c","local_time":"20190319141659","is_ascension_mode":true,"campfire_choices":[{"data":"Armaments","floor":8.0,"key":"SMITH"},{"data":"True Grit","floor":13.0,"key":"SMITH"},{"floor":15.0,"key":"REST"},{"floor":23.0,"key":"REST"},{"floor":25.0,"key":"DIG"}],"neow_cost":"NONE","seed_source_timestamp":15147566864672,"circlet_count":0,"master_deck":["AscendersBane","Strike_R","Strike_R","Strike_R","Strike_R","Defend_R","Defend_R","Defend_R","Defend_R","Bash","Entrench","Armaments+1","Battle Trance","Metallicize+1","True Grit+1","Body Slam","Barricade+1","Feel No Pain+1","Power Through","Warcry"],"special_seed":0,"relics":["Burning Blood","NeowsBlessing","Frozen Egg 2","Paper Frog","Bird Faced Urn","Fusion Hammer","Ornamental Fan","Shovel","Bronze Scales","Incense Burner"],"potions_floor_usage":[],"damage_taken":[{"damage":0.0,"enemies":"2 Louse","floor":1.0,"turns":1.0},{"damage":0.0,"enemies":"Small Slimes","floor":3.0,"turns":1.0},{"damage":0.0,"enemies":"3 Sentries","floor":6.0,"turns":2.0},{"damage":2.0,"enemies":"Jaw Worm","floor":7.0,"turns":6.0},{"damage":56.0,"enemies":"Gremlin Nob","floor":10.0,"turns":5.0},{"damage":24.0,"enemies":"Large Slime","floor":11.0,"turns":8.0},{"damage":15.0,"enemies":"Exordium Wildlife","floor":12.0,"turns":6.0},{"damage":7.0,"enemies":"2 Fungi Beasts","floor":14.0,"turns":4.0},{"damage":0.0,"enemies":"The Guardian","floor":16.0,"turns":15.0},{"damage":33.0,"enemies":"Chosen","floor":18.0,"turns":10.0},{"damage":35.0,"enemies":"2 Thieves","floor":19.0,"turns":5.0},{"damage":11.0,"enemies":"Snake Plant","floor":21.0,"turns":5.0},{"damage":0.0,"enemies":"Book of Stabbing","floor":24.0,"turns":7.0},{"damage":12,"enemies":"Colosseum Slavers","floor":27,"turns":8},{"damage":106,"enemies":"Colosseum Nobs","floor":27,"turns":6}],"seed_played":"891177838094987678","potions_obtained":[{"floor":6.0,"key":"BloodPotion"},{"floor":7.0,"key":"PowerPotion"},{"floor":10.0,"key":"Strength Potion"},{"floor":14.0,"key":"Block Potion"},{"floor":16.0,"key":"Energy Potion"},{"floor":19.0,"key":"EssenceOfSteel"},{"floor":21.0,"key":"GamblersBrew"}],"is_trial":false,"path_per_floor":["M","?","M","?","?","E","M","R","T","E","M","M","R","M","R","B",null,"M","M","?","M","?","R","E","R","T","?"],"character_chosen":"IRONCLAD","items_purchased":[],"campfire_rested":2,"item_purchase_floors":[],"current_hp_per_floor":[74,74,75,68,73,79,80,80,80,38,20,13,13,14,38,48,72,49,26,26,27,27,51,63,63,63,0],"gold":237,"neow_bonus":"THREE_ENEMY_KILL","is_prod":false,"is_daily":false,"chose_seed":false,"campfire_upgraded":2,"win_rate":0,"timestamp":1552972619,"path_taken":["M","?","M","?","?","E","?","R","T","E","M","M","R","M","R","BOSS","M","M","?","M","?","R","E","R","T","?"],"build_version":"2019-01-23","purchased_purges":0,"victory":false,"max_hp_per_floor":[75,75,75,75,80,80,80,80,80,80,80,80,80,80,80,80,80,80,80,80,80,80,80,80,80,80,80],"card_choices":[{"not_picked":["Clash","Wild Strike"],"picked":"Entrench","floor":1.0},{"not_picked":["Rampage","Ghostly Armor"],"picked":"Armaments","floor":3.0},{"not_picked":["Body Slam","Seeing Red"],"picked":"Battle Trance","floor":6.0},{"not_picked":["Cleave","Whirlwind","Rampage"],"picked":"SKIP","floor":7.0},{"not_picked":["Headbutt","Thunderclap","Brutality+1"],"picked":"SKIP","floor":10.0},{"not_picked":["Armaments","Intimidate"],"picked":"Metallicize+1","floor":11.0},{"not_picked":["Thunderclap","Iron Wave"],"picked":"True Grit","floor":12.0},{"not_picked":["Flex","Rage"],"picked":"Body Slam","floor":14.0},{"not_picked":["Berserk+1","Dark Embrace+1"],"picked":"Barricade+1","floor":16.0},{"not_picked":["Armaments","Blood for Blood"],"picked":"Feel No Pain+1","floor":18.0},{"not_picked":["Iron Wave","Armaments","Cleave"],"picked":"SKIP","floor":19.0},{"not_picked":["Blood for Blood","Iron Wave+1","Body Slam"],"picked":"SKIP","floor":21.0},{"not_picked":["Infernal Blade","Flex"],"picked":"Warcry","floor":24.0}],"player_experience":361658,"relics_obtained":[{"floor":6.0,"key":"Frozen Egg 2"},{"floor":9.0,"key":"Paper Frog"},{"floor":10.0,"key":"Bird Faced Urn"},{"floor":24.0,"key":"Shovel"},{"floor":25.0,"key":"Bronze Scales"},{"floor":26.0,"key":"Incense Burner"}],"event_choices":[{"damage_healed":0.0,"max_hp_gain":0.0,"max_hp_loss":0.0,"gold_gain":0.0,"event_name":"Liars Game","player_choice":"Ignored","floor":2.0,"gold_loss":0.0,"damage_taken":0.0},{"cards_removed":["Strike_R"],"damage_healed":0.0,"max_hp_gain":0.0,"max_hp_loss":0.0,"gold_gain":0.0,"event_name":"Golden Wing","player_choice":"Card Removal","floor":4.0,"gold_loss":0.0,"damage_taken":7.0},{"damage_healed":0.0,"max_hp_gain":5.0,"max_hp_loss":0.0,"gold_gain":0.0,"event_name":"Big Fish","player_choice":"Donut","floor":5.0,"gold_loss":0.0,"damage_taken":0.0},{"damage_healed":0.0,"max_hp_gain":0.0,"max_hp_loss":0.0,"gold_gain":0.0,"event_name":"Addict","player_choice":"Obtained Relic","floor":20.0,"gold_loss":85.0,"damage_taken":0.0,"relics_obtained":["Ornamental Fan"]},{"damage_healed":0.0,"max_hp_gain":0.0,"max_hp_loss":0.0,"gold_gain":0.0,"event_name":"The Library","player_choice":"Read","floor":22.0,"gold_loss":0.0,"damage_taken":0.0,"cards_obtained":["Power Through"]},{"damage_healed":0,"gold_gain":0,"player_choice":"Fight","damage_taken":0,"max_hp_gain":0,"max_hp_loss":0,"event_name":"Colosseum","floor":27,"gold_loss":0},{"damage_healed":0,"gold_gain":0,"player_choice":"Fought Nobs","damage_taken":0,"max_hp_gain":0,"max_hp_loss":0,"event_name":"Colosseum","floor":27,"gold_loss":0}],"is_beta":false,"boss_relics":[{"not_picked":["Calling Bell","Cursed Key"],"picked":"Fusion Hammer"}],"items_purged_floors":[],"is_endless":false,"potions_floor_spawned":[6,7,10,14,16,19,21,27],"killed_by":"Colosseum Nobs","ascension_level":18}