{"gold_per_floor":[211,229,16,30,50,105,105,137,137,190,190,221,238,257,257,257],"floor_reached":16,"playtime":541,"items_purged":[],"score":244,"play_id":"2c9997f4-6f84-4528-aa2c-0be92d4f3513","local_time":"20190313003918","is_ascension_mode":true,"campfire_choices":[{"data":"Crippling Poison","floor":7.0,"key":"SMITH"},{"data":"Tactician","floor":11.0,"key":"SMITH"},{"data":"Well Laid Plans","floor":15.0,"key":"SMITH"}],"neow_cost":"NONE","seed_source_timestamp":457303900168400,"circlet_count":0,"master_deck":["AscendersBane","Defend_G","Defend_G","Defend_G","Defend_G","Defend_G","Strike_G","Strike_G","Strike_G","Strike_G","Strike_G","Survivor","Neutralize","Dagger Spray","Footwork","Dagger Throw","Tactician+1","Well Laid Plans+1","Bouncing Flask","Backstab","Crippling Poison+1","Bane+1","Riddle With Holes+1","Backflip"],"special_seed":0,"relics":["Ring of the Snake","Tiny Chest","Paper Crane","Kunai","Smiling Mask","Molten Egg 2"],"potions_floor_usage":[],"damage_taken":[{"damage":0.0,"enemies":"Cultist","floor":1.0,"turns":4.0},{"damage":7.0,"enemies":"Small Slimes","floor":2.0,"turns":4.0},{"damage":0.0,"enemies":"Jaw Worm","floor":4.0,"turns":4.0},{"damage":1.0,"enemies":"Blue Slaver","floor":5.0,"turns":7.0},{"damage":8.0,"enemies":"Gremlin Nob","floor":6.0,"turns":3.0},{"damage":10.0,"enemies":"3 Sentries","floor":8.0,"turns":6.0},{"damage":36.0,"enemies":"Gremlin Nob","floor":12.0,"turns":5.0},{"damage":0.0,"enemies":"Large Slime","floor":13.0,"turns":3.0},{"damage":0.0,"enemies":"2 Fungi Beasts","floor":14.0,"turns":4.0},{"damage":9,"enemies":"The Guardian","floor":16,"turns":2}],"seed_played":"-3143072412359942162","potions_obtained":[{"floor":1.0,"key":"GamblersBrew"},{"floor":4.0,"key":"Regen Potion"},{"floor":6.0,"key":"PowerPotion"},{"floor":12.0,"key":"Explosive Potion"}],"is_trial":false,"path_per_floor":["M","M","$","M","M","E","R","E","T","T","R","E","M","M","R","B"],"character_chosen":"THE_SILENT","items_purchased":["Dagger Throw","Tactician","Well Laid Plans"],"campfire_rested":0,"item_purchase_floors":[3,3,3],"current_hp_per_floor":[59,52,52,52,63,55,55,45,45,45,45,9,9,9,9,0],"gold":257,"neow_bonus":"HUNDRED_GOLD","is_prod":false,"is_daily":false,"chose_seed":false,"campfire_upgraded":3,"win_rate":0,"timestamp":1552405158,"path_taken":["M","M","$","M","M","E","R","E","T","?","R","E","M","M","R","BOSS"],"build_version":"2019-01-23","purchased_purges":0,"victory":false,"max_hp_per_floor":[66,66,66,66,66,66,66,66,66,66,66,66,66,66,66,66],"card_choices":[{"not_picked":["Infinite Blades","Riddle With Holes"],"picked":"Dagger Spray","floor":1.0},{"not_picked":["Reflex","Bane"],"picked":"Footwork","floor":2.0},{"not_picked":["Bane","Accuracy"],"picked":"Bouncing Flask","floor":4.0},{"not_picked":["Blur","Outmaneuver"],"picked":"Backstab","floor":5.0},{"not_picked":["Accuracy","Distraction"],"picked":"Crippling Poison","floor":6.0},{"not_picked":["Eviscerate","Night Terror","Deflect"],"picked":"SKIP","floor":8.0},{"not_picked":["Accuracy","Dagger Throw"],"picked":"Bane","floor":12.0},{"not_picked":["Prepared","Noxious Fumes"],"picked":"Riddle With Holes+1","floor":13.0},{"not_picked":["Blade Dance","Noxious Fumes"],"picked":"Backflip","floor":14.0}],"player_experience":4521261,"relics_obtained":[{"floor":6.0,"key":"Tiny Chest"},{"floor":8.0,"key":"Paper Crane"},{"floor":9.0,"key":"Kunai"},{"floor":10.0,"key":"Smiling Mask"},{"floor":12.0,"key":"Molten Egg 2"}],"event_choices":[],"is_beta":false,"boss_relics":[],"items_purged_floors":[],"is_endless":false,"potions_floor_spawned":[1,4,6,12],"killed_by":"The Guardian","ascension_level":20}