{"gold_per_floor":[111,211,229,243,243,243,271,271,297,309,3,3,13,29,29,29],"floor_reached":16,"playtime":512,"items_purged":["Strike_R"],"score":189,"play_id":"e1da6c59-0d03-4cf0-9931-27ae7c61da95","local_time":"20190309223029","is_ascension_mode":true,"campfire_choices":[{"floor":6,"key":"REST"},{"floor":8,"key":"REST"},{"floor":12,"key":"REST"},{"floor":15,"key":"REST"}],"neow_cost":"NONE","seed_source_timestamp":522633432318680,"circlet_count":0,"master_deck":["AscendersBane","Strike_R","Strike_R","Strike_R","Strike_R","Defend_R","Defend_R","Defend_R","Defend_R","Bash","Rupture","Shockwave","Rage","Heavy Blade","Corruption","Blind","Carnage","Metallicize","True Grit","Spot Weakness"],"relics":["Burning Blood","NeowsBlessing","Red Skull","Happy Flower","Art of War"],"potions_floor_usage":[7,7,16],"damage_taken":[{"damage":0,"enemies":"Small Slimes","floor":1,"turns":1},{"damage":0,"enemies":"Cultist","floor":3,"turns":1},{"damage":0,"enemies":"2 Louse","floor":4,"turns":1},{"damage":46,"enemies":"Gremlin Nob","floor":7,"turns":6},{"damage":24,"enemies":"Large Slime","floor":10,"turns":7},{"damage":14,"enemies":"2 Fungi Beasts","floor":13,"turns":5},{"damage":18,"enemies":"Exordium Wildlife","floor":14,"turns":3},{"damage":62,"enemies":"Slime Boss","floor":16,"turns":8}],"seed_played":"5558385544025800930","potions_obtained":[{"floor":3,"key":"SteroidPotion"},{"floor":4,"key":"Weak Potion"},{"floor":13,"key":"GamblersBrew"}],"is_trial":false,"path_per_floor":["M","?","M","M","?","R","E","R","T","M","$","R","M","M","R","B"],"character_chosen":"IRONCLAD","items_purchased":["Blind","Carnage","Metallicize"],"campfire_rested":4,"item_purchase_floors":[11,11,11],"current_hp_per_floor":[74,74,75,75,49,71,31,53,53,35,35,57,49,37,59,0],"gold":29,"neow_bonus":"THREE_ENEMY_KILL","is_prod":false,"is_daily":false,"chose_seed":false,"campfire_upgraded":0,"win_rate":0,"timestamp":1552138229,"path_taken":["M","?","M","?","?","R","E","R","T","M","$","R","M","M","R","BOSS"],"build_version":"2019-01-23","purchased_purges":1,"victory":false,"max_hp_per_floor":[75,75,75,75,75,75,75,75,75,75,75,75,75,75,75,75],"card_choices":[{"not_picked":["Anger","Disarm"],"picked":"Rupture","floor":1},{"not_picked":["Thunderclap","Headbutt"],"picked":"Shockwave","floor":3},{"not_picked":["Reckless Charge","Thunderclap"],"picked":"Rage","floor":4},{"not_picked":["Exhume","Wild Strike"],"picked":"Heavy Blade","floor":7},{"not_picked":["Spot Weakness","Shrug It Off"],"picked":"Corruption","floor":10},{"not_picked":["Armaments","Immolate"],"picked":"True Grit","floor":13},{"not_picked":["Disarm","Flex"],"picked":"Spot Weakness","floor":14}],"player_experience":277577,"relics_obtained":[{"floor":7,"key":"Happy Flower"},{"floor":9,"key":"Art of War"}],"event_choices":[{"damage_healed":0,"gold_gain":100,"player_choice":"Gold","damage_taken":0,"max_hp_gain":0,"max_hp_loss":0,"event_name":"Wheel of Change","floor":2,"gold_loss":0},{"damage_healed":0,"gold_gain":0,"player_choice":"Success","damage_taken":26,"relics_obtained":["Red Skull"],"max_hp_gain":0,"max_hp_loss":0,"event_name":"Scrap Ooze","floor":5,"gold_loss":0}],"is_beta":false,"boss_relics":[],"items_purged_floors":[11],"is_endless":false,"potions_floor_spawned":[3,4,13],"killed_by":"Slime Boss","ascension_level":17}