{"gold_per_floor":[111,129,148,161,178,178,213,213,213,227,227],"floor_reached":11,"playtime":349,"items_purged":[],"score":154,"play_id":"4f71c7ad-f517-4f0f-93d7-50ebad9075ef","local_time":"20190212012257","is_ascension_mode":true,"campfire_choices":[{"floor":6,"key":"REST"},{"data":"Defragment","floor":8,"key":"SMITH"}],"neow_cost":"NONE","seed_source_timestamp":1060438745953799,"circlet_count":0,"master_deck":["AscendersBane","Strike_B","Strike_B","Strike_B","Defend_B","Defend_B","Defend_B","Defend_B","Zap","Dualcast","Redo","Doom and Gloom","Defragment+1","Gash","Conserve Battery","Chill","Coolheaded","Conserve Battery"],"special_seed":0,"relics":["Cracked Core","Dodecahedron","Potion Belt"],"potions_floor_usage":[7,10],"damage_taken":[{"damage":0.0,"enemies":"Cultist","floor":1.0,"turns":3.0},{"damage":13.0,"enemies":"Small Slimes","floor":2.0,"turns":2.0},{"damage":12.0,"enemies":"Jaw Worm","floor":3.0,"turns":3.0},{"damage":13,"enemies":"Red Slaver","floor":4,"turns":3},{"damage":12,"enemies":"Exordium Wildlife","floor":5,"turns":4},{"damage":3,"enemies":"Lagavulin","floor":7,"turns":7},{"damage":0,"enemies":"Lots of Slimes","floor":10,"turns":2},{"damage":40,"enemies":"Gremlin Nob","floor":11,"turns":3}],"seed_played":"-4783227080478815984","potions_obtained":[{"floor":1.0,"key":"PowerPotion"},{"floor":2.0,"key":"Strength Potion"},{"floor":3,"key":"Explosive Potion"}],"is_trial":false,"path_per_floor":["M","M","M","M","M","R","E","R","T","M","E"],"character_chosen":"DEFECT","items_purchased":[],"campfire_rested":1,"item_purchase_floors":[],"current_hp_per_floor":[64,51,39,26,14,35,32,32,32,32,0],"gold":227,"neow_bonus":"TRANSFORM_CARD","is_prod":false,"is_daily":false,"chose_seed":false,"campfire_upgraded":1,"win_rate":0,"timestamp":1549902177,"path_taken":["M","M","M","M","M","R","E","R","T","?","E"],"build_version":"2019-01-23","purchased_purges":0,"victory":false,"max_hp_per_floor":[71,71,71,71,71,71,71,71,71,71,71],"card_choices":[{"not_picked":["Capacitor","Leap"],"picked":"Doom and Gloom","floor":1.0},{"not_picked":["Compile Driver","Hologram"],"picked":"Defragment","floor":2.0},{"not_picked":["Skim","Stack"],"picked":"Gash","floor":3},{"not_picked":["Barrage","Melter"],"picked":"Conserve Battery","floor":4},{"not_picked":["Compile Driver","Ball Lightning"],"picked":"Chill","floor":5},{"not_picked":["Heatsinks","Chaos"],"picked":"Coolheaded","floor":7},{"not_picked":["All For One","Leap"],"picked":"Conserve Battery","floor":10}],"player_experience":4265079,"relics_obtained":[{"floor":7,"key":"Dodecahedron"},{"floor":9,"key":"Potion Belt"}],"event_choices":[],"is_beta":false,"boss_relics":[],"items_purged_floors":[],"is_endless":false,"potions_floor_spawned":[1,2,3],"killed_by":"Gremlin Nob","ascension_level":20}