{"gold_per_floor":[109,126,136,154,166,196,196,196,196,227,227,11,11,22,22,97,97,114,114,45,58,72,72,104,115,141,141,169,43,54,69,69,147,147,166,36,36,51,62,62,115,115,115,115,115,149,161,181,181,181],"floor_reached":51,"playtime":3832,"items_purged":[],"score":1337,"play_id":"08e2b56a-d315-4e5b-bfaa-3bbab2bea563","local_time":"20190308125828","is_ascension_mode":true,"campfire_choices":[{"data":"Heavy Blade","floor":8.0,"key":"SMITH"},{"floor":11.0,"key":"REST"},{"floor":13.0,"key":"REST"},{"data":"Flex","floor":15.0,"key":"SMITH"},{"data":"Heavy Blade","floor":23.0,"key":"SMITH"},{"data":"Double Tap","floor":27.0,"key":"SMITH"},{"floor":32.0,"key":"REST"},{"data":"Demon Form","floor":40,"key":"SMITH"},{"data":"True Grit","floor":42,"key":"SMITH"},{"data":"Fiend Fire","floor":49,"key":"SMITH"}],"neow_cost":"TEN_PERCENT_HP_LOSS","seed_source_timestamp":0,"circlet_count":0,"master_deck":["AscendersBane","Strike_R","Strike_R","Strike_R","Strike_R","Strike_R","Defend_R","Defend_R","Defend_R","Bash","Shockwave","Flex+1","Heavy Blade+1","Flame Barrier","Warcry","Double Tap+1","Regret","Metallicize","Trip","Intimidate","Impervious","Corruption","Heavy Blade+1","Headbutt","Shockwave","Blood for Blood","True Grit+1","Uppercut","Demon Form+1","Fiend Fire+1","Power Through+1","Writhe","Perfected Strike","Sentinel","Second Wind","Evolve","Headbutt","Perfected Strike+1"],"special_seed":0,"relics":["Burning Blood","Du-Vu Doll","The Courier","Ice Cream","Ornamental Fan","Pear","Anchor","Snecko Eye","Incense Burner","Oddly Smooth Stone","Ancient Tea Set","Vajra","Eternal Feather","Juzu Bracelet","Dead Branch","Paper Frog","Nunchaku","Question Card"],"potions_floor_usage":[33,50,50],"damage_taken":[{"damage":1.0,"enemies":"Cultist","floor":1.0,"turns":3.0},{"damage":8.0,"enemies":"2 Louse","floor":2.0,"turns":3.0},{"damage":9.0,"enemies":"Jaw Worm","floor":3.0,"turns":4.0},{"damage":6.0,"enemies":"2 Fungi Beasts","floor":4.0,"turns":4.0},{"damage":8.0,"enemies":"Large Slime","floor":5.0,"turns":6.0},{"damage":21.0,"enemies":"Lagavulin","floor":6.0,"turns":6.0},{"damage":41.0,"enemies":"3 Sentries","floor":10.0,"turns":10.0},{"damage":0.0,"enemies":"Looter","floor":14.0,"turns":2.0},{"damage":71.0,"enemies":"Slime Boss","floor":16.0,"turns":9.0},{"damage":0.0,"enemies":"Chosen","floor":18.0,"turns":2.0},{"damage":8.0,"enemies":"Spheric Guardian","floor":21.0,"turns":3.0},{"damage":14.0,"enemies":"Snecko","floor":22.0,"turns":4.0},{"damage":34.0,"enemies":"Gremlin Leader","floor":24.0,"turns":5.0},{"damage":3.0,"enemies":"Snake Plant","floor":25.0,"turns":2.0},{"damage":20.0,"enemies":"Slavers","floor":28.0,"turns":5.0},{"damage":1.0,"enemies":"Cultist and Chosen","floor":30.0,"turns":4.0},{"damage":9.0,"enemies":"Shelled Parasite and Fungi","floor":31.0,"turns":3.0},{"damage":41,"enemies":"Collector","floor":33,"turns":5},{"damage":40,"enemies":"3 Darklings","floor":35,"turns":7},{"damage":6,"enemies":"3 Shapes","floor":38,"turns":5},{"damage":1,"enemies":"Transient","floor":39,"turns":5},{"damage":17,"enemies":"2 Orb Walkers","floor":41,"turns":4},{"damage":0,"enemies":"Nemesis","floor":46,"turns":3},{"damage":5,"enemies":"3 Darklings","floor":47,"turns":2},{"damage":1,"enemies":"Spire Growth","floor":48,"turns":4},{"damage":35,"enemies":"Awakened One","floor":50,"turns":6}],"seed_played":"2836649407976782434","potions_obtained":[{"floor":1.0,"key":"PowerPotion"},{"floor":6.0,"key":"GamblersBrew"},{"floor":14.0,"key":"BloodPotion"},{"floor":19.0,"key":"Regen Potion"},{"floor":19.0,"key":"Fire Potion"},{"floor":28.0,"key":"Poison Potion"},{"floor":30.0,"key":"AttackPotion"},{"floor":38,"key":"Weak Potion"},{"floor":46,"key":"SkillPotion"}],"is_trial":false,"path_per_floor":["M","M","M","M","M","E","?","R","T","E","R","$","R","M","R","B",null,"M","?","$","M","M","R","E","M","T","R","E","$","M","M","R","B",null,"M","$","?","M","M","R","?","R","T","?","T","E","M","M","R","B",null],"character_chosen":"IRONCLAD","items_purchased":["Trip","Anchor","Corruption","Vajra","Juzu Bracelet"],"campfire_rested":3,"item_purchase_floors":[12,12,20,29,36],"current_hp_per_floor":[68,66,63,63,61,46,46,46,46,21,44,44,67,73,73,15,62,68,68,68,66,58,58,42,45,45,45,31,31,36,33,56,21,64,30,30,46,46,51,72,61,78,78,78,78,78,78,78,78,49],"gold":181,"neow_bonus":"ONE_RARE_RELIC","is_prod":false,"is_daily":false,"chose_seed":false,"campfire_upgraded":7,"win_rate":0,"timestamp":1552017508,"path_taken":["M","M","M","M","M","E","?","R","T","E","R","$","R","M","R","BOSS","M","?","$","M","?","R","E","M","T","R","E","?","M","M","R","BOSS","M","$","?","M","M","R","?","R","T","?","?","E","M","M","R","BOSS"],"build_version":"2019-01-23","purchased_purges":0,"victory":true,"max_hp_per_floor":[68,68,68,68,68,68,68,68,68,78,78,78,78,78,78,78,78,78,78,78,78,78,78,78,78,78,78,78,78,78,78,78,78,78,78,78,78,78,78,78,78,78,78,78,78,78,78,78,78,78],"card_choices":[{"not_picked":["Thunderclap","Cleave"],"picked":"Shockwave","floor":1.0},{"not_picked":["Hemokinesis","Havoc"],"picked":"Flex","floor":2.0},{"not_picked":["True Grit","Flex"],"picked":"Heavy Blade","floor":3.0},{"not_picked":["Headbutt","Clash"],"picked":"Flame Barrier","floor":4.0},{"not_picked":["Anger","Reckless Charge"],"picked":"Warcry","floor":5.0},{"not_picked":["Armaments","Rupture"],"picked":"Double Tap","floor":6.0},{"not_picked":["Infernal Blade","Cleave"],"picked":"Metallicize","floor":10.0},{"not_picked":["Iron Wave","Clash"],"picked":"Intimidate","floor":14.0},{"not_picked":["Juggernaut","Double Tap"],"picked":"Impervious","floor":16.0},{"not_picked":["Searing Blow","Wild Strike","Disarm"],"picked":"SKIP","floor":18.0},{"not_picked":["Thunderclap","Warcry+1"],"picked":"Heavy Blade","floor":21.0},{"not_picked":["Body Slam","Havoc+1"],"picked":"Headbutt","floor":22.0},{"not_picked":["Entrench","Thunderclap"],"picked":"Shockwave","floor":24.0},{"not_picked":["Sword Boomerang","Anger+1"],"picked":"Blood for Blood","floor":25.0},{"not_picked":["Searing Blow","Rage"],"picked":"True Grit","floor":28.0},{"not_picked":["Sword Boomerang+1","Clash"],"picked":"Uppercut","floor":30.0},{"not_picked":["Havoc","Clash"],"picked":"Demon Form","floor":31.0},{"not_picked":["Immolate","Demon Form"],"picked":"Fiend Fire","floor":33},{"not_picked":["Dual Wield","Havoc"],"picked":"Power Through+1","floor":35},{"not_picked":["Cleave","Combust"],"picked":"Perfected Strike","floor":38},{"not_picked":["Headbutt+1","Metallicize"],"picked":"Sentinel","floor":39},{"not_picked":["Sentinel+1","Burning Pact"],"picked":"Second Wind","floor":41},{"not_picked":["Armaments","Flex"],"picked":"Evolve","floor":46},{"not_picked":["Corruption","Warcry","Rupture+1"],"picked":"Headbutt","floor":47},{"not_picked":["Spot Weakness","Body Slam","Iron Wave"],"picked":"Perfected Strike+1","floor":48}],"player_experience":260188,"relics_obtained":[{"floor":6.0,"key":"The Courier"},{"floor":9.0,"key":"Ornamental Fan"},{"floor":10.0,"key":"Pear"},{"floor":24.0,"key":"Incense Burner"},{"floor":26.0,"key":"Oddly Smooth Stone"},{"floor":28.0,"key":"Ancient Tea Set"},{"floor":41,"key":"Dead Branch"},{"floor":43,"key":"Paper Frog"},{"floor":45,"key":"Nunchaku"},{"floor":46,"key":"Question Card"}],"event_choices":[{"damage_healed":0.0,"max_hp_gain":0.0,"max_hp_loss":0.0,"gold_gain":0.0,"event_name":"Big Fish","player_choice":"Box","floor":7.0,"gold_loss":0.0,"damage_taken":0.0,"relics_obtained":["Ice Cream"],"cards_obtained":["Regret"]},{"damage_healed":0.0,"max_hp_gain":0.0,"max_hp_loss":0.0,"gold_gain":0.0,"event_name":"Lab","player_choice":"Got Potions","floor":19.0,"gold_loss":0.0,"damage_taken":0.0},{"damage_healed":16,"gold_gain":0,"player_choice":"Writhe","damage_taken":0,"max_hp_gain":0,"max_hp_loss":0,"event_name":"Winding Halls","floor":37,"gold_loss":0,"cards_obtained":["Writhe"]},{"damage_healed":0,"gold_gain":0,"player_choice":"Fight","damage_taken":0,"max_hp_gain":0,"max_hp_loss":0,"event_name":"Mysterious Sphere","floor":41,"gold_loss":0},{"cards_removed":["Defend_R"],"damage_healed":0,"gold_gain":0,"player_choice":"Removed Skill","damage_taken":0,"max_hp_gain":0,"max_hp_loss":0,"event_name":"Falling","floor":44,"gold_loss":0}],"is_beta":false,"boss_relics":[{"not_picked":["Fusion Hammer","White Beast Statue"],"picked":"Snecko Eye"},{"not_picked":["Orrery","Black Star"],"picked":"Eternal Feather"}],"items_purged_floors":[],"is_endless":false,"potions_floor_spawned":[1,6,14,22,28,30,38,46,47],"ascension_level":16}