{"gold_per_floor":[109,122,149,163,181,208,208,220,273,273,90,115,132,147,147,147],"floor_reached":16,"playtime":464,"items_purged":["Strike_B"],"score":228,"play_id":"5c5276bc-e648-4ee0-83d2-95ff4e5521d1","local_time":"20190303013927","is_ascension_mode":true,"campfire_choices":[{"floor":7,"key":"REST"},{"data":"White Noise","floor":10,"key":"SMITH"},{"data":"Fission","floor":15,"key":"SMITH"}],"neow_cost":"NONE","seed_source_timestamp":1423585512035100,"circlet_count":0,"master_deck":["AscendersBane","Strike_B","Strike_B","Strike_B","Defend_B","Defend_B","Defend_B","Defend_B","Zap","Dualcast","Machine Learning","Ball Lightning","Sweeping Beam","Glacier","Cold Snap","Cold Snap","White Noise+1","Conserve Battery","Rebound","Barrage","Fission+1","FTL"],"relics":["Cracked Core","Bronze Scales","Kunai","Potion Belt","Art of War"],"potions_floor_usage":[5,16,16,16,16],"damage_taken":[{"damage":2,"enemies":"Cultist","floor":1,"turns":4},{"damage":15,"enemies":"Small Slimes","floor":2,"turns":3},{"damage":0,"enemies":"2 Louse","floor":4,"turns":2},{"damage":10,"enemies":"Gremlin Gang","floor":5,"turns":4},{"damage":8,"enemies":"Lagavulin","floor":6,"turns":7},{"damage":13,"enemies":"Blue Slaver","floor":8,"turns":2},{"damage":17,"enemies":"Gremlin Nob","floor":12,"turns":4},{"damage":6,"enemies":"Looter","floor":13,"turns":2},{"damage":2,"enemies":"Exordium Thugs","floor":14,"turns":4},{"damage":0,"enemies":"Slime Boss","floor":16,"turns":2}],"seed_played":"7554107985999066182","potions_obtained":[{"floor":2,"key":"Strength Potion"},{"floor":6,"key":"Ancient Potion"},{"floor":8,"key":"SneckoOil"},{"floor":12,"key":"AttackPotion"},{"floor":14,"key":"Strength Potion"}],"is_trial":false,"path_per_floor":["M","M","T","M","M","E","R","M","T","R","$","E","M","M","R","B"],"character_chosen":"DEFECT","items_purchased":["Conserve Battery","Rebound"],"campfire_rested":1,"item_purchase_floors":[11,11],"current_hp_per_floor":[62,47,47,47,37,29,50,37,37,37,37,20,14,12,12,12],"gold":147,"neow_bonus":"ONE_RANDOM_RARE_CARD","is_prod":false,"is_daily":false,"chose_seed":false,"campfire_upgraded":2,"win_rate":0,"timestamp":1551544767,"path_taken":["M","M","?","?","M","E","R","M","T","R","$","E","M","M","R","BOSS"],"build_version":"2019-01-23","purchased_purges":1,"victory":false,"max_hp_per_floor":[71,71,71,71,71,71,71,71,71,71,71,71,71,71,71,71],"card_choices":[{"not_picked":["Barrage","Stack"],"picked":"Ball Lightning","floor":1},{"not_picked":["Hologram","Steam"],"picked":"Sweeping Beam","floor":2},{"not_picked":["Steam","Hologram"],"picked":"Glacier","floor":4},{"not_picked":["Rebound","Sweeping Beam"],"picked":"Cold Snap","floor":5},{"not_picked":["Chaos","Reprogram"],"picked":"Cold Snap","floor":6},{"not_picked":["Stack","Glacier"],"picked":"White Noise","floor":8},{"not_picked":["Fusion","Turbo"],"picked":"Barrage","floor":12},{"not_picked":["Steam","Streamline"],"picked":"Fission","floor":13},{"not_picked":["Redo","Cold Snap"],"picked":"FTL","floor":14}],"player_experience":4454794,"relics_obtained":[{"floor":3,"key":"Bronze Scales"},{"floor":6,"key":"Kunai"},{"floor":9,"key":"Potion Belt"},{"floor":12,"key":"Art of War"}],"event_choices":[],"is_beta":false,"boss_relics":[],"items_purged_floors":[11],"is_endless":false,"potions_floor_spawned":[2,6,8,12,14],"killed_by":"Slime Boss","ascension_level":20}