{"gold_per_floor":[16,16,32,46,64,99,99,117,117,117,70,70,70,80,80,153,153,173,173,186,136,154,154,166,179,225,225,238,238,253,266,266,343,343,358,378,378,378,378],"floor_reached":39,"playtime":2178,"items_purged":[],"score":759,"play_id":"5a5f7fd2-ee7b-420c-aadb-88e26a732bd6","local_time":"20190320231522","is_ascension_mode":true,"campfire_choices":[{"data":"Corruption","floor":7.0,"key":"SMITH"},{"data":"Juggernaut","floor":10.0,"key":"SMITH"},{"data":"Feel No Pain","floor":12.0,"key":"SMITH"},{"floor":15.0,"key":"REST"},{"floor":23.0,"key":"REST"},{"floor":27.0,"key":"REST"},{"floor":29.0,"key":"REST"},{"floor":32.0,"key":"REST"}],"neow_cost":"NO_GOLD","seed_source_timestamp":521535347864357,"circlet_count":0,"master_deck":["AscendersBane","Strike_R","Strike_R+1","Strike_R+1","Strike_R","Defend_R","Defend_R+1","Defend_R+1","Defend_R","Bash","Corruption+1","Shrug It Off","Clothesline","Feel No Pain+1","Juggernaut+1","Shrug It Off+1","Shrug It Off+1","Limit Break","Armaments","Body Slam","Havoc","Pommel Strike","Evolve+1","Dark Embrace","Feel No Pain+1","Sentinel","Pommel Strike+1","Headbutt","Armaments","Inflame"],"special_seed":0,"relics":["Burning Blood","Pocketwatch","Centennial Puzzle","Shuriken","Fusion Hammer","War Paint","Orrery"],"potions_floor_usage":[],"damage_taken":[{"damage":5.0,"enemies":"2 Louse","floor":1.0,"turns":3.0},{"damage":5.0,"enemies":"Small Slimes","floor":3.0,"turns":4.0},{"damage":6.0,"enemies":"Cultist","floor":4.0,"turns":5.0},{"damage":1.0,"enemies":"Exordium Wildlife","floor":5.0,"turns":4.0},{"damage":14.0,"enemies":"3 Sentries","floor":6.0,"turns":12.0},{"damage":4.0,"enemies":"Blue Slaver","floor":8.0,"turns":5.0},{"damage":17.0,"enemies":"Exordium Thugs","floor":11.0,"turns":5.0},{"damage":20.0,"enemies":"Lots of Slimes","floor":14.0,"turns":4.0},{"damage":26.0,"enemies":"The Guardian","floor":16.0,"turns":14.0},{"damage":7.0,"enemies":"3 Byrds","floor":18.0,"turns":4.0},{"damage":4.0,"enemies":"2 Thieves","floor":20.0,"turns":3.0},{"damage":0.0,"enemies":"Snecko","floor":22.0,"turns":5.0},{"damage":0.0,"enemies":"Centurion and Healer","floor":24.0,"turns":3.0},{"damage":0.0,"enemies":"Chosen and Byrds","floor":25.0,"turns":4.0},{"damage":11.0,"enemies":"Shelled Parasite and Fungi","floor":28.0,"turns":4.0},{"damage":21.0,"enemies":"3 Cultists","floor":30.0,"turns":6.0},{"damage":0.0,"enemies":"Snake Plant","floor":31.0,"turns":3.0},{"damage":58.0,"enemies":"Champ","floor":33.0,"turns":12.0},{"damage":2.0,"enemies":"3 Shapes","floor":35.0,"turns":4.0},{"damage":5.0,"enemies":"Orb Walker","floor":36.0,"turns":3.0},{"damage":71,"enemies":"Time Eater","floor":39,"turns":4}],"seed_played":"1545604304510584226","potions_obtained":[{"floor":1.0,"key":"Weak Potion"},{"floor":4.0,"key":"FairyPotion"},{"floor":11.0,"key":"EssenceOfSteel"},{"floor":16.0,"key":"LiquidBronze"},{"floor":18.0,"key":"Energy Potion"},{"floor":25.0,"key":"Strength Potion"},{"floor":35.0,"key":"PowerPotion"}],"is_trial":false,"path_per_floor":["M","?","M","M","M","E","R","M","T","R","M","R","?","M","R","B",null,"M","?","M","?","M","R","M","M","T","R","M","R","M","M","R","B",null,"M","M","?","?","B"],"character_chosen":"IRONCLAD","items_purchased":[],"campfire_rested":5,"item_purchase_floors":[],"current_hp_per_floor":[69,62,63,63,68,60,60,62,62,62,51,51,28,14,36,16,60,59,59,61,61,67,75,75,75,75,75,70,75,60,66,75,23,62,66,67,67,67,0],"gold":378,"neow_bonus":"ONE_RARE_RELIC","is_prod":false,"is_daily":false,"chose_seed":false,"campfire_upgraded":3,"win_rate":0,"timestamp":1553091322,"path_taken":["M","?","M","M","M","E","R","M","T","R","M","R","?","M","R","BOSS","M","?","M","?","?","R","M","M","T","R","M","R","M","M","R","BOSS","M","M","?","?","BOSS"],"build_version":"2019-01-23","purchased_purges":0,"victory":false,"max_hp_per_floor":[75,75,75,75,75,75,75,75,75,75,75,75,75,75,75,75,75,75,75,75,75,75,75,75,75,75,75,75,75,75,75,75,75,75,75,75,75,75,75],"card_choices":[{"not_picked":["Dual Wield","Shockwave"],"picked":"Corruption","floor":1.0},{"not_picked":["Wild Strike","Warcry"],"picked":"Shrug It Off","floor":3.0},{"not_picked":["Twin Strike","Body Slam"],"picked":"Clothesline","floor":4.0},{"not_picked":["Twin Strike","Clothesline"],"picked":"Feel No Pain","floor":5.0},{"not_picked":["Cleave","Havoc"],"picked":"Juggernaut","floor":6.0},{"not_picked":["Clothesline","Perfected Strike","Anger"],"picked":"SKIP","floor":8.0},{"not_picked":["Clothesline","Perfected Strike"],"picked":"Shrug It Off","floor":11.0},{"not_picked":["Cleave","Fire Breathing"],"picked":"Shrug It Off","floor":14.0},{"not_picked":["Reaper","Exhume"],"picked":"Limit Break","floor":16.0},{"not_picked":["Sword Boomerang","Twin Strike","Corruption"],"picked":"SKIP","floor":18.0},{"not_picked":["Cleave","Headbutt"],"picked":"Body Slam","floor":20.0},{"not_picked":["Bloodletting","Clothesline"],"picked":"Havoc","floor":22.0},{"not_picked":["Cleave","Perfected Strike","Iron Wave"],"picked":"SKIP","floor":24.0},{"not_picked":["Clothesline","Heavy Blade"],"picked":"Pommel Strike","floor":25.0},{"not_picked":["Searing Blow","Fire Breathing+1","Rupture"],"picked":"SKIP","floor":28.0},{"not_picked":["Reckless Charge+1","Entrench"],"picked":"Evolve+1","floor":30.0},{"not_picked":["Limit Break","Hemokinesis","Pummel"],"picked":"SKIP","floor":31.0},{"not_picked":["Berserk","Fiend Fire"],"picked":"Dark Embrace","floor":33.0},{"not_picked":["Body Slam","Corruption"],"picked":"Feel No Pain+1","floor":34.0},{"not_picked":["Evolve","Clothesline"],"picked":"Sentinel","floor":34.0},{"not_picked":["True Grit","Havoc"],"picked":"Pommel Strike+1","floor":34.0},{"not_picked":["Sword Boomerang","Cleave"],"picked":"Headbutt","floor":34.0},{"not_picked":["Thunderclap","Blood for Blood"],"picked":"Armaments","floor":34.0},{"not_picked":["Armaments","Hemokinesis","Sword Boomerang"],"picked":"SKIP","floor":35.0},{"not_picked":["Corruption","Wild Strike"],"picked":"Inflame","floor":36.0}],"player_experience":376025,"relics_obtained":[{"floor":6.0,"key":"Centennial Puzzle"},{"floor":9.0,"key":"Shuriken"},{"floor":26.0,"key":"War Paint"}],"event_choices":[{"cards_removed":["Strike_R"],"damage_healed":0.0,"max_hp_gain":0.0,"max_hp_loss":0.0,"gold_gain":0.0,"event_name":"Golden Wing","player_choice":"Card Removal","floor":2.0,"gold_loss":0.0,"damage_taken":7.0},{"damage_healed":0.0,"max_hp_gain":0.0,"max_hp_loss":0.0,"gold_gain":0.0,"event_name":"Shining Light","player_choice":"Entered Light","floor":13.0,"gold_loss":0.0,"damage_taken":23.0,"cards_upgraded":["Shrug It Off","Strike_R"]},{"damage_healed":0.0,"max_hp_gain":0.0,"max_hp_loss":0.0,"gold_gain":0.0,"event_name":"The Library","player_choice":"Read","floor":19.0,"gold_loss":0.0,"damage_taken":0.0,"cards_obtained":["Armaments"]},{"damage_healed":0.0,"max_hp_gain":0.0,"max_hp_loss":0.0,"gold_gain":0.0,"event_name":"Designer","player_choice":"Upgraded Two","floor":21.0,"gold_loss":50.0,"damage_taken":0.0,"cards_upgraded":["Shrug It Off","Strike_R"]},{"damage_healed":0.0,"max_hp_gain":0.0,"max_hp_loss":0.0,"gold_gain":0.0,"event_name":"Tomb of Lord Red Mask","player_choice":"Ignored","floor":37.0,"gold_loss":0.0,"damage_taken":0.0},{"damage_healed":0.0,"max_hp_gain":0.0,"max_hp_loss":0.0,"gold_gain":0.0,"event_name":"SecretPortal","player_choice":"Took Portal","floor":38.0,"gold_loss":0.0,"damage_taken":0.0}],"is_beta":false,"boss_relics":[{"not_picked":["Lizard Tail","Pandora\u0027s Box"],"picked":"Fusion Hammer"},{"not_picked":["Black Star","Empty Cage"],"picked":"Orrery"}],"items_purged_floors":[],"is_endless":false,"potions_floor_spawned":[1,4,11,16,18,25,30,31,35,36],"killed_by":"Time Eater","ascension_level":19}