{"gold_per_floor":[115,35,47,65,65,94,108,142,142,159,172,201,22,22,22,127,127,143,154,166,166,178,236,236,266,266,282,307,60,80,111,111,212,262,273,289,3,19,33,65,81,108,108,21,49,49,81,92,92,92],"floor_reached":51,"playtime":9705,"items_purged":[],"score":1075,"play_id":"47747ef7-09e2-4934-9a3b-142df0c6574c","local_time":"20181229011008","is_ascension_mode":true,"campfire_choices":[{"data":"Coolheaded","floor":15,"key":"SMITH"},{"data":"Capacitor","floor":32,"key":"SMITH"},{"data":"Defragment","floor":46,"key":"SMITH"},{"data":"Turbo","floor":49,"key":"SMITH"}],"neow_cost":"NONE","seed_source_timestamp":608857079735175,"circlet_count":0,"master_deck":["Strike_B","Strike_B","Defend_B","Defend_B","Defend_B+1","Defend_B","Zap","Dualcast","Coolheaded","Sunder","Seek","Ball Lightning+1","Glacier","Cold Snap+1","Conserve Battery","Coolheaded+1","Rebound+1","Glacier","Tempest+1","Secret Technique","Echo Form","Go for the Eyes","BootSequence+1","Echo Form","FTL","Buffer+1","Barrage","Go for the Eyes","Turbo+1","FTL","Reboot","Capacitor+1","Meteor Strike","Go for the Eyes+1","Cold Snap+1","Barrage+1","Core Surge","Hologram","Hologram","Reprogram+1","Defragment+1","White Noise+1","Mind Blast","Reinforced Body","Conserve Battery","Seek"],"relics":["Runic Pyramid","Question Card","PreservedInsect","Happy Flower","Pear","Philosopher\u0027s Stone","Tiny Chest","Ancient Tea Set","Whetstone","Anchor","War Paint","Pen Nib","Tiny House","Blood Vial","Boot","Dream Catcher","Dodecahedron","Lantern","Strawberry"],"potions_floor_usage":[7,12,12,19,20,22,23,33,41,41,42,45,45,50],"damage_taken":[{"damage":7,"enemies":"Small Slimes","floor":1,"turns":3},{"damage":0,"enemies":"Cultist","floor":3,"turns":4},{"damage":4,"enemies":"Jaw Worm","floor":4,"turns":4},{"damage":32,"enemies":"Gremlin Nob","floor":6,"turns":5},{"damage":6,"enemies":"Exordium Wildlife","floor":7,"turns":2},{"damage":5,"enemies":"Lagavulin","floor":8,"turns":8},{"damage":0,"enemies":"3 Louse","floor":10,"turns":4},{"damage":0,"enemies":"Gremlin Gang","floor":11,"turns":4},{"damage":0,"enemies":"3 Sentries","floor":12,"turns":3},{"damage":1,"enemies":"The Guardian","floor":16,"turns":14},{"damage":2,"enemies":"Shell Parasite","floor":18,"turns":5},{"damage":11,"enemies":"2 Thieves","floor":19,"turns":4},{"damage":0,"enemies":"Snake Plant","floor":20,"turns":6},{"damage":0,"enemies":"Snecko","floor":22,"turns":3},{"damage":28,"enemies":"Slavers","floor":23,"turns":5},{"damage":13,"enemies":"Gremlin Leader","floor":25,"turns":8},{"damage":0,"enemies":"Centurion and Healer","floor":27,"turns":6},{"damage":0,"enemies":"Sentry and Sphere","floor":30,"turns":4},{"damage":0,"enemies":"Book of Stabbing","floor":31,"turns":5},{"damage":0,"enemies":"Champ","floor":33,"turns":10},{"damage":12,"enemies":"3 Darklings","floor":35,"turns":5},{"damage":0,"enemies":"Orb Walker","floor":36,"turns":4},{"damage":0,"enemies":"Maw","floor":38,"turns":7},{"damage":5,"enemies":"3 Darklings","floor":39,"turns":3},{"damage":0,"enemies":"Nemesis","floor":40,"turns":6},{"damage":26,"enemies":"Sphere and 2 Shapes","floor":41,"turns":6},{"damage":5,"enemies":"Reptomancer","floor":42,"turns":5},{"damage":0,"enemies":"Giant Head","floor":45,"turns":6},{"damage":0,"enemies":"Reptomancer","floor":47,"turns":5},{"damage":0,"enemies":"Maw","floor":48,"turns":6},{"damage":44,"enemies":"Time Eater","floor":50,"turns":11}],"seed_played":"9068366745945039094","potions_obtained":[{"floor":1,"key":"Ancient Potion"},{"floor":6,"key":"AttackPotion"},{"floor":7,"key":"SpeedPotion"},{"floor":8,"key":"SkillPotion"},{"floor":10,"key":"GamblersBrew"},{"floor":16,"key":"AttackPotion"},{"floor":18,"key":"Ancient Potion"},{"floor":19,"key":"Fire Potion"},{"floor":25,"key":"Dexterity Potion"},{"floor":30,"key":"Swift Potion"},{"floor":33,"key":"Regen Potion"},{"floor":39,"key":"Strength Potion"},{"floor":40,"key":"SteroidPotion"},{"floor":41,"key":"SpeedPotion"},{"floor":42,"key":"Swift Potion"},{"floor":47,"key":"Weak Potion"}],"is_trial":false,"path_per_floor":["M","$","M","M","?","E","M","E","T","M","M","E","$","?","R","B",null,"M","M","M","?","M","E","?","E","T","M","T","$","M","E","R","B",null,"M","M","$","M","M","E","M","E","T","$","E","R","E","M","R","B",null],"character_chosen":"DEFECT","items_purchased":["Sunder","Secret Technique","War Paint","Turbo","FTL","Blood Vial","Core Surge","Mind Blast"],"campfire_rested":0,"item_purchase_floors":[2,13,29,29,29,37,37,44],"current_hp_per_floor":[68,68,68,64,64,32,26,21,21,21,21,31,31,24,24,23,85,83,72,72,56,56,28,28,15,15,15,15,15,15,15,15,15,95,83,83,83,85,82,84,74,71,71,71,73,73,82,84,84,42],"gold":92,"neow_bonus":"BOSS_RELIC","is_prod":false,"is_daily":false,"chose_seed":false,"campfire_upgraded":4,"win_rate":0,"timestamp":1546063808,"path_taken":["M","$","M","M","?","E","M","E","T","M","M","E","?","?","R","BOSS","M","M","M","?","M","E","?","E","T","?","?","$","M","E","R","BOSS","M","?","?","M","M","E","M","E","T","$","E","R","E","M","R","BOSS"],"build_version":"2018-12-20","purchased_purges":0,"victory":true,"max_hp_per_floor":[75,75,75,75,75,75,75,75,75,75,75,85,85,85,85,85,85,85,85,85,90,90,90,90,90,90,90,90,90,90,90,90,90,95,95,95,95,95,95,95,95,95,95,95,95,95,102,102,102,102],"card_choices":[{"not_picked":["Turbo","Hologram"],"picked":"Coolheaded","floor":1},{"not_picked":["Hello World","Leap"],"picked":"Seek","floor":3},{"not_picked":["Beam Cell","Rebound"],"picked":"Ball Lightning","floor":4},{"not_picked":["Go for the Eyes","Amplify"],"picked":"Cold Snap","floor":6},{"not_picked":["Compile Driver","Blizzard","Steam"],"picked":"Conserve Battery","floor":7},{"not_picked":["Go for the Eyes","Amplify","Ball Lightning"],"picked":"Coolheaded","floor":8},{"not_picked":["Static Discharge","Steam Power","Sweeping Beam"],"picked":"Rebound","floor":10},{"not_picked":["Conserve Battery","Beam Cell","Cold Snap"],"picked":"Glacier","floor":11},{"not_picked":["Leap","Turbo","Gash"],"picked":"Tempest","floor":12},{"not_picked":["Core Surge","Seek","Biased Cognition"],"picked":"Echo Form","floor":16},{"not_picked":["Compile Driver","Leap","Steam+1"],"picked":"Go for the Eyes","floor":18},{"not_picked":["Force Field","Reinforced Body","Hologram"],"picked":"BootSequence+1","floor":19},{"not_picked":["Tempest+1","Compile Driver","Go for the Eyes+1"],"picked":"Echo Form","floor":20},{"not_picked":["Cold Snap+1","Leap","Ball Lightning"],"picked":"FTL","floor":22},{"not_picked":["Conserve Battery+1","Rebound","Chaos"],"picked":"Buffer","floor":23},{"not_picked":["Doom and Gloom","Static Discharge+1","Rip and Tear"],"picked":"Barrage","floor":25},{"not_picked":["Compile Driver","Barrage","Redo"],"picked":"Go for the Eyes","floor":27},{"not_picked":["Tempest","Sweeping Beam","Scrape+1"],"picked":"Reboot","floor":30},{"not_picked":["Auto Shields","Sweeping Beam","Streamline"],"picked":"Capacitor","floor":31},{"not_picked":["Hyperbeam","All For One","Fission"],"picked":"Meteor Strike","floor":33},{"not_picked":["Gash","Beam Cell","Recycle"],"picked":"Go for the Eyes+1","floor":34},{"not_picked":["Conserve Battery","Streamline","Genetic Algorithm+1"],"picked":"Cold Snap+1","floor":35},{"not_picked":["Steam","Go for the Eyes+1","Stack+1"],"picked":"Barrage+1","floor":36},{"not_picked":["Beam Cell+1","Darkness+1","All For One"],"picked":"Hologram","floor":38},{"not_picked":["Streamline+1","Force Field+1","Beam Cell+1"],"picked":"Hologram","floor":39},{"not_picked":["Force Field+1","Compile Driver","Redo+1"],"picked":"Reprogram+1","floor":40},{"not_picked":["Reinforced Body","Cold Snap","Fusion+1"],"picked":"Defragment","floor":41},{"not_picked":["Skim+1","Steam","Glacier+1"],"picked":"White Noise+1","floor":42},{"not_picked":["Fusion","Stack","Go for the Eyes"],"picked":"Reinforced Body","floor":45},{"not_picked":["Steam+1","Sunder+1","Stack+1"],"picked":"Conserve Battery","floor":47},{"not_picked":["Rebound","Sunder","Melter+1"],"picked":"Seek","floor":48}],"player_experience":119477,"relics_obtained":[{"floor":6,"key":"Question Card"},{"floor":8,"key":"PreservedInsect"},{"floor":9,"key":"Happy Flower"},{"floor":12,"key":"Pear"},{"floor":23,"key":"Tiny Chest"},{"floor":25,"key":"Ancient Tea Set"},{"floor":26,"key":"Whetstone"},{"floor":28,"key":"Anchor"},{"floor":31,"key":"Pen Nib"},{"floor":40,"key":"Boot"},{"floor":42,"key":"Dream Catcher"},{"floor":43,"key":"Dodecahedron"},{"floor":45,"key":"Lantern"},{"floor":47,"key":"Strawberry"}],"event_choices":[{"damage_healed":0,"gold_gain":0,"cards_transformed":["Strike_B"],"player_choice":"Transformed","damage_taken":0,"max_hp_gain":0,"max_hp_loss":0,"event_name":"Transmorgrifier","floor":5,"gold_loss":0,"cards_obtained":["Glacier"]},{"cards_removed":["Strike_B"],"damage_healed":0,"gold_gain":0,"player_choice":"Card Removal","damage_taken":7,"max_hp_gain":0,"max_hp_loss":0,"event_name":"Golden Wing","floor":14,"gold_loss":0},{"damage_healed":0,"gold_gain":0,"player_choice":"Shed Blood","damage_taken":21,"max_hp_gain":5,"max_hp_loss":0,"event_name":"Forgotten Altar","floor":21,"gold_loss":0},{"damage_healed":0,"gold_gain":0,"player_choice":"Upgraded","damage_taken":0,"max_hp_gain":0,"max_hp_loss":0,"event_name":"Upgrade Shrine","floor":24,"gold_loss":0,"cards_upgraded":["Buffer"]}],"is_beta":false,"boss_relics":[{"not_picked":["Lizard Tail","Velvet Choker"],"picked":"Philosopher\u0027s Stone"},{"not_picked":["Snecko Eye","Empty Cage"],"picked":"Tiny House"}],"items_purged_floors":[],"is_endless":false,"potions_floor_spawned":[1,6,7,8,10,16,18,19,25,30,33,39,40,41,42,47],"ascension_level":1}