{"gold_per_floor":[156,4,61,100,133,217,322,409,409,508,607,688,793,844,844,1078,1078,1132,1168,877,802,7,97,175,262,287,389,482,575,635,719,719,941,941,995,995,1994,2027,12,96,183,258,258,339,34,124,226,313,313,313,313,313,313,2,92,92],"floor_reached":57,"playtime":1770,"items_purged":[],"score":6000,"play_id":"6d938822-0796-4dc4-ad0f-ef6c92219429","local_time":"20190210024211","daily_mods":["Hoarder","Insanity","Vintage","Allstar","Heirloom","Time Dilation","Flight","DeadlyEvents","Cursed Run","Elite Swarm","Lethality","Midas"],"is_ascension_mode":true,"campfire_choices":[{"floor":15.0,"key":"RECALL"},{"floor":32.0,"key":"REST"},{"floor":49,"key":"REST"},{"data":"1","floor":53,"key":"LIFT"}],"neow_cost":"","seed_source_timestamp":885175871290400,"circlet_count":0,"master_deck":["AscendersBane","Iron Wave","Flame Barrier","Sword Boomerang","Anger","True Grit","Clash","Thunderclap","Havoc","Havoc","Clash","Infernal Blade","Headbutt","Twin Strike","Sever Soul","Clash","Metallicize","Body Slam","Rage","Carnage","Power Through","Clash","Disarm","Clash","Wild Strike","Clothesline+1","Warcry","Headbutt","Twin Strike","Body Slam","Warcry","Warcry","Wild Strike","Second Wind","Havoc","Warcry","Spot Weakness","Ghostly Armor","Infernal Blade","Carnage","Inflame","Warcry","Clothesline","Blood for Blood","Iron Wave","Armaments","Havoc","Perfected Strike","Headbutt+1","Purity","Purity","Purity","Deep Breath","Deep Breath","Deep Breath","Finesse","Finesse","Finesse+1","Violence","Violence","Violence","Thinking Ahead","Thinking Ahead","Thinking Ahead","Corruption","Corruption","Corruption","Intimidate","Intimidate","Intimidate","Feed","Feed","Feed","Offering","Offering","Offering","Bludgeon","Bludgeon","Bludgeon","Regret","Regret","Regret","Exhume","Exhume","Exhume","Exhume","Exhume","Exhume","Impervious","Impervious","Impervious","Immolate","Immolate","Immolate","Immolate","Immolate","Immolate","Perfected Strike","Perfected Strike","Perfected Strike","Armaments","Armaments","Armaments","Metallicize","Metallicize","Metallicize","True Grit","True Grit","True Grit","Dropkick","Dropkick","Dropkick","Whirlwind","Whirlwind","Whirlwind","Iron Wave","Iron Wave","Iron Wave","Warcry","Warcry","Warcry","Fiend Fire","Fiend Fire","Fiend Fire","Offering","Offering","Offering","Reaper","Reaper","Reaper","Limit Break","Limit Break","Limit Break","Feed","Feed","Feed","Reaper","Reaper","Reaper","Dark Embrace+1","Dark Embrace+1","Dark Embrace+1","Writhe","Writhe","Writhe","Fiend Fire+1","Fiend Fire+1","Fiend Fire+1","Deep Breath","Deep Breath","Deep Breath","Thinking Ahead","Thinking Ahead","Thinking Ahead","Flash of Steel+1","Flash of Steel+1","Flash of Steel+1","Normality","Normality","Normality","Normality","Normality","Normality","Inflame+1","Inflame+1","Inflame+1","Second Wind","Second Wind","Second Wind","Havoc","Havoc","Havoc","Armaments","Armaments","Armaments","Ghostly Armor","Ghostly Armor","Ghostly Armor","Flex","Flex","Flex","Spot Weakness","Spot Weakness","Spot Weakness","Warcry","Warcry","Warcry","Burning Pact","Burning Pact","Burning Pact","Shrug It Off","Shrug It Off","Shrug It Off+1","Flame Barrier","Flame Barrier","Flame Barrier","Sword Boomerang+1","Sword Boomerang+1","Sword Boomerang+1","Clothesline+1","Clothesline+1","Clothesline+1","Body Slam+1","Body Slam+1","Body Slam+1","Thunderclap+1","Thunderclap+1","Thunderclap+1","Blood for Blood+1","Blood for Blood+1","Blood for Blood+1","Twin Strike+1","Twin Strike+1","Twin Strike+1","Headbutt+1","Headbutt+1","Headbutt+1","Shrug It Off","Shrug It Off","Shrug It Off","Warcry","Warcry","Warcry","Metallicize+1","Metallicize+1","Metallicize+1","Corruption+1","Corruption+1","Corruption+1","Burning Pact","Burning Pact","Burning Pact","Blood for Blood+1","Blood for Blood+1","Blood for Blood+1","Feel No Pain+1","Feel No Pain+1","Feel No Pain+1","Barricade+1","Barricade+1","Barricade+1","Double Tap","Double Tap","Double Tap","Normality","Normality","Normality","Immolate+1","Immolate+1","Immolate+1","Anger+1","Anger+1","Anger+1","Headbutt+1","Headbutt+1","Headbutt+1","Perfected Strike+1","Perfected Strike+1","Perfected Strike+1","Warcry","Warcry","Warcry","Shrug It Off","Shrug It Off","Shrug It Off","Iron Wave+1","Iron Wave+1","Iron Wave+1","Body Slam+1","Body Slam+1","Body Slam+1","Shrug It Off","Shrug It Off","Shrug It Off","Limit Break","Limit Break","Limit Break","Impervious","Impervious","Impervious","Immolate+1","Immolate+1","Immolate+1","Writhe","Writhe","Writhe","Parasite","Parasite","Parasite","Rampage+1","Rampage+1","Rampage+1","Cleave+1","Cleave+1","Cleave+1","Dropkick+1","Dropkick+1","Dropkick+1","Sword Boomerang+1","Sword Boomerang+1","Sword Boomerang+1","Pommel Strike+1","Pommel Strike+1","Pommel Strike+1","Thunderclap+1","Thunderclap+1","Thunderclap+1","Dropkick+1","Dropkick+1","Dropkick+1","Exhume","Exhume","Exhume","Injury","Injury","Injury"],"special_seed":0,"relics":["Cursed Key","Darkstone Periapt","Du-Vu Doll","Prayer Wheel","Whetstone","Paper Frog","Ornamental Fan","Meat on the Bone","Matryoshka","Blue Candle","Bottled Lightning","Omamori","Self Forming Clay","Dead Branch","Dodecahedron","Blood Vial","Singing Bowl","Bag of Preparation","Mark of Pain","Mango","Anchor","Gremlin Horn","Letter Opener","Toolbox","Regal Pillow","Red Skull","The Courier","Oddly Smooth Stone","Lantern","Frozen Egg 2","Sundial","Turnip","Molten Egg 2","Thread and Needle","Runic Cube","Mercury Hourglass","Bottled Tornado","Potion Belt","Orichalcum","Strange Spoon","Art of War","Pantograph","Girya","Pocketwatch","Charon\u0027s Ashes","War Paint","StoneCalendar","Champion Belt","Bronze Scales","Nunchaku"],"potions_floor_usage":[56],"damage_taken":[{"damage":0.0,"enemies":"Cultist","floor":1.0,"turns":2.0},{"damage":5.0,"enemies":"Jaw Worm","floor":3.0,"turns":2.0},{"damage":0.0,"enemies":"Small Slimes","floor":4.0,"turns":1.0},{"damage":0.0,"enemies":"3 Louse","floor":5.0,"turns":1.0},{"damage":0.0,"enemies":"3 Sentries","floor":6.0,"turns":4.0},{"damage":1.0,"enemies":"Lagavulin","floor":7.0,"turns":6.0},{"damage":4.0,"enemies":"Gremlin Nob","floor":8.0,"turns":3.0},{"damage":14.0,"enemies":"3 Sentries","floor":10.0,"turns":4.0},{"damage":6.0,"enemies":"Lagavulin","floor":11.0,"turns":2.0},{"damage":6.0,"enemies":"Gremlin Nob","floor":12.0,"turns":1.0},{"damage":12.0,"enemies":"3 Sentries","floor":13.0,"turns":3.0},{"damage":6.0,"enemies":"Red Slaver","floor":14.0,"turns":1.0},{"damage":12.0,"enemies":"Hexaghost","floor":16.0,"turns":2.0},{"damage":0.0,"enemies":"2 Thieves","floor":18.0,"turns":1.0},{"damage":3.0,"enemies":"3 Byrds","floor":19.0,"turns":1.0},{"damage":6.0,"enemies":"Book of Stabbing","floor":23.0,"turns":1.0},{"damage":1.0,"enemies":"Slavers","floor":24.0,"turns":1.0},{"damage":0.0,"enemies":"Book of Stabbing","floor":25.0,"turns":1.0},{"damage":0.0,"enemies":"Gremlin Leader","floor":27.0,"turns":1.0},{"damage":18.0,"enemies":"Book of Stabbing","floor":28.0,"turns":1.0},{"damage":6.0,"enemies":"Slavers","floor":29.0,"turns":1.0},{"damage":0.0,"enemies":"Centurion and Healer","floor":30.0,"turns":1.0},{"damage":6.0,"enemies":"Gremlin Leader","floor":31.0,"turns":1.0},{"damage":6,"enemies":"Champ","floor":33,"turns":2},{"damage":0,"enemies":"3 Darklings","floor":35,"turns":1},{"damage":1,"enemies":"3 Shapes","floor":38,"turns":1},{"damage":0,"enemies":"Reptomancer","floor":40,"turns":1},{"damage":0,"enemies":"Nemesis","floor":41,"turns":1},{"damage":6,"enemies":"Reptomancer","floor":42,"turns":1},{"damage":8,"enemies":"Giant Head","floor":44,"turns":1},{"damage":7,"enemies":"Reptomancer","floor":46,"turns":1},{"damage":0,"enemies":"Nemesis","floor":47,"turns":1},{"damage":0,"enemies":"Giant Head","floor":48,"turns":1},{"damage":13,"enemies":"Donu and Deca","floor":50,"turns":2},{"damage":2,"enemies":"Time Eater","floor":51,"turns":1},{"damage":14,"enemies":"Shield and Spear","floor":55,"turns":2},{"damage":79,"enemies":"The Heart","floor":56,"turns":4}],"seed_played":"2103242847792284156","potions_obtained":[{"floor":3.0,"key":"EssenceOfSteel"},{"floor":4.0,"key":"SteroidPotion"},{"floor":7.0,"key":"Ancient Potion"},{"floor":19.0,"key":"Swift Potion"},{"floor":31.0,"key":"SteroidPotion"},{"floor":40,"key":"Regen Potion"},{"floor":42,"key":"SteroidPotion"}],"is_trial":true,"path_per_floor":["M","$","M","M","M","E","E","E","T","E","E","E","E","M","R","B",null,"M","M","$","?","$","E","E","E","T","E","E","E","M","E","R","B",null,"M","?","?","M","$","E","E","E","T","E","$","E","E","E","R","B","B",null,"R","$","E","B",null],"character_chosen":"IRONCLAD","items_purchased":["Corruption","Intimidate","Perfected Strike","Armaments","Metallicize","True Grit","Dropkick","Gremlin Horn","Letter Opener","Toolbox","Warcry","Potion Belt","Orichalcum","Strange Spoon","Art of War","Pantograph","Inflame+1","Second Wind","Havoc","Armaments","Ghostly Armor","Flex","Spot Weakness","Warcry","Burning Pact","Shrug It Off","Flame Barrier","Sword Boomerang+1","Clothesline+1","Body Slam+1","Thunderclap+1","Blood for Blood+1","Twin Strike+1","Headbutt+1","Shrug It Off","Warcry","Metallicize+1","Corruption+1","Burning Pact","Blood for Blood+1","Feel No Pain+1","Anger+1","Headbutt+1","Perfected Strike+1","Warcry","Shrug It Off","Iron Wave+1","Body Slam+1","Shrug It Off","Rampage+1","Cleave+1","Dropkick+1","Sword Boomerang+1","Pommel Strike+1","Thunderclap+1","Dropkick+1"],"campfire_rested":2,"item_purchase_floors":[2,2,20,20,20,20,20,22,22,22,22,39,39,39,39,39,39,39,39,39,39,39,39,39,39,39,39,39,39,39,39,39,39,39,39,39,39,39,39,39,39,45,45,45,45,45,45,45,45,54,54,54,54,54,54,54],"current_hp_per_floor":[68,68,63,63,63,63,62,58,64,53,47,53,46,54,54,44,76,92,91,91,91,91,87,88,90,90,92,101,95,100,96,104,110,110,110,100,112,122,122,122,124,124,130,122,122,117,119,121,130,123,140,142,142,142,145,83],"gold":92,"neow_bonus":"","is_prod":false,"is_daily":false,"chose_seed":false,"campfire_upgraded":0,"win_rate":0,"timestamp":1549734131,"path_taken":["M","?","M","M","M","E","E","E","T","E","E","E","E","M","R","BOSS","M","M","$","?","$","E","E","E","T","E","?","E","?","E","R","BOSS","M","?","?","?","$","E","E","E","T","E","?","E","E","E","R","BOSS","BOSS","R","$","E","BOSS"],"build_version":"2019-01-23","purchased_purges":0,"victory":true,"max_hp_per_floor":[75,75,75,75,75,75,75,75,81,84,84,84,87,87,87,87,87,101,101,101,101,101,101,101,101,101,101,101,101,104,104,104,110,110,110,110,122,122,122,122,124,124,130,130,130,130,130,130,130,136,142,142,142,142,145,151],"card_choices":[{"not_picked":["Juggernaut","Dark Embrace"],"picked":"Feed","floor":6.0},{"not_picked":["Fiend Fire","Exhume"],"picked":"Offering","floor":7.0},{"not_picked":["Exhume","Reaper"],"picked":"Bludgeon","floor":8.0},{"not_picked":["Limit Break","Brutality"],"picked":"Exhume","floor":10.0},{"not_picked":["Demon Form","Double Tap"],"picked":"Exhume","floor":11.0},{"not_picked":["Berserk","Brutality"],"picked":"Impervious","floor":12.0},{"not_picked":["Bludgeon","Fiend Fire"],"picked":"Immolate","floor":13.0},{"not_picked":["Juggernaut","Limit Break"],"picked":"Immolate","floor":16.0},{"not_picked":["Offering","Juggernaut"],"picked":"Fiend Fire","floor":23.0},{"not_picked":["Berserk","Impervious"],"picked":"Offering","floor":24.0},{"not_picked":["Juggernaut","Barricade"],"picked":"Reaper","floor":25.0},{"not_picked":["Offering","Berserk"],"picked":"Limit Break","floor":27.0},{"not_picked":["Berserk+1","Offering"],"picked":"Feed","floor":28.0},{"not_picked":["Dark Embrace+1","Bludgeon"],"picked":"Reaper","floor":29.0},{"not_picked":["Impervious","Brutality+1"],"picked":"Dark Embrace+1","floor":31.0},{"not_picked":["Feed+1","Juggernaut+1"],"picked":"Fiend Fire+1","floor":33},{"not_picked":["Mayhem+1","Secret Weapon"],"picked":"Deep Breath","floor":36},{"not_picked":["Trip","Madness"],"picked":"Thinking Ahead","floor":36},{"not_picked":["HandOfGreed+1","Forethought"],"picked":"Flash of Steel+1","floor":36},{"not_picked":["Exhume","Berserk+1"],"picked":"Barricade+1","floor":40},{"not_picked":["Reaper+1","Barricade+1","Brutality+1"],"picked":"Singing Bowl","floor":41},{"not_picked":["Exhume","Berserk+1"],"picked":"Double Tap","floor":42},{"not_picked":["Bludgeon+1","Double Tap"],"picked":"Immolate+1","floor":44},{"not_picked":["Feed+1","Barricade+1"],"picked":"Limit Break","floor":46},{"not_picked":["Double Tap","Berserk+1"],"picked":"Impervious","floor":47},{"not_picked":["Limit Break","Double Tap"],"picked":"Immolate+1","floor":48},{"not_picked":["Berserk+1","Dark Embrace+1"],"picked":"Exhume","floor":55}],"player_experience":4245236,"relics_obtained":[{"floor":1.0,"key":"Whetstone"},{"floor":3.0,"key":"Paper Frog"},{"floor":4.0,"key":"Ornamental Fan"},{"floor":5.0,"key":"Meat on the Bone"},{"floor":6.0,"key":"Matryoshka"},{"floor":7.0,"key":"Blue Candle"},{"floor":8.0,"key":"Bottled Lightning"},{"floor":9.0,"key":"Omamori"},{"floor":9.0,"key":"Self Forming Clay"},{"floor":10.0,"key":"Dead Branch"},{"floor":11.0,"key":"Dodecahedron"},{"floor":12.0,"key":"Blood Vial"},{"floor":13.0,"key":"Singing Bowl"},{"floor":14.0,"key":"Bag of Preparation"},{"floor":18.0,"key":"Mango"},{"floor":19.0,"key":"Anchor"},{"floor":23.0,"key":"Regal Pillow"},{"floor":24.0,"key":"Red Skull"},{"floor":25.0,"key":"The Courier"},{"floor":26.0,"key":"Oddly Smooth Stone"},{"floor":26.0,"key":"Lantern"},{"floor":27.0,"key":"Frozen Egg 2"},{"floor":28.0,"key":"Sundial"},{"floor":29.0,"key":"Turnip"},{"floor":30.0,"key":"Molten Egg 2"},{"floor":31.0,"key":"Thread and Needle"},{"floor":35,"key":"Mercury Hourglass"},{"floor":38,"key":"Bottled Tornado"},{"floor":40,"key":"Girya"},{"floor":41,"key":"Pocketwatch"},{"floor":42,"key":"Charon\u0027s Ashes"},{"floor":44,"key":"War Paint"},{"floor":46,"key":"StoneCalendar"},{"floor":47,"key":"Champion Belt"},{"floor":48,"key":"Bronze Scales"},{"floor":55,"key":"Nunchaku"}],"event_choices":[{"damage_healed":0.0,"max_hp_gain":0.0,"max_hp_loss":0.0,"gold_gain":0.0,"cards_transformed":["Combust","Seeing Red"],"event_name":"Designer","player_choice":"Transformed Cards","floor":21.0,"gold_loss":75.0,"damage_taken":0.0,"cards_obtained":["Whirlwind","Iron Wave"]},{"damage_healed":0,"gold_gain":0,"player_choice":"Memory 3","damage_taken":10,"max_hp_gain":0,"max_hp_loss":0,"event_name":"SensoryStone","floor":36,"gold_loss":0},{"damage_healed":0,"gold_gain":999,"player_choice":"Gold","damage_taken":0,"max_hp_gain":0,"max_hp_loss":0,"event_name":"MindBloom","floor":37,"gold_loss":0,"cards_obtained":["Normality","Normality"]}],"is_beta":false,"boss_relics":[{"not_picked":["Ectoplasm","Busted Crown"],"picked":"Mark of Pain"},{"not_picked":["Lizard Tail","Sozu"],"picked":"Runic Cube"}],"items_purged_floors":[],"is_endless":false,"potions_floor_spawned":[3,4,5,7,19,25,28,30,31,40,42,44,47,48,55],"ascension_level":20}