{"gold_per_floor":[111,111,126,137,29,29,44,75,75,75,87,116,131,141,141,242,242,261,360,372,372,195,195,120,120,144,171,188,263,263,279,279,376,376,390,441,541,554,7,41,41,41,41,60,77,77,5,20,20,20],"floor_reached":51,"playtime":2616,"items_purged":["Defend_B","Strike_B","Strike_B"],"score":1125,"play_id":"939495ae-a7ab-48b4-a980-4de029abb7ee","local_time":"20190111225411","is_ascension_mode":true,"campfire_choices":[{"data":"Capacitor","floor":6.0,"key":"SMITH"},{"data":"Consume","floor":10.0,"key":"SMITH"},{"floor":15.0,"key":"REST"},{"data":"Rainbow","floor":23,"key":"SMITH"},{"data":"Storm","floor":30,"key":"SMITH"},{"data":"Defragment","floor":32,"key":"SMITH"},{"data":"Capacitor","floor":42,"key":"SMITH"},{"data":"Coolheaded","floor":49,"key":"SMITH"}],"neow_cost":"NONE","seed_source_timestamp":99183445942397,"circlet_count":0,"master_deck":["Strike_B","Defend_B","Defend_B","Zap","Dualcast","Capacitor+1","Conserve Battery","Ball Lightning","Go for the Eyes","Sweeping Beam","Hologram","Amplify","Compile Driver","Consume+1","Glacier","Tempest","Tempest","Reinforced Body","Electrodynamics","Self Repair","Rainbow+1","Chill+1","Ghostly","Ghostly","Ghostly","Ghostly","Ghostly","Defragment+1","Storm+1","Stack+1","Conserve Battery+1","Coolheaded+1","Capacitor+1","Core Surge","Machine Learning"],"special_seed":0,"relics":["Oddly Smooth Stone","Juzu Bracelet","Letter Opener","Busted Crown","Nloth\u0027s Gift","PreservedInsect","Ice Cream","Black Star","Emotion Chip","Mango","Sundial","Ornamental Fan","Bottled Tornado"],"potions_floor_usage":[16,16,18,33,36,50,50,50],"damage_taken":[{"damage":0.0,"enemies":"2 Louse","floor":1.0,"turns":2.0},{"damage":0.0,"enemies":"Cultist","floor":3.0,"turns":4.0},{"damage":0.0,"enemies":"Small Slimes","floor":4.0,"turns":3.0},{"damage":2.0,"enemies":"3 Louse","floor":7.0,"turns":4.0},{"damage":13.0,"enemies":"Lagavulin","floor":8.0,"turns":9.0},{"damage":9.0,"enemies":"Blue Slaver","floor":11.0,"turns":2.0},{"damage":22.0,"enemies":"3 Sentries","floor":12.0,"turns":7.0},{"damage":6.0,"enemies":"2 Fungi Beasts","floor":13.0,"turns":3.0},{"damage":6.0,"enemies":"Gremlin Gang","floor":14.0,"turns":2.0},{"damage":12,"enemies":"Hexaghost","floor":16,"turns":8},{"damage":21,"enemies":"3 Byrds","floor":18,"turns":4},{"damage":19,"enemies":"Shell Parasite","floor":20,"turns":7},{"damage":7,"enemies":"Book of Stabbing","floor":27,"turns":7},{"damage":0,"enemies":"Centurion and Healer","floor":28,"turns":6},{"damage":3,"enemies":"Chosen and Byrds","floor":31,"turns":4},{"damage":0,"enemies":"Collector","floor":33,"turns":7},{"damage":0,"enemies":"3 Shapes","floor":35,"turns":4},{"damage":0,"enemies":"2 Orb Walkers","floor":36,"turns":6},{"damage":0,"enemies":"Orb Walker","floor":38,"turns":4},{"damage":3,"enemies":"Nemesis","floor":40,"turns":7},{"damage":2,"enemies":"Spire Growth","floor":44,"turns":5},{"damage":9,"enemies":"Sphere and 2 Shapes","floor":45,"turns":4},{"damage":0,"enemies":"4 Shapes","floor":48,"turns":2},{"damage":33,"enemies":"Time Eater","floor":50,"turns":11}],"seed_played":"-3536463155247846569","potions_obtained":[{"floor":8.0,"key":"Fire Potion"},{"floor":11.0,"key":"Strength Potion"},{"floor":12.0,"key":"Energy Potion"},{"floor":14.0,"key":"LiquidBronze"},{"floor":18,"key":"Weak Potion"},{"floor":20,"key":"Swift Potion"},{"floor":31,"key":"Swift Potion"},{"floor":36,"key":"Poison Potion"},{"floor":38,"key":"Explosive Potion"},{"floor":40,"key":"Energy Potion"}],"is_trial":false,"path_per_floor":["M","?","M","M","$","R","M","E","T","R","M","E","M","M","R","B",null,"M","?","M","?","$","R","?","?","T","E","M","?","R","M","R","B",null,"M","?","?","M","$","E","?","R","T","M","M","?","$","M","R","B",null],"character_chosen":"DEFECT","items_purchased":["Glacier","Defragment","Coolheaded","Capacitor","Mango","Machine Learning"],"campfire_rested":1,"item_purchase_floors":[5,22,39,39,39,47],"current_hp_per_floor":[68,68,68,68,68,68,66,53,53,53,44,22,16,10,32,27,63,42,42,37,37,37,37,37,37,37,30,37,34,34,37,37,37,37,37,37,37,37,51,51,51,51,51,49,40,40,40,40,40,7],"gold":20,"neow_bonus":"BOSS_RELIC","is_prod":false,"is_daily":false,"chose_seed":false,"campfire_upgraded":7,"win_rate":0,"timestamp":1547265251,"path_taken":["M","?","?","M","$","R","?","E","T","R","M","E","M","M","R","BOSS","M","?","M","?","$","R","?","?","T","E","M","?","R","M","R","BOSS","M","?","?","M","$","E","?","R","T","M","M","?","$","M","R","BOSS"],"build_version":"2019-01-10","purchased_purges":3,"victory":true,"max_hp_per_floor":[75,75,75,75,75,75,75,75,75,75,75,75,75,75,75,75,75,75,75,75,37,37,37,37,37,37,37,37,37,37,37,37,37,37,37,37,37,37,51,51,51,51,51,51,51,51,51,51,51,51],"card_choices":[{"not_picked":["Gash","Redo"],"picked":"Capacitor","floor":0.0},{"not_picked":["Steam Power","Steam"],"picked":"Conserve Battery","floor":0.0},{"not_picked":["Lockon","Hologram"],"picked":"Ball Lightning","floor":0.0},{"not_picked":["Sweeping Beam","Steam"],"picked":"Go for the Eyes","floor":0.0},{"not_picked":["Redo","Beam Cell"],"picked":"Sweeping Beam","floor":0.0},{"not_picked":["Scrape","Rebound"],"picked":"Hologram","floor":1.0},{"not_picked":["Scrape","Conserve Battery"],"picked":"Compile Driver","floor":3.0},{"not_picked":["Lockon","Recycle"],"picked":"Consume","floor":4.0},{"not_picked":["Compile Driver","Consume"],"picked":"Tempest","floor":7.0},{"not_picked":["Turbo","Melter"],"picked":"Tempest","floor":8.0},{"not_picked":["Conserve Battery","Gash"],"picked":"Reinforced Body","floor":11.0},{"not_picked":["All For One","Genetic Algorithm"],"picked":"Electrodynamics","floor":12.0},{"not_picked":["Scrape","Recycle"],"picked":"Sunder","floor":13.0},{"not_picked":["Leap","Barrage"],"picked":"Self Repair","floor":14.0},{"not_picked":["Amplify","Thunder Strike"],"picked":"Rainbow","floor":16},{"not_picked":["Rip and Tear"],"picked":"SKIP","floor":18},{"not_picked":[],"picked":"Chill+1","floor":20},{"not_picked":["Consume"],"picked":"SKIP","floor":27},{"not_picked":[],"picked":"Storm","floor":28},{"not_picked":[],"picked":"Stack+1","floor":31},{"not_picked":["Turbo+1"],"picked":"SKIP","floor":35},{"not_picked":[],"picked":"Conserve Battery+1","floor":38},{"not_picked":[],"picked":"Core Surge","floor":40},{"not_picked":["Ball Lightning+1"],"picked":"SKIP","floor":44},{"not_picked":["Conserve Battery"],"picked":"SKIP","floor":45},{"not_picked":["Electrodynamics"],"picked":"SKIP","floor":48}],"player_experience":356561,"relics_obtained":[{"floor":8.0,"key":"Oddly Smooth Stone"},{"floor":9.0,"key":"Juzu Bracelet"},{"floor":12.0,"key":"Letter Opener"},{"floor":26,"key":"PreservedInsect"},{"floor":27,"key":"Ice Cream"},{"floor":36,"key":"Emotion Chip"},{"floor":40,"key":"Sundial"},{"floor":40,"key":"Ornamental Fan"},{"floor":43,"key":"Bottled Tornado"}],"event_choices":[{"damage_healed":0.0,"max_hp_gain":0.0,"max_hp_loss":0.0,"gold_gain":0.0,"cards_transformed":["Strike_B"],"event_name":"Transmorgrifier","player_choice":"Transformed","floor":2.0,"gold_loss":0.0,"damage_taken":0.0,"cards_obtained":["Amplify"]},{"damage_healed":0,"gold_gain":99,"player_choice":"Stole From Cult","damage_taken":0,"max_hp_gain":0,"max_hp_loss":0,"event_name":"Nest","floor":19,"gold_loss":0},{"damage_healed":0,"gold_gain":0,"player_choice":"Became a Ghost","damage_taken":0,"max_hp_gain":0,"max_hp_loss":38,"event_name":"Ghosts","floor":21,"gold_loss":0,"cards_obtained":["Ghostly","Ghostly","Ghostly","Ghostly","Ghostly"]},{"cards_removed":["Defend_B"],"damage_healed":0,"gold_gain":0,"player_choice":"Gave Gold","damage_taken":0,"max_hp_gain":0,"max_hp_loss":0,"event_name":"Beggar","floor":24,"gold_loss":75},{"damage_healed":0,"gold_gain":0,"player_choice":"Traded Relic","damage_taken":0,"relics_obtained":["Nloth\u0027s Gift"],"max_hp_gain":0,"max_hp_loss":0,"event_name":"N\u0027loth","floor":25,"relics_lost":["Orrery"],"gold_loss":0},{"damage_healed":0,"gold_gain":75,"player_choice":"Touch","damage_taken":3,"max_hp_gain":0,"max_hp_loss":0,"event_name":"FaceTrader","floor":29,"gold_loss":0},{"damage_healed":0,"gold_gain":0,"player_choice":"Fight","damage_taken":0,"max_hp_gain":0,"max_hp_loss":0,"event_name":"Mysterious Sphere","floor":36,"gold_loss":0},{"damage_healed":0,"gold_gain":100,"player_choice":"Pray","damage_taken":0,"max_hp_gain":0,"max_hp_loss":0,"event_name":"Golden Shrine","floor":37,"gold_loss":0},{"damage_healed":0,"gold_gain":0,"player_choice":"Ignored","damage_taken":0,"max_hp_gain":0,"max_hp_loss":0,"event_name":"Tomb of Lord Red Mask","floor":41,"gold_loss":0},{"cards_removed":["Sunder"],"damage_healed":0,"gold_gain":0,"player_choice":"Removed Attack","damage_taken":0,"max_hp_gain":0,"max_hp_loss":0,"event_name":"Falling","floor":46,"gold_loss":0}],"is_beta":false,"boss_relics":[{"not_picked":["White Beast Statue","Pandora\u0027s Box"],"picked":"Busted Crown"},{"not_picked":["Snecko Eye","Coffee Dripper"],"picked":"Black Star"}],"items_purged_floors":[5,22,39],"is_endless":false,"potions_floor_spawned":[8,11,12,14,18,20,31,36,38,40],"ascension_level":9}