{"gold_per_floor":[118,138,154,154,165,197,197,197,197,197,223,223,238,267,267,369,369,386,386,396,396,414,414,442,121,144,144,144,95,0,45,45,141,141,160,160,175,129,129,129,129,129,129,129,144,163,9,20,20,20],"floor_reached":51,"playtime":3407,"items_purged":["Writhe"],"score":683,"play_id":"ef5426c1-4222-4aee-97f8-eaaa09e7ab24","local_time":"20190123194103","is_ascension_mode":false,"campfire_choices":[{"floor":8,"key":"REST"},{"data":"Redo","floor":10,"key":"SMITH"},{"floor":12,"key":"REST"},{"data":"White Noise","floor":15,"key":"SMITH"},{"floor":23,"key":"REST"},{"floor":28,"key":"REST"},{"floor":32,"key":"REST"},{"data":"Rainbow","floor":41,"key":"SMITH"},{"data":"Dualcast","floor":44,"key":"SMITH"},{"floor":49,"key":"REST"}],"neow_cost":"NONE","seed_source_timestamp":133349072500,"circlet_count":0,"master_deck":["Strike_B+1","Strike_B+1","Strike_B+1","Strike_B+1","Defend_B+1","Defend_B+1","Defend_B+1","Zap+1","Dualcast+1","Leap","Sweeping Beam","Undo+1","Doom and Gloom","Redo+1","Rebound","White Noise+1","All For One","Loop+1","Loop","Leap+1","Leap","Static Discharge","Ball Lightning","Rainbow+1","Storm+1","Conserve Battery","Madness","Madness","Turbo","Double Energy","Conserve Battery"],"relics":["Cracked Core","Mercury Hourglass","Pocketwatch","Letter Opener","PreservedInsect","Ice Cream","Lizard Tail","War Paint","Question Card","Strawberry","Oddly Smooth Stone","Potion Belt","Eternal Feather","Sundial","Art of War"],"potions_floor_usage":[6,6,6,6,6,11,16,33,33,37,39,45,50,50],"damage_taken":[{"damage":0,"enemies":"2 Louse","floor":1,"turns":2},{"damage":1,"enemies":"Cultist","floor":2,"turns":3},{"damage":1,"enemies":"Jaw Worm","floor":3,"turns":3},{"damage":0,"enemies":"2 Fungi Beasts","floor":5,"turns":3},{"damage":18,"enemies":"Lagavulin","floor":6,"turns":7},{"damage":28,"enemies":"Gremlin Nob","floor":11,"turns":4},{"damage":0,"enemies":"3 Louse","floor":13,"turns":1},{"damage":0,"enemies":"3 Sentries","floor":14,"turns":3},{"damage":27,"enemies":"The Guardian","floor":16,"turns":8},{"damage":1,"enemies":"Spheric Guardian","floor":18,"turns":3},{"damage":13,"enemies":"Shell Parasite","floor":20,"turns":3},{"damage":37,"enemies":"Snake Plant","floor":22,"turns":4},{"damage":36,"enemies":"Book of Stabbing","floor":24,"turns":4},{"damage":48,"enemies":"Collector","floor":33,"turns":8},{"damage":6,"enemies":"3 Shapes","floor":35,"turns":4},{"damage":19,"enemies":"3 Darklings","floor":37,"turns":3},{"damage":4,"enemies":"Transient","floor":39,"turns":4},{"damage":11,"enemies":"4 Shapes","floor":45,"turns":4},{"damage":25,"enemies":"Sphere and 2 Shapes","floor":46,"turns":5},{"damage":18,"enemies":"Writhing Mass","floor":48,"turns":6},{"damage":49,"enemies":"Donu and Deca","floor":50,"turns":9}],"seed_played":"-9218741163403780433","potions_obtained":[{"floor":3,"key":"Swift Potion"},{"floor":5,"key":"EntropicBrew"},{"floor":6,"key":"Strength Potion"},{"floor":11,"key":"FocusPotion"},{"floor":24,"key":"EntropicBrew"},{"floor":45,"key":"Dexterity Potion"},{"floor":48,"key":"SkillPotion"}],"is_trial":false,"path_per_floor":["?","?","M","?","?","?","$","?","T","?","M","$","?","$"],"character_chosen":"DEFECT","items_purchased":["Strawberry","Leap","Static Discharge","Ball Lightning","Conserve Battery","Art of War"],"campfire_rested":6,"item_purchase_floors":[25,25,25,29,38,47],"current_hp_per_floor":[82,81,80,73,73,55,55,79,79,79,51,75,75,75,75,48,82,81,81,68,68,31,55,19,26,26,26,52,52,52,52,78,30,89,83,88,69,69,65,65,80,69,69,84,73,48,48,30,74,25],"gold":20,"neow_bonus":"TEN_PERCENT_HP_BONUS","is_prod":false,"is_daily":false,"chose_seed":false,"campfire_upgraded":4,"win_rate":0,"timestamp":1548268863,"path_taken":["M","M","M","?","M","E","?","R","T","R","E","R","?","E","R","BOSS","M","?","M","?","M","R","E","$","T","?","R","?","?","?","R","BOSS","M","?","?","$","M","?","R","?","T","R","M","M","?","M","R","BOSS"],"build_version":"2019-01-23","purchased_purges":1,"victory":true,"max_hp_per_floor":[82,82,82,82,82,82,82,82,82,82,82,82,82,82,82,82,82,82,82,82,82,82,82,82,89,89,89,89,89,89,89,89,89,89,89,89,89,89,89,89,89,89,89,89,89,89,89,89,89,89],"card_choices":[{"not_picked":["Gash","Chill"],"picked":"Leap","floor":1},{"not_picked":["Sunder","Coolheaded"],"picked":"Sweeping Beam","floor":2},{"not_picked":["Barrage","Coolheaded"],"picked":"Undo","floor":3},{"not_picked":["Ball Lightning","Stack"],"picked":"Doom and Gloom","floor":5},{"not_picked":["Machine Learning","Hologram"],"picked":"Redo","floor":6},{"not_picked":["Gash","Turbo","Blizzard"],"picked":"SKIP","floor":11},{"not_picked":["Compile Driver","Hologram"],"picked":"Rebound","floor":13},{"not_picked":["Stack","Scrape"],"picked":"White Noise","floor":14},{"not_picked":["Biased Cognition","Fission"],"picked":"All For One","floor":16},{"not_picked":["Aggregate","Turbo+1"],"picked":"Loop+1","floor":18},{"not_picked":["Hologram","Streamline"],"picked":"Redo","floor":20},{"not_picked":["Genetic Algorithm","Electrodynamics"],"picked":"Loop","floor":22},{"not_picked":["Storm+1","Streamline"],"picked":"Leap+1","floor":24},{"not_picked":["Fission","Hyperbeam","Multi-Cast"],"picked":"Rainbow","floor":33},{"not_picked":["Turbo","Lockon","Chaos"],"picked":"Storm+1","floor":35},{"not_picked":["Hologram+1","Cold Snap","Go for the Eyes+1","Ball Lightning+1"],"picked":"SKIP","floor":37},{"not_picked":["Aggregate","Rip and Tear","Capacitor"],"picked":"Turbo","floor":45},{"not_picked":["Conserve Battery","Go for the Eyes+1","Streamline"],"picked":"Double Energy","floor":46},{"not_picked":["Coolheaded","Steam+1","Glacier+1"],"picked":"Conserve Battery","floor":48}],"player_experience":254205,"relics_obtained":[{"floor":6,"key":"Pocketwatch"},{"floor":9,"key":"Letter Opener"},{"floor":11,"key":"PreservedInsect"},{"floor":14,"key":"Ice Cream"},{"floor":24,"key":"Question Card"},{"floor":26,"key":"Oddly Smooth Stone"},{"floor":31,"key":"Potion Belt"},{"floor":43,"key":"Sundial"}],"event_choices":[{"damage_healed":0,"gold_gain":0,"player_choice":"Success","damage_taken":7,"relics_obtained":["Mercury Hourglass"],"max_hp_gain":0,"max_hp_loss":0,"event_name":"Scrap Ooze","floor":4,"gold_loss":0},{"cards_removed":["Defend_B"],"damage_healed":0,"gold_gain":0,"player_choice":"Purged","damage_taken":0,"max_hp_gain":0,"max_hp_loss":0,"event_name":"Purifier","floor":7,"gold_loss":0},{"damage_healed":0,"gold_gain":0,"player_choice":"Opened","damage_taken":0,"relics_obtained":["War Paint"],"max_hp_gain":0,"max_hp_loss":0,"event_name":"The Mausoleum","floor":19,"gold_loss":0,"cards_obtained":["Writhe"]},{"damage_healed":0,"gold_gain":0,"player_choice":"Ignored","damage_taken":0,"max_hp_gain":0,"max_hp_loss":0,"event_name":"Ghosts","floor":21,"gold_loss":0},{"damage_healed":0,"gold_gain":0,"player_choice":"Simplicity","damage_taken":0,"max_hp_gain":0,"max_hp_loss":0,"event_name":"Back to Basics","floor":27,"gold_loss":0,"cards_upgraded":["Strike_B","Strike_B","Strike_B","Strike_B","Defend_B","Defend_B","Defend_B"]},{"damage_healed":0,"gold_gain":0,"player_choice":"Paid Fearfully","damage_taken":0,"max_hp_gain":0,"max_hp_loss":0,"event_name":"Masked Bandits","floor":30,"gold_loss":95},{"cards_removed":["Redo"],"damage_healed":5,"gold_gain":0,"player_choice":"Offered Common","damage_taken":0,"max_hp_gain":0,"max_hp_loss":0,"event_name":"Bonfire Elementals","floor":36,"gold_loss":0},{"cards_removed":["Redo"],"damage_healed":5,"gold_gain":0,"player_choice":"Offered Special","damage_taken":0,"max_hp_gain":0,"max_hp_loss":0,"event_name":"Bonfire Elementals","floor":36,"gold_loss":0},{"damage_healed":0,"gold_gain":0,"player_choice":"Embrace Madness","damage_taken":11,"max_hp_gain":0,"max_hp_loss":0,"event_name":"Winding Halls","floor":42,"gold_loss":0,"cards_obtained":["Madness","Madness"]}],"is_beta":false,"boss_relics":[{"not_picked":["Tiny House","White Beast Statue"],"picked":"Lizard Tail"},{"not_picked":["Fusion Hammer","Sozu"],"picked":"Eternal Feather"}],"items_purged_floors":[25],"is_endless":false,"potions_floor_spawned":[3,5,6,11,24,45,48],"ascension_level":0}