{"gold_per_floor":[114,127,145,158,175,204,204,204,204,152,152,52,85,10,10,89,89,102,102,27,39,58,58,58,58,81,92,104,104,51,67,67,67],"floor_reached":33,"playtime":627,"items_purged":[],"score":654,"play_id":"120a6687-aaab-499c-a6d2-a1128319d814","local_time":"20190211010144","daily_mods":["Diverse"],"is_ascension_mode":true,"campfire_choices":[{"data":"Sword Boomerang","floor":7.0,"key":"SMITH"},{"data":"Backflip","floor":11.0,"key":"SMITH"},{"data":"Cloak And Dagger","floor":15.0,"key":"SMITH"},{"floor":25,"key":"REST"},{"floor":29,"key":"REST"},{"data":"Go for the Eyes","floor":32,"key":"SMITH"}],"neow_cost":"","seed_source_timestamp":0,"circlet_count":0,"master_deck":["AscendersBane","Strike_R","Strike_R","Strike_R","Strike_R","Strike_R","Defend_R","Defend_R","Defend_R","Bash","Clumsy","Writhe","PanicButton","Backflip+1","Sword Boomerang+1","Steam","Poisoned Stab","Poisoned Stab","Parasite","Riddle With Holes","Cloak And Dagger+1","Whirlwind","Juggernaut+1","Backstab","Clumsy","Fire Breathing+1","Finisher","Fiend Fire","Go for the Eyes+1","Shrug It Off","Metallicize+1"],"special_seed":0,"relics":["Burning Blood","PrismaticShard","Calling Bell","Du-Vu Doll","Frozen Egg 2","Boot","Red Skull","Kunai","Singing Bowl","Mark of Pain","Bag of Preparation"],"potions_floor_usage":[21,24],"damage_taken":[{"damage":1.0,"enemies":"Cultist","floor":1.0,"turns":3.0},{"damage":5.0,"enemies":"2 Louse","floor":2.0,"turns":3.0},{"damage":7.0,"enemies":"Small Slimes","floor":3.0,"turns":4.0},{"damage":19.0,"enemies":"Exordium Thugs","floor":4.0,"turns":3.0},{"damage":5.0,"enemies":"3 Louse","floor":5.0,"turns":3.0},{"damage":15.0,"enemies":"3 Sentries","floor":6.0,"turns":7.0},{"damage":5.0,"enemies":"Gremlin Nob","floor":13.0,"turns":3.0},{"damage":10.0,"enemies":"Slime Boss","floor":16.0,"turns":6.0},{"damage":34,"enemies":"3 Byrds","floor":18,"turns":5},{"damage":8,"enemies":"Shell Parasite","floor":21,"turns":2},{"damage":29,"enemies":"Shelled Parasite and Fungi","floor":22,"turns":4},{"damage":0,"enemies":"Book of Stabbing","floor":24,"turns":1},{"damage":0,"enemies":"Snecko","floor":27,"turns":2},{"damage":23,"enemies":"Centurion and Healer","floor":28,"turns":2},{"damage":0,"enemies":"Snake Plant","floor":31,"turns":2},{"damage":95,"enemies":"Automaton","floor":33,"turns":6}],"seed_played":"-3513495648161882025","potions_obtained":[{"floor":2.0,"key":"GamblersBrew"},{"floor":4.0,"key":"FearPotion"},{"floor":13.0,"key":"Swift Potion"},{"floor":22,"key":"SmokeBomb"}],"is_trial":true,"path_per_floor":["M","M","M","M","M","E","R","?","T","$","R","$","E","?","R","B",null,"M","?","?","M","M","?","E","R","T","M","M","R","$","M","R","B"],"character_chosen":"IRONCLAD","items_purchased":["Compile Driver","Riddle With Holes","Cloak And Dagger","Shrug It Off"],"campfire_rested":2,"item_purchase_floors":[10,12,12,30],"current_hp_per_floor":[73,74,73,60,61,52,52,70,70,70,70,70,71,71,71,67,73,45,45,45,43,22,22,28,51,51,57,40,63,63,69,69,0],"gold":67,"neow_bonus":"","is_prod":false,"is_daily":false,"chose_seed":false,"campfire_upgraded":4,"win_rate":0,"timestamp":1549814504,"path_taken":["M","M","M","M","M","E","R","?","T","$","R","$","E","?","R","BOSS","M","?","?","?","M","?","E","R","T","M","M","R","$","M","R","BOSS"],"build_version":"2019-01-23","purchased_purges":0,"victory":false,"max_hp_per_floor":[75,75,75,75,75,75,75,75,75,75,75,75,75,75,75,75,75,75,75,75,75,77,77,77,77,77,77,77,77,77,77,77,77],"card_choices":[{"not_picked":["Coolheaded","Dodge and Roll"],"picked":"PanicButton","floor":1.0},{"not_picked":["Flex","Cleave"],"picked":"Backflip","floor":2.0},{"not_picked":["Skim","Leap"],"picked":"Sword Boomerang","floor":3.0},{"not_picked":["True Grit","Clothesline"],"picked":"Steam","floor":4.0},{"not_picked":["Leap","Shrug It Off"],"picked":"Poisoned Stab","floor":5.0},{"not_picked":["Amplify","Prepared"],"picked":"Poisoned Stab","floor":6.0},{"not_picked":["Outmaneuver","Streamline"],"picked":"Whirlwind","floor":13.0},{"not_picked":["Biased Cognition+1","Double Tap"],"picked":"Juggernaut+1","floor":16.0},{"not_picked":["Reinforced Body","Burning Pact"],"picked":"Backstab","floor":18},{"not_picked":["Redo","Prepared"],"picked":"Finisher","floor":21},{"not_picked":["Fusion","Warcry","Armaments"],"picked":"Singing Bowl","floor":22},{"not_picked":["Dash","Wild Strike"],"picked":"Fiend Fire","floor":27},{"not_picked":["Conserve Battery+1","Madness"],"picked":"Go for the Eyes","floor":28},{"not_picked":["Reckless Charge","Compile Driver"],"picked":"Metallicize+1","floor":31}],"player_experience":4253516,"relics_obtained":[{"floor":0.0,"key":"Du-Vu Doll"},{"floor":0.0,"key":"Frozen Egg 2"},{"floor":0.0,"key":"Boot"},{"floor":6.0,"key":"Red Skull"},{"floor":9.0,"key":"Kunai"},{"floor":13.0,"key":"Singing Bowl"},{"floor":26,"key":"Bag of Preparation"}],"event_choices":[{"damage_healed":18.0,"max_hp_gain":0.0,"max_hp_loss":0.0,"gold_gain":0.0,"event_name":"Mushrooms","player_choice":"Healed and dodged fight","floor":8.0,"gold_loss":0.0,"damage_taken":0.0,"cards_obtained":["Parasite"]},{"cards_removed":["Defend_R"],"damage_healed":0.0,"max_hp_gain":0.0,"max_hp_loss":0.0,"gold_gain":0.0,"event_name":"The Cleric","player_choice":"Card Removal","floor":14.0,"gold_loss":75.0,"damage_taken":0.0},{"damage_healed":0,"gold_gain":0,"player_choice":"Ignored","damage_taken":0,"max_hp_gain":0,"max_hp_loss":0,"event_name":"Ghosts","floor":19,"gold_loss":0},{"damage_healed":0,"gold_gain":0,"cards_transformed":["Pain","Compile Driver"],"player_choice":"Transformed Cards","damage_taken":0,"max_hp_gain":0,"max_hp_loss":0,"event_name":"Designer","floor":20,"gold_loss":75,"cards_obtained":["Clumsy","Fire Breathing"]},{"damage_healed":0,"gold_gain":0,"player_choice":"Ignored","damage_taken":0,"max_hp_gain":0,"max_hp_loss":0,"event_name":"Beggar","floor":23,"gold_loss":0}],"is_beta":false,"boss_relics":[{"not_picked":["White Beast Statue","Ectoplasm"],"picked":"Mark of Pain"}],"items_purged_floors":[],"is_endless":false,"potions_floor_spawned":[2,4,13,22],"killed_by":"Automaton","ascension_level":20}