{"gold_per_floor":[17,31,44,58,388,420,442,442,442,484,500,500,525,555,555,739,739,761,779,301,318,337,375,375,389,487,487,525,539,20,20,20,204,204,222,222,238,30,50,82,101,101,147,195,209,223,237,286,300,314,328,342,26,60,60],"floor_reached":56,"playtime":1279,"items_purged":[],"score":600,"play_id":"62a40ee4-e84e-4762-984d-0ef903af28c7","local_time":"20190220000740","is_ascension_mode":true,"campfire_choices":[{"data":"1","floor":8,"key":"LIFT"},{"data":"Perfected Strike","floor":12,"key":"SMITH"},{"data":"2","floor":15,"key":"LIFT"},{"data":"3","floor":24,"key":"LIFT"},{"floor":27,"key":"RECALL"},{"data":"Perfected Strike","floor":32,"key":"SMITH"},{"floor":42,"key":"DIG"},{"floor":45,"key":"DIG"},{"floor":47,"key":"DIG"},{"floor":49,"key":"DIG"},{"floor":52,"key":"DIG"}],"neow_cost":"NO_GOLD","seed_source_timestamp":466836811196800,"circlet_count":0,"master_deck":["Strike_R+1","Strike_R+1","Strike_R+1","Strike_R+1","Strike_R+1","Defend_R+1","Defend_R+1","Defend_R+1","Defend_R+1","Bash+1","Perfected Strike+1","Impervious","Perfected Strike+1","Twin Strike","Regret","Pommel Strike+1","Pommel Strike","Double Tap+1","Pain","Parasite","Injury","Perfected Strike","Shrug It Off+1","Intimidate+1","Flex+1","Battle Trance+1","Twin Strike+1","Bloodletting+1","Flame Barrier+1","Power Through+1","Hemokinesis+1","Perfected Strike","Necronomicurse","Rupture","BootSequence","Seeing Red+1","Pommel Strike+1","Rupture+1","Seeing Red+1","Perfected Strike","Burning Pact+1","Burning Pact+1","Evolve+1","Perfected Strike+1","Rupture+1","Feel No Pain+1","Disarm+1","Shrug It Off+1","Shrug It Off+1","Second Wind+1"],"relics":["Burning Blood","Prayer Wheel","WingedGreaves","Girya","Blue Candle","The Courier","Red Skull","Kunai","Pear","Charon\u0027s Ashes","Calling Bell","Boot","Shuriken","Bird Faced Urn","Chemical X","FossilizedHelix","Bag of Preparation","Matryoshka","Ice Cream","Question Card","Red Mask","ClockworkSouvenir","Singing Bowl","Self Forming Clay","Necronomicon","Shovel","Cursed Key","Omamori","Happy Flower","Potion Belt","Regal Pillow","MawBank","Toxic Egg 2","Juzu Bracelet","Bronze Scales","Art of War","War Paint","Mummified Hand","Frozen Egg 2","Ornamental Fan","Pantograph","Cauldron","Lantern"],"potions_floor_usage":[4,6,14,18,29,53,55,55],"damage_taken":[{"damage":0,"enemies":"2 Louse","floor":1,"turns":2},{"damage":0,"enemies":"Cultist","floor":2,"turns":2},{"damage":0,"enemies":"Small Slimes","floor":3,"turns":2},{"damage":1,"enemies":"Blue Slaver","floor":4,"turns":2},{"damage":4,"enemies":"Lagavulin","floor":6,"turns":3},{"damage":0,"enemies":"Red Slaver","floor":7,"turns":1},{"damage":1,"enemies":"3 Sentries","floor":10,"turns":3},{"damage":0,"enemies":"2 Fungi Beasts","floor":11,"turns":2},{"damage":1,"enemies":"Looter","floor":13,"turns":2},{"damage":0,"enemies":"Lagavulin","floor":14,"turns":2},{"damage":1,"enemies":"The Guardian","floor":16,"turns":5},{"damage":8,"enemies":"2 Thieves","floor":18,"turns":2},{"damage":1,"enemies":"Chosen","floor":19,"turns":2},{"damage":1,"enemies":"Snecko","floor":21,"turns":2},{"damage":0,"enemies":"Snake Plant","floor":22,"turns":2},{"damage":6,"enemies":"Slavers","floor":23,"turns":3},{"damage":1,"enemies":"3 Cultists","floor":25,"turns":2},{"damage":0,"enemies":"Masked Bandits","floor":28,"turns":2},{"damage":0,"enemies":"Shelled Parasite and Fungi","floor":29,"turns":2},{"damage":0,"enemies":"Automaton","floor":33,"turns":2},{"damage":6,"enemies":"3 Darklings","floor":35,"turns":2},{"damage":2,"enemies":"3 Shapes","floor":37,"turns":2},{"damage":0,"enemies":"Spire Growth","floor":39,"turns":2},{"damage":3,"enemies":"Reptomancer","floor":40,"turns":1},{"damage":3,"enemies":"Jaw Worm Horde","floor":41,"turns":2},{"damage":9,"enemies":"Nemesis","floor":44,"turns":3},{"damage":0,"enemies":"Giant Head","floor":48,"turns":2},{"damage":71,"enemies":"Awakened One","floor":50,"turns":3},{"damage":0,"enemies":"Shield and Spear","floor":54,"turns":2},{"damage":58,"enemies":"The Heart","floor":55,"turns":3}],"seed_played":"-683932854749461706","potions_obtained":[{"floor":1,"key":"Block Potion"},{"floor":1,"key":"Poison Potion"},{"floor":2,"key":"SkillPotion"},{"floor":4,"key":"Fire Potion"},{"floor":6,"key":"LiquidBronze"},{"floor":10,"key":"Energy Potion"},{"floor":14,"key":"Weak Potion"},{"floor":18,"key":"LiquidBronze"},{"floor":28,"key":"Weak Potion"},{"floor":28,"key":"FearPotion"},{"floor":29,"key":"BloodPotion"},{"floor":39,"key":"Regen Potion"},{"floor":40,"key":"AttackPotion"},{"floor":53,"key":"Fruit Juice"},{"floor":53,"key":"Dexterity Potion"},{"floor":53,"key":"Energy Potion"},{"floor":53,"key":"Swift Potion"}],"is_trial":false,"path_per_floor":["M","M","M","M","?","E","M","R","T","E","M","R","M","E","R","B",null,"M","M","$","M","M","E","R","M","T","R","?","M","$","?","R","B",null,"M","?","M","$","M","E","M","R","T","E","R","?","R","E","R","B",null,"R","$","E","B",null],"character_chosen":"IRONCLAD","items_purchased":["Chemical X","FossilizedHelix","Bag of Preparation","ClockworkSouvenir","Perfected Strike","Singing Bowl","Self Forming Clay","Omamori","Happy Flower","Rupture+1","Feel No Pain+1","Cauldron","Disarm+1","Shrug It Off+1","Shrug It Off+1"],"campfire_rested":0,"item_purchase_floors":[20,20,20,30,30,30,30,38,38,53,53,53,53,53,53],"current_hp_per_floor":[85,85,85,85,85,85,85,85,85,85,85,85,85,95,95,100,100,100,100,100,100,100,100,100,100,100,100,100,100,100,84,84,102,107,109,109,111,111,113,113,115,115,115,117,117,117,117,117,117,61,122,122,127,129,86],"gold":60,"neow_bonus":"ONE_RARE_RELIC","is_prod":false,"is_daily":false,"chose_seed":false,"campfire_upgraded":2,"win_rate":0,"timestamp":1550588860,"path_taken":["M","M","M","M","?","E","M","R","T","E","M","R","M","E","R","BOSS","M","M","$","M","M","E","R","M","T","R","?","M","$","?","R","BOSS","M","?","M","$","M","E","M","R","T","E","R","?","R","E","R","BOSS","R","$","E","BOSS"],"build_version":"2019-01-23","purchased_purges":0,"victory":true,"max_hp_per_floor":[85,85,85,85,85,85,85,85,85,85,85,85,85,95,95,100,100,100,100,100,100,100,100,100,100,100,100,100,100,100,100,100,107,107,109,109,111,111,113,113,115,115,115,117,117,117,117,117,117,122,122,122,127,129,134],"card_choices":[{"not_picked":["Thunderclap+1","Sword Boomerang+1","Heavy Blade"],"picked":"SKIP","floor":1},{"not_picked":["Armaments+1","Iron Wave","Thunderclap"],"picked":"SKIP","floor":1},{"not_picked":["Thunderclap","Sentinel"],"picked":"Perfected Strike","floor":2},{"not_picked":["Searing Blow","Blood for Blood"],"picked":"Impervious","floor":2},{"not_picked":["Dropkick","Power Through","Ghostly Armor"],"picked":"SKIP","floor":3},{"not_picked":["Infernal Blade","Seeing Red","Clothesline"],"picked":"SKIP","floor":3},{"not_picked":["Burning Pact","Heavy Blade"],"picked":"Perfected Strike","floor":4},{"not_picked":["Thunderclap+1","Feel No Pain+1"],"picked":"Twin Strike","floor":4},{"not_picked":["Sword Boomerang","Rupture+1"],"picked":"Pommel Strike+1","floor":6},{"not_picked":["Burning Pact","Sword Boomerang","Anger"],"picked":"SKIP","floor":6},{"not_picked":["Armaments","Wild Strike"],"picked":"Pommel Strike","floor":7},{"not_picked":["Warcry","Berserk","Cleave+1"],"picked":"SKIP","floor":7},{"not_picked":["Wild Strike","Warcry","Evolve"],"picked":"SKIP","floor":10},{"not_picked":["Barricade","Heavy Blade","Iron Wave"],"picked":"SKIP","floor":10},{"not_picked":["Metallicize","Warcry","Uppercut"],"picked":"SKIP","floor":11},{"not_picked":["Shockwave","Iron Wave+1","Havoc"],"picked":"SKIP","floor":11},{"not_picked":["Sword Boomerang","Clash"],"picked":"Dual Wield+1","floor":13},{"not_picked":["Cleave+1","Iron Wave"],"picked":"Headbutt+1","floor":13},{"not_picked":["Whirlwind+1","Burning Pact"],"picked":"Double Tap","floor":14},{"not_picked":["Armaments","Thunderclap","Body Slam"],"picked":"SKIP","floor":14},{"not_picked":["Thunderclap","Body Slam+1","Heavy Blade"],"picked":"SKIP","floor":18},{"not_picked":["Entrench+1","Headbutt","Havoc"],"picked":"SKIP","floor":18},{"not_picked":["Combust","Headbutt"],"picked":"Perfected Strike","floor":19},{"not_picked":["Impervious","Iron Wave+1"],"picked":"Shrug It Off+1","floor":19},{"not_picked":["Bloodletting+1","Clash+1"],"picked":"Intimidate+1","floor":21},{"not_picked":["Dual Wield","Shrug It Off","Armaments+1"],"picked":"SKIP","floor":21},{"not_picked":["Shockwave","Headbutt"],"picked":"Flex+1","floor":22},{"not_picked":["Feel No Pain","Flame Barrier","Combust"],"picked":"SKIP","floor":22},{"not_picked":["Sentinel+1","Reckless Charge"],"picked":"Battle Trance","floor":23},{"not_picked":["Feed","Shrug It Off","Warcry"],"picked":"SKIP","floor":23},{"not_picked":["Iron Wave+1","Blood for Blood"],"picked":"Twin Strike+1","floor":25},{"not_picked":["Sword Boomerang","Metallicize+1"],"picked":"Bloodletting+1","floor":25},{"not_picked":["Evolve+1","Clash","Headbutt+1"],"picked":"Flame Barrier+1","floor":28},{"not_picked":["Intimidate","Anger+1","Searing Blow"],"picked":"Power Through+1","floor":29},{"not_picked":["Dual Wield","Cleave","Thunderclap"],"picked":"Hemokinesis+1","floor":29},{"not_picked":["Exhume","Juggernaut","Barricade","Double Tap"],"picked":"Singing Bowl","floor":33},{"not_picked":["Carnage+1","Clothesline+1","Anger+1","Twin Strike+1"],"picked":"Singing Bowl","floor":35},{"not_picked":["Thunderclap+1","Sever Soul+1","Clash"],"picked":"Rupture","floor":35},{"not_picked":["Uppercut+1","Twin Strike","Body Slam+1"],"picked":"Seeing Red+1","floor":37},{"not_picked":["True Grit+1","Iron Wave+1","Cleave+1","Reckless Charge+1"],"picked":"Singing Bowl","floor":37},{"not_picked":["Seeing Red","Second Wind+1","Cleave+1"],"picked":"Pommel Strike+1","floor":39},{"not_picked":["Iron Wave+1","Rage+1","Anger+1","Ghostly Armor+1"],"picked":"Singing Bowl","floor":39},{"not_picked":["Exhume","Warcry+1","Wild Strike+1"],"picked":"Rupture+1","floor":40},{"not_picked":["Barricade","Power Through+1","Reckless Charge+1"],"picked":"Seeing Red+1","floor":40},{"not_picked":["Clothesline+1","Entrench","Cleave+1","Heavy Blade+1"],"picked":"Singing Bowl","floor":41},{"not_picked":["Warcry+1","Body Slam+1","Armaments+1"],"picked":"Perfected Strike","floor":41},{"not_picked":["Headbutt","Shrug It Off+1","Intimidate+1","Iron Wave+1"],"picked":"Singing Bowl","floor":44},{"not_picked":["Flame Barrier+1","Body Slam+1","Combust"],"picked":"Burning Pact+1","floor":44},{"not_picked":["Clash+1","Perfected Strike","Shockwave+1"],"picked":"Evolve+1","floor":48},{"not_picked":["Limit Break+1","Reaper","Pommel Strike+1"],"picked":"Perfected Strike+1","floor":48},{"not_picked":["Blood for Blood+1","Rage+1","Iron Wave","Flex+1"],"picked":"Singing Bowl","floor":54},{"not_picked":["Spot Weakness+1","Havoc+1","Iron Wave"],"picked":"Second Wind+1","floor":54}],"player_experience":4345772,"relics_obtained":[{"floor":6,"key":"WingedGreaves"},{"floor":7,"key":"Girya"},{"floor":9,"key":"Blue Candle"},{"floor":9,"key":"The Courier"},{"floor":10,"key":"Red Skull"},{"floor":11,"key":"Kunai"},{"floor":14,"key":"Pear"},{"floor":16,"key":"Charon\u0027s Ashes"},{"floor":17,"key":"Boot"},{"floor":17,"key":"Shuriken"},{"floor":17,"key":"Bird Faced Urn"},{"floor":23,"key":"Matryoshka"},{"floor":26,"key":"Ice Cream"},{"floor":26,"key":"Question Card"},{"floor":28,"key":"Red Mask"},{"floor":31,"key":"Necronomicon"},{"floor":33,"key":"Shovel"},{"floor":39,"key":"Potion Belt"},{"floor":40,"key":"Regal Pillow"},{"floor":42,"key":"MawBank"},{"floor":43,"key":"Toxic Egg 2"},{"floor":43,"key":"Juzu Bracelet"},{"floor":43,"key":"Bronze Scales"},{"floor":44,"key":"Art of War"},{"floor":45,"key":"War Paint"},{"floor":47,"key":"Mummified Hand"},{"floor":48,"key":"Frozen Egg 2"},{"floor":49,"key":"Ornamental Fan"},{"floor":52,"key":"Pantograph"},{"floor":54,"key":"Lantern"}],"event_choices":[{"damage_healed":0,"gold_gain":275,"player_choice":"Desecrate","damage_taken":0,"max_hp_gain":0,"max_hp_loss":0,"event_name":"Golden Shrine","floor":5,"gold_loss":0,"cards_obtained":["Regret"]},{"damage_healed":0,"gold_gain":0,"player_choice":"Fought Bandits","damage_taken":0,"max_hp_gain":0,"max_hp_loss":0,"event_name":"Masked Bandits","floor":28,"gold_loss":0},{"damage_healed":0,"gold_gain":0,"player_choice":"Obtained Book","damage_taken":16,"max_hp_gain":0,"max_hp_loss":0,"event_name":"Cursed Tome","floor":31,"gold_loss":0},{"cards_removed":["Dual Wield"],"damage_healed":0,"gold_gain":0,"player_choice":"Took Card","damage_taken":0,"max_hp_gain":0,"max_hp_loss":0,"event_name":"NoteForYourself","floor":36,"gold_loss":0,"cards_obtained":["BootSequence"]},{"damage_healed":0,"gold_gain":0,"cards_transformed":["Headbutt"],"player_choice":"Transformed","damage_taken":0,"max_hp_gain":0,"max_hp_loss":0,"event_name":"Transmorgrifier","floor":46,"gold_loss":0,"cards_obtained":["Burning Pact"]}],"is_beta":false,"boss_relics":[{"not_picked":["Runic Dome","Eternal Feather"],"picked":"Calling Bell"},{"not_picked":["Busted Crown","Philosopher\u0027s Stone"],"picked":"Cursed Key"}],"items_purged_floors":[],"is_endless":false,"potions_floor_spawned":[1,3,7,13,16,21,22,28,29,37],"ascension_level":-20}