{"gold_per_floor":[118,193,204,40,59,87,87,100,151,186,17,17,46,64,64,135,135,145,160,179,179,192,192,36,69,96,96,96,110,110,123,123,123],"floor_reached":33,"playtime":1400,"items_purged":["Strike_B","Decay"],"score":674,"play_id":"4dce0ad6-dc65-4708-af95-fc48600dbb5f","local_time":"20190212002612","is_ascension_mode":true,"campfire_choices":[{"floor":7,"key":"REST"},{"floor":12,"key":"REST"},{"data":"Beam Cell","floor":15,"key":"SMITH"},{"data":"Consume","floor":23,"key":"SMITH"},{"floor":27,"key":"REST"},{"floor":30,"key":"REST"},{"floor":32,"key":"REST"}],"neow_cost":"NONE","seed_source_timestamp":1055991621029000,"circlet_count":0,"master_deck":["AscendersBane","Zap+1","Dualcast","Beam Cell+1","Rebound","Swift Strike","Compile Driver","Reboot","Leap","Leap","Cold Snap","Undo","Core Surge","Static Discharge","Consume+1","BootSequence","White Noise","Force Field","Redo","Seek","Streamline+1","Turbo","White Noise","Cold Snap","Doom and Gloom","FTL"],"relics":["Cracked Core","Dodecahedron","Bronze Scales","Bag of Marbles","DataDisk","Art of War","Shuriken","PreservedInsect","Nloth\u0027s Gift"],"potions_floor_usage":[10,16,19,20,25,31],"damage_taken":[{"damage":9,"enemies":"Jaw Worm","floor":1,"turns":4},{"damage":2,"enemies":"2 Louse","floor":3,"turns":3},{"damage":0,"enemies":"Cultist","floor":5,"turns":2},{"damage":20,"enemies":"3 Sentries","floor":6,"turns":6},{"damage":5,"enemies":"3 Louse","floor":8,"turns":4},{"damage":8,"enemies":"Gremlin Nob","floor":10,"turns":3},{"damage":11,"enemies":"Lagavulin","floor":13,"turns":7},{"damage":7,"enemies":"Lots of Slimes","floor":14,"turns":3},{"damage":0,"enemies":"The Guardian","floor":16,"turns":9},{"damage":0,"enemies":"Spheric Guardian","floor":18,"turns":4},{"damage":0,"enemies":"Chosen","floor":19,"turns":4},{"damage":0,"enemies":"Snecko","floor":20,"turns":4},{"damage":8,"enemies":"Chosen and Byrds","floor":22,"turns":2},{"damage":32,"enemies":"Slavers","floor":25,"turns":4},{"damage":5,"enemies":"Sentry and Sphere","floor":29,"turns":5},{"damage":18,"enemies":"Snecko","floor":31,"turns":5},{"damage":76,"enemies":"Collector","floor":33,"turns":8}],"seed_played":"2188491349649847413","potions_obtained":[{"floor":5,"key":"FocusPotion"},{"floor":6,"key":"FearPotion"},{"floor":13,"key":"Poison Potion"},{"floor":14,"key":"Energy Potion"},{"floor":16,"key":"Poison Potion"},{"floor":18,"key":"Ancient Potion"},{"floor":22,"key":"LiquidBronze"},{"floor":29,"key":"SneckoOil"}],"is_trial":false,"path_per_floor":["M","?","M","$","M","E","R","M","T","E","$","R","E","M","R","B",null,"M","M","M","?","M","R","$","E","T","R","?","M","R","M","R","B"],"character_chosen":"DEFECT","items_purchased":["Swift Strike","DataDisk","SteroidPotion"],"campfire_rested":5,"item_purchase_floors":[4,11,24],"current_hp_per_floor":[55,44,42,42,42,22,43,38,38,30,30,51,40,33,33,33,62,62,62,62,62,54,54,54,22,22,43,43,38,59,41,62,0],"gold":123,"neow_bonus":"UPGRADE_CARD","is_prod":false,"is_daily":false,"chose_seed":false,"campfire_upgraded":2,"win_rate":0,"timestamp":1549898772,"path_taken":["M","?","M","$","M","E","R","M","T","E","$","R","E","M","R","BOSS","M","M","M","?","?","R","$","E","T","R","?","?","R","M","R","BOSS"],"build_version":"2019-01-23","purchased_purges":2,"victory":false,"max_hp_per_floor":[71,71,71,71,71,71,71,71,71,71,71,71,71,71,71,71,71,71,71,71,71,71,71,71,71,71,71,71,71,71,71,71,71],"card_choices":[{"not_picked":["Coolheaded","Go for the Eyes"],"picked":"Beam Cell","floor":1},{"not_picked":["Skim","Turbo"],"picked":"Rebound","floor":3},{"not_picked":["Conserve Battery","Sweeping Beam"],"picked":"Compile Driver","floor":5},{"not_picked":["Aggregate","Defragment"],"picked":"Reboot","floor":6},{"not_picked":["Gash","Blizzard"],"picked":"Leap","floor":8},{"not_picked":["Sweeping Beam","Barrage"],"picked":"Leap","floor":10},{"not_picked":["Machine Learning","Ball Lightning"],"picked":"Cold Snap","floor":13},{"not_picked":["Scrape","Leap"],"picked":"Undo","floor":14},{"not_picked":["Buffer","Rainbow"],"picked":"Core Surge","floor":16},{"not_picked":["Sweeping Beam","Conserve Battery"],"picked":"Streamline+1","floor":18},{"not_picked":["Sweeping Beam","Go for the Eyes"],"picked":"Turbo","floor":19},{"not_picked":["Streamline","Turbo"],"picked":"White Noise","floor":20},{"not_picked":["Turbo","Go for the Eyes"],"picked":"Cold Snap","floor":22},{"not_picked":["Rebound","Stack","Hello World+1"],"picked":"SKIP","floor":25},{"not_picked":["Go for the Eyes","Compile Driver"],"picked":"Doom and Gloom","floor":29},{"not_picked":["Glacier","Stack"],"picked":"FTL","floor":31}],"player_experience":4260895,"relics_obtained":[{"floor":6,"key":"Dodecahedron"},{"floor":9,"key":"Bronze Scales"},{"floor":10,"key":"Bag of Marbles"},{"floor":13,"key":"Art of War"},{"floor":25,"key":"Shuriken"},{"floor":26,"key":"PreservedInsect"}],"event_choices":[{"damage_healed":0,"gold_gain":75,"player_choice":"Gather Gold","damage_taken":11,"max_hp_gain":0,"max_hp_loss":0,"event_name":"World of Goop","floor":2,"gold_loss":0},{"damage_healed":0,"gold_gain":0,"player_choice":"Cursed","damage_taken":0,"max_hp_gain":0,"max_hp_loss":0,"event_name":"Wheel of Change","floor":21,"gold_loss":0,"cards_obtained":["Decay"]},{"damage_healed":0,"gold_gain":0,"player_choice":"Traded Relic","damage_taken":0,"relics_obtained":["Nloth\u0027s Gift"],"max_hp_gain":0,"max_hp_loss":0,"event_name":"N\u0027loth","floor":28,"relics_lost":["Pandora\u0027s Box"],"gold_loss":0}],"is_beta":false,"boss_relics":[{"not_picked":["Runic Dome","Fusion Hammer"],"picked":"Pandora\u0027s Box"}],"items_purged_floors":[4,24],"is_endless":false,"potions_floor_spawned":[5,6,13,14,16,18,22,29],"killed_by":"Collector","ascension_level":20}