{"gold_per_floor":[114,39,114,114,133,173,192,231,310,335,8,49,65,78,78,198,198,221,45,70,70,70,88,163,201,201,219,68,68,84,108,108,108],"floor_reached":33,"playtime":3584,"items_purged":["Strike_R","Injury","Strike_R"],"score":314,"play_id":"659f8dd3-d1d4-4507-8a77-db38e3efb6c4","local_time":"20190212221451","is_ascension_mode":false,"campfire_choices":[{"data":"Armaments","floor":15.0,"key":"SMITH"},{"floor":29,"key":"REST"},{"floor":32,"key":"REST"}],"neow_cost":"NONE","seed_source_timestamp":0,"circlet_count":0,"master_deck":["Strike_R","Strike_R","Strike_R","Defend_R","Defend_R","Defend_R","Defend_R","Bash","Iron Wave","Pommel Strike","Battle Trance","Seeing Red","Whirlwind","Barricade","Armaments+1","Entrench","Fiend Fire","Shrug It Off","Juggernaut","True Grit","Shockwave","Limit Break","Shrug It Off+1"],"special_seed":0,"relics":["Burning Blood","NeowsBlessing","Golden Idol","Magic Flower","Bag of Preparation","Letter Opener","Calipers","Mark of Pain","Pen Nib","Red Skull"],"potions_floor_usage":[],"damage_taken":[{"damage":0.0,"enemies":"Cultist","floor":1.0,"turns":1.0},{"damage":0.0,"enemies":"2 Louse","floor":5.0,"turns":1.0},{"damage":0.0,"enemies":"3 Sentries","floor":6.0,"turns":1.0},{"damage":5.0,"enemies":"Small Slimes","floor":7.0,"turns":3.0},{"damage":36.0,"enemies":"Lagavulin","floor":8.0,"turns":8.0},{"damage":4.0,"enemies":"Exordium Wildlife","floor":10.0,"turns":4.0},{"damage":33.0,"enemies":"Gremlin Nob","floor":12.0,"turns":5.0},{"damage":11.0,"enemies":"Gremlin Gang","floor":13.0,"turns":2.0},{"damage":11.0,"enemies":"Large Slime","floor":14.0,"turns":7.0},{"damage":9.0,"enemies":"Hexaghost","floor":16.0,"turns":23.0},{"damage":10,"enemies":"2 Thieves","floor":18,"turns":4},{"damage":16,"enemies":"Spheric Guardian","floor":20,"turns":5},{"damage":2,"enemies":"Centurion and Healer","floor":23,"turns":9},{"damage":54,"enemies":"Slavers","floor":25,"turns":8},{"damage":0,"enemies":"Snecko","floor":27,"turns":6},{"damage":18,"enemies":"Snake Plant","floor":30,"turns":5},{"damage":26,"enemies":"Centurion and Healer","floor":31,"turns":10},{"damage":60,"enemies":"Collector","floor":33,"turns":5}],"seed_played":"-8061017904661510736","potions_obtained":[{"floor":6.0,"key":"SpeedPotion"},{"floor":7.0,"key":"GamblersBrew"},{"floor":8.0,"key":"Regen Potion"},{"floor":16.0,"key":"Ancient Potion"},{"floor":25,"key":"EssenceOfSteel"},{"floor":31,"key":"LiquidBronze"}],"is_trial":false,"path_per_floor":["M","$","?","?","M","E","M","E","T","M","$","E","M","M","R","B",null,"M","$","M","?","?","M","?","E","T","M","$","R","M","M","R","B"],"character_chosen":"IRONCLAD","items_purchased":["Barricade","Armaments","Entrench","True Grit","Shockwave","Limit Break"],"campfire_rested":2,"item_purchase_floors":[11,11,11,19,28,28],"current_hp_per_floor":[80,80,69,69,75,80,80,53,53,58,58,48,46,44,44,44,80,79,79,72,72,56,63,55,10,10,19,19,43,34,17,41,0],"gold":108,"neow_bonus":"THREE_ENEMY_KILL","is_prod":false,"is_daily":false,"chose_seed":false,"campfire_upgraded":1,"win_rate":1,"timestamp":1549977291,"path_taken":["M","?","?","?","?","E","?","E","T","M","$","E","M","M","R","BOSS","M","$","M","?","?","M","?","E","T","M","$","R","?","M","R","BOSS"],"build_version":"2019-01-23","purchased_purges":3,"victory":false,"max_hp_per_floor":[80,80,80,80,80,80,80,80,80,80,80,80,80,80,80,80,80,80,80,80,80,80,80,80,80,80,80,80,80,80,80,80,80],"card_choices":[{"not_picked":["Cleave","Sword Boomerang"],"picked":"Iron Wave","floor":1.0},{"not_picked":["Iron Wave","Dual Wield"],"picked":"Pommel Strike","floor":5.0},{"not_picked":["Headbutt","Sever Soul"],"picked":"Battle Trance","floor":6.0},{"not_picked":["Uppercut","Twin Strike"],"picked":"Seeing Red","floor":7.0},{"not_picked":["Cleave","Iron Wave","Thunderclap"],"picked":"SKIP","floor":8.0},{"not_picked":["Iron Wave","Body Slam"],"picked":"Whirlwind","floor":10.0},{"not_picked":["Clothesline","Rage","Disarm"],"picked":"SKIP","floor":12.0},{"not_picked":["Pommel Strike","Iron Wave"],"picked":"Fiend Fire","floor":13.0},{"not_picked":["Sword Boomerang","Twin Strike"],"picked":"Shrug It Off","floor":14.0},{"not_picked":["Brutality","Offering"],"picked":"Juggernaut","floor":16.0},{"not_picked":["Pommel Strike+1","Cleave+1","Hemokinesis"],"picked":"SKIP","floor":18},{"not_picked":["Perfected Strike","Sword Boomerang","Iron Wave"],"picked":"SKIP","floor":20},{"not_picked":["Shrug It Off","Rage+1","Cleave"],"picked":"SKIP","floor":23},{"not_picked":["Pummel","Armaments","Rupture"],"picked":"SKIP","floor":25},{"not_picked":["Pummel","Armaments","Rupture"],"picked":"SKIP","floor":25},{"not_picked":["Perfected Strike","Clash","Twin Strike"],"picked":"SKIP","floor":27},{"not_picked":["Perfected Strike+1","Thunderclap","Sword Boomerang+1"],"picked":"SKIP","floor":30},{"not_picked":["Warcry","Cleave+1"],"picked":"Shrug It Off+1","floor":31}],"player_experience":52562,"relics_obtained":[{"floor":6.0,"key":"Magic Flower"},{"floor":8.0,"key":"Bag of Preparation"},{"floor":9.0,"key":"Letter Opener"},{"floor":12.0,"key":"Calipers"},{"floor":25,"key":"Pen Nib"},{"floor":26,"key":"Red Skull"}],"event_choices":[{"damage_healed":0.0,"max_hp_gain":0.0,"max_hp_loss":0.0,"gold_gain":75.0,"event_name":"World of Goop","player_choice":"Gather Gold","floor":3.0,"gold_loss":0.0,"damage_taken":11.0},{"damage_healed":0.0,"max_hp_gain":0.0,"max_hp_loss":0.0,"gold_gain":0.0,"event_name":"Golden Idol","player_choice":"Take Wound","floor":4.0,"gold_loss":0.0,"damage_taken":0.0,"relics_obtained":["Golden Idol"],"cards_obtained":["Injury"]},{"damage_healed":0,"gold_gain":0,"player_choice":"Obtained Book","damage_taken":16,"max_hp_gain":0,"max_hp_loss":0,"event_name":"Cursed Tome","floor":22,"gold_loss":0},{"damage_healed":0,"gold_gain":75,"player_choice":"Touch","damage_taken":8,"max_hp_gain":0,"max_hp_loss":0,"event_name":"FaceTrader","floor":24,"gold_loss":0}],"is_beta":false,"boss_relics":[{"not_picked":["Tiny House","Astrolabe"],"picked":"Mark of Pain"}],"items_purged_floors":[2,11,19],"is_endless":false,"potions_floor_spawned":[6,7,8,16,25,31],"killed_by":"Collector","ascension_level":0}