{"gold_per_floor":[109,109,123,48,62,62,80,107,131,131,131,131,131,141,141,212,262,282,103,114,126,126],"floor_reached":22,"playtime":689,"items_purged":["Strike_R","Strike_R"],"score":372,"play_id":"01cb2395-e9ca-463d-85e1-47cf966d0a8f","local_time":"20190212031905","is_ascension_mode":true,"campfire_choices":[{"data":"Armaments","floor":6,"key":"SMITH"},{"floor":12,"key":"REST"},{"floor":15,"key":"REST"}],"neow_cost":"NONE","seed_source_timestamp":1067077153375200,"circlet_count":0,"master_deck":["AscendersBane","Strike_R","Strike_R","Strike_R","Defend_R+1","Defend_R","Defend_R","Defend_R","Bash","Juggernaut","Iron Wave","True Grit","Armaments+1","Rage","Evolve","Ghostly Armor","Havoc+1","Power Through"],"relics":["Burning Blood","Bronze Scales","PreservedInsect","Question Card","FaceOfCleric","Tiny House"],"potions_floor_usage":[16,22,22],"damage_taken":[{"damage":7,"enemies":"2 Louse","floor":1,"turns":3},{"damage":7,"enemies":"Cultist","floor":3,"turns":4},{"damage":7,"enemies":"Jaw Worm","floor":5,"turns":5},{"damage":4,"enemies":"3 Louse","floor":7,"turns":4},{"damage":48,"enemies":"3 Sentries","floor":8,"turns":10},{"damage":16,"enemies":"Lots of Slimes","floor":14,"turns":3},{"damage":23,"enemies":"Slime Boss","floor":16,"turns":8},{"damage":29,"enemies":"Spheric Guardian","floor":18,"turns":6},{"damage":1,"enemies":"3 Byrds","floor":20,"turns":4},{"damage":42,"enemies":"Sentry and Sphere","floor":21,"turns":9},{"damage":25,"enemies":"3 Cultists","floor":22,"turns":4}],"seed_played":"7523122665004616663","potions_obtained":[{"floor":1,"key":"PowerPotion"},{"floor":16,"key":"EssenceOfSteel"},{"floor":17,"key":"Poison Potion"},{"floor":20,"key":"Weak Potion"}],"is_trial":false,"path_per_floor":["M","?","M","$","M","R","M","E","T","T","?","R","?","M","R","B",null,"M","$","M","M","M"],"character_chosen":"IRONCLAD","items_purchased":["Ghostly Armor"],"campfire_rested":2,"item_purchase_floors":[19],"current_hp_per_floor":[67,56,55,55,54,54,56,14,14,14,14,36,36,27,49,33,71,49,49,55,20,0],"gold":126,"neow_bonus":"ONE_RANDOM_RARE_CARD","is_prod":false,"is_daily":false,"chose_seed":false,"campfire_upgraded":1,"win_rate":0,"timestamp":1549909145,"path_taken":["M","?","M","?","M","R","M","E","T","?","?","R","?","M","R","BOSS","M","$","M","M","M"],"build_version":"2019-01-23","purchased_purges":2,"victory":false,"max_hp_per_floor":[75,75,75,75,75,75,75,75,75,75,75,75,75,76,76,77,82,83,83,84,85,85],"card_choices":[{"not_picked":["Intimidate","Body Slam"],"picked":"Iron Wave","floor":1},{"not_picked":["Clothesline","Thunderclap"],"picked":"True Grit","floor":3},{"not_picked":["Havoc","Seeing Red"],"picked":"Armaments","floor":5},{"not_picked":["Twin Strike","Cleave"],"picked":"Rage","floor":7},{"not_picked":["Combust","Cleave","Bludgeon"],"picked":"SKIP","floor":8},{"not_picked":["Rupture","Power Through","Sever Soul"],"picked":"Evolve","floor":14},{"not_picked":["Dropkick","Clothesline+1","Pommel Strike","Anger"],"picked":"SKIP","floor":18},{"not_picked":["Pommel Strike","Entrench","Armaments+1"],"picked":"Havoc+1","floor":20},{"not_picked":["Perfected Strike","Whirlwind+1","Armaments"],"picked":"Power Through","floor":21}],"player_experience":4271034,"relics_obtained":[{"floor":8,"key":"Bronze Scales"},{"floor":9,"key":"PreservedInsect"},{"floor":10,"key":"Question Card"}],"event_choices":[{"damage_healed":0,"gold_gain":0,"player_choice":"Damaged","damage_taken":11,"max_hp_gain":0,"max_hp_loss":0,"event_name":"Wheel of Change","floor":2,"gold_loss":0},{"damage_healed":0,"gold_gain":0,"player_choice":"Ignored","damage_taken":0,"max_hp_gain":0,"max_hp_loss":0,"event_name":"Shining Light","floor":11,"gold_loss":0},{"damage_healed":0,"gold_gain":0,"player_choice":"Trade","damage_taken":0,"relics_obtained":["FaceOfCleric"],"max_hp_gain":0,"max_hp_loss":0,"event_name":"FaceTrader","floor":13,"gold_loss":0}],"is_beta":false,"boss_relics":[{"not_picked":["Ectoplasm","Eternal Feather"],"picked":"Tiny House"}],"items_purged_floors":[4,19],"is_endless":false,"potions_floor_spawned":[1,16,20],"killed_by":"3 Cultists","ascension_level":20}