{"gold_per_floor":[111,122,132,19,35,35,61,61,61,92,92,92,102,114,114,213,213,226,74,87,18,18,18,30,30,53,152,152,164,194,205,205,308,308,320,339,339,354,354,387,387,48,48,66,66,95,95,106,106,106],"floor_reached":51,"playtime":4790,"items_purged":["Strike_R"],"score":1211,"play_id":"efccc09f-e581-4ca3-826a-f5306fd1d792","local_time":"20190222134439","is_ascension_mode":true,"campfire_choices":[{"data":"Body Slam","floor":6.0,"key":"SMITH"},{"data":"Second Wind","floor":8.0,"key":"SMITH"},{"floor":12.0,"key":"REST"},{"data":"Power Through","floor":15.0,"key":"SMITH"},{"data":"Reaper","floor":23.0,"key":"SMITH"},{"data":"Inflame","floor":25.0,"key":"SMITH"},{"data":"Shrug It Off","floor":32.0,"key":"SMITH"},{"floor":41.0,"key":"REST"},{"data":"Feel No Pain","floor":45.0,"key":"SMITH"},{"data":"Spot Weakness","floor":47,"key":"SMITH"},{"data":"Burning Pact","floor":49,"key":"SMITH"}],"neow_cost":"NONE","seed_source_timestamp":0,"circlet_count":0,"master_deck":["Strike_R","Strike_R+1","Defend_R","Defend_R","Defend_R","Defend_R","Bash+1","Wild Strike","Inflame+1","Power Through+1","Second Wind+1","Burning Pact+1","Body Slam+1","Reaper+1","Shrug It Off+1","Evolve","Warcry+1","Feel No Pain+1","Seeing Red+1","Ghostly Armor","Juggernaut+1","Wild Strike+1","Metallicize","Spot Weakness+1","Feel No Pain+1"],"special_seed":0,"relics":["Velvet Choker","Gremlin Horn","Singing Bowl","Whetstone","Runic Cube","Bag of Marbles","Kunai","Sozu","Oddly Smooth Stone","Anchor","Bronze Scales","Frozen Egg 2","Omamori"],"potions_floor_usage":[],"damage_taken":[{"damage":1.0,"enemies":"Cultist","floor":1.0,"turns":3.0},{"damage":0.0,"enemies":"2 Louse","floor":2.0,"turns":2.0},{"damage":5.0,"enemies":"Small Slimes","floor":3.0,"turns":3.0},{"damage":4.0,"enemies":"Red Slaver","floor":5.0,"turns":3.0},{"damage":32.0,"enemies":"Gremlin Nob","floor":7.0,"turns":5.0},{"damage":17.0,"enemies":"Lagavulin","floor":10.0,"turns":6.0},{"damage":0.0,"enemies":"Exordium Wildlife","floor":13.0,"turns":2.0},{"damage":0.0,"enemies":"Lots of Slimes","floor":14.0,"turns":4.0},{"damage":16.0,"enemies":"Hexaghost","floor":16.0,"turns":10.0},{"damage":25.0,"enemies":"Spheric Guardian","floor":18.0,"turns":5.0},{"damage":26.0,"enemies":"Shell Parasite","floor":20.0,"turns":7.0},{"damage":10.0,"enemies":"Snecko","floor":24.0,"turns":4.0},{"damage":8.0,"enemies":"Shelled Parasite and Fungi","floor":29.0,"turns":5.0},{"damage":13.0,"enemies":"Gremlin Leader","floor":30.0,"turns":9.0},{"damage":0.0,"enemies":"Chosen and Byrds","floor":31.0,"turns":6.0},{"damage":38.0,"enemies":"Champ","floor":33.0,"turns":12.0},{"damage":29.0,"enemies":"3 Darklings","floor":35.0,"turns":6.0},{"damage":8.0,"enemies":"Orb Walker","floor":36.0,"turns":3.0},{"damage":38.0,"enemies":"Maw","floor":38.0,"turns":9.0},{"damage":20.0,"enemies":"Nemesis","floor":40.0,"turns":7.0},{"damage":9.0,"enemies":"Writhing Mass","floor":44.0,"turns":5.0},{"damage":32,"enemies":"Reptomancer","floor":46,"turns":5},{"damage":0,"enemies":"Sphere and 2 Shapes","floor":48,"turns":4},{"damage":55,"enemies":"Donu and Deca","floor":50,"turns":9}],"seed_played":"4395004020152747057","potions_obtained":[{"floor":2.0,"key":"EssenceOfSteel"},{"floor":7.0,"key":"FairyPotion"},{"floor":13.0,"key":"EssenceOfSteel"},{"floor":14.0,"key":"Swift Potion"},{"floor":20.0,"key":"Fire Potion"},{"floor":29.0,"key":"SmokeBomb"},{"floor":31.0,"key":"GamblersBrew"},{"floor":33.0,"key":"SpeedPotion"}],"is_trial":false,"path_per_floor":["M","M","M","$","M","R","E","R","T","E","?","R","M","M","R","B",null,"M","$","M","$","?","R","M","R","T","?","?","M","E","M","R","B",null,"M","M","?","M","?","E","R","$","T","M","R","E","R","M","R","B",null],"character_chosen":"IRONCLAD","items_purchased":["Second Wind","Burning Pact","Evolve","Feel No Pain","Metallicize","Anchor","Bronze Scales"],"campfire_rested":2,"item_purchase_floors":[4,4,19,21,42,42,42],"current_hp_per_floor":[71,71,66,66,62,62,30,30,30,13,13,37,39,41,41,25,69,50,50,33,33,33,33,35,35,35,35,35,27,37,55,55,25,72,61,62,62,35,35,23,51,51,51,47,47,37,37,60,60,15],"gold":106,"neow_bonus":"BOSS_RELIC","is_prod":false,"is_daily":false,"chose_seed":false,"campfire_upgraded":9,"win_rate":0,"timestamp":1550810679,"path_taken":["M","?","M","$","M","R","E","R","T","E","?","R","M","M","R","BOSS","M","$","M","$","?","R","M","R","T","?","?","?","E","M","R","BOSS","M","M","?","?","?","E","R","$","T","?","R","E","R","M","R","BOSS"],"build_version":"2019-01-23","purchased_purges":1,"victory":true,"max_hp_per_floor":[80,80,80,80,80,80,80,80,80,80,80,80,82,84,84,84,84,84,84,84,84,84,84,86,86,86,86,86,86,88,88,88,88,88,90,92,92,94,94,94,94,94,94,94,94,94,94,96,96,96],"card_choices":[{"not_picked":["Sword Boomerang","Clothesline"],"picked":"Wild Strike","floor":1.0},{"not_picked":["Dropkick","Warcry"],"picked":"Inflame","floor":2.0},{"not_picked":["Clash","Flame Barrier"],"picked":"Power Through","floor":3.0},{"not_picked":["Seeing Red","Inflame"],"picked":"Body Slam","floor":5.0},{"not_picked":["Heavy Blade","Havoc","Thunderclap"],"picked":"SKIP","floor":7.0},{"not_picked":["Heavy Blade","Havoc","Thunderclap"],"picked":"SKIP","floor":7.0},{"not_picked":["Anger","Clash","Headbutt"],"picked":"SKIP","floor":10.0},{"not_picked":["Burning Pact","Power Through","Perfected Strike"],"picked":"Singing Bowl","floor":13.0},{"not_picked":["Second Wind","Sever Soul","Rampage"],"picked":"Singing Bowl","floor":14.0},{"not_picked":["Berserk","Double Tap"],"picked":"Reaper","floor":16.0},{"not_picked":["Sword Boomerang","Whirlwind+1"],"picked":"Shrug It Off","floor":18.0},{"not_picked":["Armaments+1","Pommel Strike"],"picked":"Warcry+1","floor":20.0},{"not_picked":["Flame Barrier","Sentinel","Clash"],"picked":"Singing Bowl","floor":24.0},{"not_picked":["Power Through","Twin Strike"],"picked":"Seeing Red+1","floor":29.0},{"not_picked":["Twin Strike+1","Flex","Armaments"],"picked":"Singing Bowl","floor":30.0},{"not_picked":["Corruption+1","Twin Strike"],"picked":"Ghostly Armor","floor":31.0},{"not_picked":["Dark Embrace","Reaper"],"picked":"Juggernaut","floor":33.0},{"not_picked":["Havoc+1","Wild Strike","Second Wind+1"],"picked":"Singing Bowl","floor":35.0},{"not_picked":["Iron Wave","Flex","Havoc"],"picked":"Singing Bowl","floor":36.0},{"not_picked":["Heavy Blade+1","Havoc+1","Sever Soul"],"picked":"Singing Bowl","floor":38.0},{"not_picked":["Cleave+1","Anger"],"picked":"Wild Strike+1","floor":40.0},{"not_picked":["Flex","Rupture+1"],"picked":"Spot Weakness","floor":44.0},{"not_picked":["Armaments","Demon Form+1"],"picked":"Feel No Pain+1","floor":46},{"not_picked":["Pummel+1","Perfected Strike+1","Wild Strike+1"],"picked":"Singing Bowl","floor":48}],"player_experience":172673,"relics_obtained":[{"floor":7.0,"key":"Gremlin Horn"},{"floor":9.0,"key":"Singing Bowl"},{"floor":10.0,"key":"Whetstone"},{"floor":26.0,"key":"Bag of Marbles"},{"floor":30.0,"key":"Kunai"},{"floor":40.0,"key":"Oddly Smooth Stone"},{"floor":43.0,"key":"Frozen Egg 2"},{"floor":46,"key":"Omamori"}],"event_choices":[{"damage_healed":0.0,"max_hp_gain":0.0,"max_hp_loss":0.0,"gold_gain":0.0,"event_name":"Liars Game","player_choice":"Ignored","floor":11.0,"gold_loss":0.0,"damage_taken":0.0},{"damage_healed":0.0,"max_hp_gain":0.0,"max_hp_loss":0.0,"gold_gain":0.0,"event_name":"Ghosts","player_choice":"Ignored","floor":22.0,"gold_loss":0.0,"damage_taken":0.0},{"damage_healed":0.0,"max_hp_gain":0.0,"max_hp_loss":0.0,"gold_gain":99.0,"event_name":"Nest","player_choice":"Stole From Cult","floor":27.0,"gold_loss":0.0,"damage_taken":0.0},{"cards_removed":["Strike_R"],"damage_healed":0.0,"max_hp_gain":0.0,"max_hp_loss":0.0,"gold_gain":0.0,"event_name":"Bonfire Elementals","player_choice":"Offered Basic","floor":28.0,"gold_loss":0.0,"damage_taken":0.0},{"cards_removed":["Strike_R"],"damage_healed":0.0,"max_hp_gain":0.0,"max_hp_loss":0.0,"gold_gain":0.0,"event_name":"Purifier","player_choice":"Purged","floor":37.0,"gold_loss":0.0,"damage_taken":0.0},{"damage_healed":0.0,"max_hp_gain":0.0,"max_hp_loss":0.0,"gold_gain":0.0,"event_name":"Accursed Blacksmith","player_choice":"Forge","floor":39.0,"gold_loss":0.0,"damage_taken":0.0,"cards_upgraded":["Juggernaut"]}],"is_beta":false,"boss_relics":[{"not_picked":["Lizard Tail","Coffee Dripper"],"picked":"Runic Cube"},{"not_picked":["Pandora\u0027s Box","Tiny House"],"picked":"Sozu"}],"items_purged_floors":[19],"is_endless":false,"potions_floor_spawned":[2,7,13,14,20,29,31,33,35,36,40,44],"ascension_level":6}