{"gold_per_floor":[12,26,44,56,69,69,101,101,101,135,150,200,125,136,136,209,209,228,228,228,239,239,239,267,329,329,329,379,26,42,59,59,134,134,148,198,34,98,23,23],"floor_reached":40,"playtime":1660,"items_purged":["Strike_B","Defend_B","Strike_B","Strike_B"],"score":936,"play_id":"c6aae34d-4146-4a44-bd0a-b9866bf585be","local_time":"20190204020103","is_ascension_mode":true,"campfire_choices":[{"data":"Chaos","floor":6.0,"key":"SMITH"},{"data":"Self Repair","floor":8.0,"key":"SMITH"},{"data":"Dualcast","floor":15.0,"key":"SMITH"},{"floor":23.0,"key":"REST"},{"data":"Biased Cognition","floor":27.0,"key":"SMITH"},{"data":"Double Energy","floor":32.0,"key":"SMITH"}],"neow_cost":"NO_GOLD","seed_source_timestamp":370127873491200,"circlet_count":0,"master_deck":["AscendersBane","Defend_B","Defend_B","Defend_B","Zap","Dualcast+1","Ball Lightning","Cold Snap","Core Surge","Chaos+1","Ball Lightning","Self Repair+1","Auto Shields","Undo","Biased Cognition+1","Reinforced Body","Self Repair","Leap+1","Double Energy+1","Hologram+1","Echo Form","Tempest","Master of Strategy","Turbo+1"],"special_seed":0,"relics":["Cracked Core","Ice Cream","Boot","Meat on the Bone","Oddly Smooth Stone","Runic Pyramid","SsserpentHead","Mummified Hand","Singing Bowl","Membership Card","Ancient Tea Set","Sozu"],"potions_floor_usage":[40],"damage_taken":[{"damage":3.0,"enemies":"2 Louse","floor":1.0,"turns":3.0},{"damage":0.0,"enemies":"Cultist","floor":2.0,"turns":3.0},{"damage":2.0,"enemies":"Jaw Worm","floor":3.0,"turns":3.0},{"damage":5.0,"enemies":"Blue Slaver","floor":4.0,"turns":4.0},{"damage":3.0,"enemies":"Exordium Thugs","floor":5.0,"turns":4.0},{"damage":16.0,"enemies":"Lagavulin","floor":7.0,"turns":5.0},{"damage":11.0,"enemies":"Gremlin Nob","floor":10.0,"turns":3.0},{"damage":0.0,"enemies":"Large Slime","floor":11.0,"turns":4.0},{"damage":0.0,"enemies":"Gremlin Gang","floor":14.0,"turns":3.0},{"damage":19.0,"enemies":"The Guardian","floor":16.0,"turns":10.0},{"damage":9.0,"enemies":"3 Byrds","floor":18.0,"turns":4.0},{"damage":21.0,"enemies":"Shell Parasite","floor":21.0,"turns":5.0},{"damage":54.0,"enemies":"Slavers","floor":24.0,"turns":7.0},{"damage":20.0,"enemies":"3 Cultists","floor":25.0,"turns":6.0},{"damage":0.0,"enemies":"Centurion and Healer","floor":30.0,"turns":5.0},{"damage":9.0,"enemies":"Snake Plant","floor":31.0,"turns":6.0},{"damage":0.0,"enemies":"Champ","floor":33.0,"turns":15.0},{"damage":8.0,"enemies":"3 Shapes","floor":35.0,"turns":5.0},{"damage":1.0,"enemies":"Orb Walker","floor":38.0,"turns":4.0},{"damage":79,"enemies":"Reptomancer","floor":40,"turns":2}],"seed_played":"5299465536129950573","potions_obtained":[{"floor":3.0,"key":"EssenceOfSteel"},{"floor":5.0,"key":"Explosive Potion"},{"floor":11.0,"key":"Weak Potion"},{"floor":16.0,"key":"SpeedPotion"},{"floor":25.0,"key":"SneckoOil"},{"floor":30.0,"key":"Swift Potion"},{"floor":33.0,"key":"Strength Potion"}],"is_trial":false,"path_per_floor":["M","M","M","M","M","R","E","R","T","E","M","?","$","M","R","B",null,"M","?","?","M","?","R","E","M","T","R","?","$","M","M","R","B",null,"M","?","$","M","$","E"],"character_chosen":"DEFECT","items_purchased":["Membership Card","Ancient Tea Set","Master of Strategy"],"campfire_rested":1,"item_purchase_floors":[29,29,37],"current_hp_per_floor":[61,61,59,54,51,51,35,35,35,46,56,56,56,56,56,47,65,66,46,46,47,47,69,37,46,46,46,46,46,63,73,73,78,78,78,78,78,78,78,0],"gold":23,"neow_bonus":"ONE_RARE_RELIC","is_prod":false,"is_daily":false,"chose_seed":false,"campfire_upgraded":5,"win_rate":0,"timestamp":1549213263,"path_taken":["M","M","M","M","M","R","E","R","T","E","M","?","$","?","R","BOSS","M","?","?","M","?","R","E","?","T","R","?","$","M","M","R","BOSS","M","?","$","?","$","E"],"build_version":"2019-01-23","purchased_purges":4,"victory":false,"max_hp_per_floor":[71,71,71,71,71,71,71,71,71,71,71,71,71,71,71,71,71,71,76,76,76,76,76,76,76,76,76,76,76,76,78,78,78,78,78,78,78,78,78,78],"card_choices":[{"not_picked":["Hologram","Steam"],"picked":"Ball Lightning","floor":1.0},{"not_picked":["Gash","Consume"],"picked":"Cold Snap","floor":2.0},{"not_picked":["Hello World","Barrage"],"picked":"Core Surge","floor":3.0},{"not_picked":["Beam Cell","Rebound"],"picked":"Chaos","floor":4.0},{"not_picked":["Steam","Stack"],"picked":"Ball Lightning","floor":5.0},{"not_picked":["Hologram","Stack"],"picked":"Self Repair","floor":7.0},{"not_picked":["Sweeping Beam","Cold Snap"],"picked":"Auto Shields","floor":10.0},{"not_picked":["Compile Driver","Redo"],"picked":"Undo","floor":11.0},{"not_picked":["Gash","Cold Snap","Auto Shields"],"picked":"SKIP","floor":14.0},{"not_picked":["Amplify","Seek"],"picked":"Biased Cognition","floor":16.0},{"not_picked":["Redo","Leap","Aggregate"],"picked":"SKIP","floor":18.0},{"not_picked":["Static Discharge","Gash"],"picked":"Reinforced Body","floor":21.0},{"not_picked":["Steam Power","Gash"],"picked":"Self Repair","floor":24.0},{"not_picked":["Conserve Battery","Turbo"],"picked":"Leap+1","floor":25.0},{"not_picked":["Self Repair","Streamline"],"picked":"Hologram+1","floor":30.0},{"not_picked":["Aggregate","Blizzard","Heatsinks"],"picked":"Singing Bowl","floor":31.0},{"not_picked":["Reboot","Seek"],"picked":"Echo Form","floor":33.0},{"not_picked":["Steam","Streamline"],"picked":"Tempest","floor":35.0},{"not_picked":["Redo","Sweeping Beam"],"picked":"Turbo+1","floor":38.0}],"player_experience":4207631,"relics_obtained":[{"floor":7.0,"key":"Boot"},{"floor":9.0,"key":"Meat on the Bone"},{"floor":10.0,"key":"Oddly Smooth Stone"},{"floor":24.0,"key":"Mummified Hand"},{"floor":26.0,"key":"Singing Bowl"}],"event_choices":[{"damage_healed":0.0,"max_hp_gain":0.0,"max_hp_loss":0.0,"gold_gain":50.0,"event_name":"Golden Shrine","player_choice":"Pray","floor":12.0,"gold_loss":0.0,"damage_taken":0.0},{"damage_healed":0.0,"max_hp_gain":5.0,"max_hp_loss":0.0,"gold_gain":0.0,"event_name":"Forgotten Altar","player_choice":"Shed Blood","floor":19.0,"gold_loss":0.0,"damage_taken":25.0},{"damage_healed":0.0,"max_hp_gain":0.0,"max_hp_loss":0.0,"gold_gain":0.0,"event_name":"Vampires","player_choice":"Ignored","floor":20.0,"gold_loss":0.0,"damage_taken":0.0},{"damage_healed":0.0,"max_hp_gain":0.0,"max_hp_loss":0.0,"gold_gain":0.0,"event_name":"FaceTrader","player_choice":"Trade","floor":22.0,"gold_loss":0.0,"damage_taken":0.0,"relics_obtained":["SsserpentHead"]},{"damage_healed":0.0,"max_hp_gain":0.0,"max_hp_loss":0.0,"gold_gain":0.0,"cards_transformed":["Strike_B"],"event_name":"Transmorgrifier","player_choice":"Transformed","floor":28.0,"gold_loss":0.0,"damage_taken":0.0,"cards_obtained":["Double Energy"]},{"damage_healed":0.0,"max_hp_gain":0.0,"max_hp_loss":0.0,"gold_gain":0.0,"event_name":"Match and Keep!","player_choice":"0 cards matched","floor":36.0,"gold_loss":0.0,"damage_taken":0.0,"cards_obtained":[]}],"is_beta":false,"boss_relics":[{"not_picked":["Velvet Choker","Philosopher\u0027s Stone"],"picked":"Runic Pyramid"},{"not_picked":["Empty Cage","Runic Dome"],"picked":"Sozu"}],"items_purged_floors":[13,29,37,39],"is_endless":false,"potions_floor_spawned":[3,5,11,16,25,30,33],"killed_by":"Reptomancer","ascension_level":20}