{"gold_per_floor":[20,31,51,61,26,26,41,41,41,55,85,101,111,146,146,218,218,233,243,243,254,254,254,254,282,359,359,90,119,132,145,145,220,220,233,193,4,30,47,47,65,65,117,117,130,130,130,130,130,130,130,130,130,5,38,38],"floor_reached":56,"playtime":2819,"items_purged":["Strike_B+1","Zap","Self Repair"],"score":2048,"play_id":"a9d73b57-d673-4678-bf61-5ffa19132d5f","local_time":"20190218040325","is_ascension_mode":true,"campfire_choices":[{"data":"Chaos","floor":6.0,"key":"SMITH"},{"data":"Biased Cognition","floor":15.0,"key":"SMITH"},{"data":"White Noise","floor":24.0,"key":"SMITH"},{"data":"Barrage","floor":27.0,"key":"SMITH"},{"data":"Loop","floor":32.0,"key":"SMITH"},{"data":"Fission","floor":40.0,"key":"SMITH"},{"data":"Hologram","floor":42.0,"key":"SMITH"},{"floor":49.0,"key":"RECALL"},{"data":"Capacitor","floor":53.0,"key":"SMITH"}],"neow_cost":"NO_GOLD","seed_source_timestamp":306546501236000,"circlet_count":0,"master_deck":["AscendersBane","Defend_B+1","Defend_B+1","Defend_B+1","Defend_B+1","Dualcast","Rebound","Cold Snap+1","Chaos+1","Genetic Algorithm","Compile Driver","White Noise+1","Ball Lightning","Glacier","Genetic Algorithm","Biased Cognition+1","Electrodynamics","Hologram+1","RitualDagger","Barrage+1","Ball Lightning+1","Loop+1","Coolheaded","Fission+1","Chill+1","Stack+1","Reprogram+1","Consume+1","Capacitor+1","Go for the Eyes+1","Seek"],"special_seed":0,"relics":["Cracked Core","Incense Burner","Cables","Ornamental Fan","Inserter","Omamori","Matryoshka","Lantern","Darkstone Periapt","Astrolabe","Boot","Anchor","Juzu Bracelet","Happy Flower","Whetstone"],"potions_floor_usage":[56,56],"damage_taken":[{"damage":3.0,"enemies":"2 Louse","floor":1.0,"turns":4.0},{"damage":8.0,"enemies":"Small Slimes","floor":2.0,"turns":3.0},{"damage":7.0,"enemies":"Jaw Worm","floor":3.0,"turns":3.0},{"damage":14.0,"enemies":"Lots of Slimes","floor":4.0,"turns":6.0},{"damage":6.0,"enemies":"3 Louse","floor":7.0,"turns":3.0},{"damage":7.0,"enemies":"Looter","floor":10.0,"turns":4.0},{"damage":8.0,"enemies":"3 Sentries","floor":11.0,"turns":11.0},{"damage":0.0,"enemies":"Large Slime","floor":12.0,"turns":6.0},{"damage":0.0,"enemies":"Exordium Thugs","floor":13.0,"turns":3.0},{"damage":9.0,"enemies":"Lagavulin","floor":14.0,"turns":5.0},{"damage":0.0,"enemies":"Hexaghost","floor":16.0,"turns":6.0},{"damage":0.0,"enemies":"Spheric Guardian","floor":18.0,"turns":4.0},{"damage":8.0,"enemies":"2 Thieves","floor":19.0,"turns":4.0},{"damage":2.0,"enemies":"Snake Plant","floor":21.0,"turns":3.0},{"damage":15.0,"enemies":"Gremlin Leader","floor":25.0,"turns":6.0},{"damage":0.0,"enemies":"Book of Stabbing","floor":29.0,"turns":5.0},{"damage":0.0,"enemies":"3 Cultists","floor":30.0,"turns":4.0},{"damage":6.0,"enemies":"Chosen and Byrds","floor":31.0,"turns":5.0},{"damage":38.0,"enemies":"Automaton","floor":33.0,"turns":10.0},{"damage":0.0,"enemies":"3 Darklings","floor":35.0,"turns":5.0},{"damage":0.0,"enemies":"3 Shapes","floor":39.0,"turns":4.0},{"damage":1.0,"enemies":"Maw","floor":41.0,"turns":5.0},{"damage":8.0,"enemies":"Sphere and 2 Shapes","floor":45.0,"turns":4.0},{"damage":0.0,"enemies":"Donu and Deca","floor":50.0,"turns":15.0},{"damage":49.0,"enemies":"Awakened One","floor":51.0,"turns":21.0},{"damage":0.0,"enemies":"Shield and Spear","floor":55.0,"turns":6.0},{"damage":70,"enemies":"The Heart","floor":56,"turns":15}],"seed_played":"-6290536640085808785","potions_obtained":[{"floor":1.0,"key":"Regen Potion"},{"floor":2.0,"key":"Fruit Juice"},{"floor":10.0,"key":"SkillPotion"},{"floor":12.0,"key":"Ancient Potion"},{"floor":13.0,"key":"AttackPotion"},{"floor":18.0,"key":"AttackPotion"},{"floor":19.0,"key":"EssenceOfSteel"},{"floor":29.0,"key":"Fire Potion"},{"floor":36.0,"key":"GamblersBrew"},{"floor":36.0,"key":"Ancient Potion"},{"floor":55.0,"key":"EssenceOfSteel"}],"is_trial":false,"path_per_floor":["M","M","M","M","?","R","M","?","T","M","E","M","M","E","R","B",null,"M","M","?","M","?","?","R","E","T","R","$","E","M","M","R","B",null,"M","?","$","T","M","R","M","R","T","$","M","$","?","?","R","B","B",null,"R","$","E","B"],"character_chosen":"DEFECT","items_purchased":["Lantern","Ball Lightning","Capacitor"],"campfire_rested":0,"item_purchase_floors":[28,28,37],"current_hp_per_floor":[61,58,51,52,71,71,65,42,42,35,27,27,27,18,18,18,62,62,54,76,74,74,68,68,60,60,60,60,60,67,61,61,30,65,72,72,72,72,76,76,76,76,76,76,68,68,68,68,68,75,33,65,65,65,65,0],"gold":38,"neow_bonus":"ONE_RARE_RELIC","is_prod":false,"is_daily":false,"chose_seed":false,"campfire_upgraded":8,"win_rate":0,"timestamp":1550430205,"path_taken":["M","M","M","M","?","R","M","?","T","?","E","M","M","E","R","BOSS","M","?","?","?","?","?","R","E","T","R","$","E","M","M","R","BOSS","M","?","$","?","M","R","M","R","T","?","M","$","?","?","R","BOSS","BOSS","R","$","E","BOSS"],"build_version":"2019-01-23","purchased_purges":3,"victory":false,"max_hp_per_floor":[71,76,76,76,76,76,76,76,76,76,76,76,76,76,76,76,76,76,76,76,76,76,76,76,76,76,76,76,76,76,76,76,76,76,76,76,76,76,76,76,76,76,76,76,76,76,76,76,76,76,76,76,76,76,76,76],"card_choices":[{"not_picked":["Barrage","Recycle"],"picked":"Rebound","floor":1.0},{"not_picked":["Auto Shields","Turbo"],"picked":"Cold Snap","floor":2.0},{"not_picked":["Rebound","Turbo"],"picked":"Chaos","floor":3.0},{"not_picked":["BootSequence","Auto Shields"],"picked":"Genetic Algorithm","floor":4.0},{"not_picked":["Turbo","Barrage"],"picked":"Compile Driver","floor":7.0},{"not_picked":["Conserve Battery","Turbo"],"picked":"White Noise","floor":10.0},{"not_picked":["Compile Driver","Scrape"],"picked":"Ball Lightning","floor":11.0},{"not_picked":["Stack","Creative AI"],"picked":"Glacier","floor":12.0},{"not_picked":["Doom and Gloom","Cold Snap"],"picked":"Genetic Algorithm","floor":13.0},{"not_picked":["Rebound","Gash"],"picked":"Biased Cognition","floor":14.0},{"not_picked":["All For One","Creative AI"],"picked":"Electrodynamics","floor":16.0},{"not_picked":["Turbo","Doom and Gloom"],"picked":"Hologram","floor":18.0},{"not_picked":["Cold Snap","Force Field"],"picked":"Self Repair","floor":19.0},{"not_picked":["Streamline","Rebound","Force Field"],"picked":"SKIP","floor":21.0},{"not_picked":["Recycle","Stack"],"picked":"Barrage","floor":25.0},{"not_picked":["Streamline","Turbo"],"picked":"Loop","floor":29.0},{"not_picked":["Ball Lightning","Beam Cell","Reinforced Body"],"picked":"SKIP","floor":30.0},{"not_picked":["Redo","Auto Shields+1"],"picked":"Coolheaded","floor":31.0},{"not_picked":["Meteor Strike","Reboot"],"picked":"Fission","floor":33.0},{"not_picked":["Chaos","Beam Cell"],"picked":"Consume+1","floor":35.0},{"not_picked":["Turbo","Beam Cell","Stack"],"picked":"SKIP","floor":39.0},{"not_picked":["Turbo","Beam Cell","Stack"],"picked":"SKIP","floor":39.0},{"not_picked":["Streamline","Redo","Turbo"],"picked":"SKIP","floor":41.0},{"not_picked":["Sweeping Beam","Rebound+1"],"picked":"Go for the Eyes+1","floor":45.0},{"not_picked":["Streamline","Cold Snap+1"],"picked":"Seek","floor":55.0}],"player_experience":4330339,"relics_obtained":[{"floor":11.0,"key":"Cables"},{"floor":14.0,"key":"Ornamental Fan"},{"floor":25.0,"key":"Omamori"},{"floor":26.0,"key":"Matryoshka"},{"floor":29.0,"key":"Darkstone Periapt"},{"floor":38.0,"key":"Boot"},{"floor":38.0,"key":"Anchor"},{"floor":43.0,"key":"Juzu Bracelet"},{"floor":43.0,"key":"Happy Flower"},{"floor":55.0,"key":"Whetstone"}],"event_choices":[{"damage_healed":19.0,"max_hp_gain":0.0,"max_hp_loss":0.0,"gold_gain":0.0,"event_name":"The Cleric","player_choice":"Healed","floor":5.0,"gold_loss":35.0,"damage_taken":0.0},{"damage_healed":0.0,"max_hp_gain":0.0,"max_hp_loss":0.0,"gold_gain":0.0,"event_name":"Shining Light","player_choice":"Entered Light","floor":8.0,"gold_loss":0.0,"damage_taken":23.0,"cards_upgraded":["Defend_B","Defend_B"]},{"damage_healed":22.0,"max_hp_gain":0.0,"max_hp_loss":0.0,"gold_gain":0.0,"event_name":"Wheel of Change","player_choice":"Full Heal","floor":20.0,"gold_loss":0.0,"damage_taken":0.0},{"damage_healed":0.0,"max_hp_gain":0.0,"max_hp_loss":0.0,"gold_gain":0.0,"event_name":"Back to Basics","player_choice":"Simplicity","floor":22.0,"gold_loss":0.0,"damage_taken":0.0,"cards_upgraded":["Strike_B","Strike_B","Strike_B","Strike_B","Defend_B","Defend_B"]},{"damage_healed":0.0,"max_hp_gain":0.0,"max_hp_loss":0.0,"gold_gain":0.0,"event_name":"Nest","player_choice":"Joined the Cult","floor":23.0,"gold_loss":0.0,"damage_taken":6.0,"cards_obtained":["RitualDagger"]},{"damage_healed":0.0,"max_hp_gain":0.0,"max_hp_loss":0.0,"gold_gain":0.0,"event_name":"The Woman in Blue","player_choice":"Bought 3 Potions","floor":36.0,"gold_loss":0.0,"damage_taken":0.0},{"damage_healed":0.0,"max_hp_gain":0.0,"max_hp_loss":0.0,"gold_gain":0.0,"event_name":"Match and Keep!","player_choice":"0 cards matched","floor":47.0,"gold_loss":0.0,"damage_taken":0.0,"cards_obtained":[]},{"damage_healed":0.0,"max_hp_gain":0.0,"max_hp_loss":0.0,"gold_gain":0.0,"event_name":"Tomb of Lord Red Mask","player_choice":"Ignored","floor":48.0,"gold_loss":0.0,"damage_taken":0.0}],"is_beta":false,"boss_relics":[{"not_picked":["Tiny House","Runic Dome"],"picked":"Inserter"},{"not_picked":["Pandora\u0027s Box","Runic Pyramid"],"picked":"Astrolabe"}],"items_purged_floors":[28,37,54],"is_endless":false,"potions_floor_spawned":[1,2,10,12,13,18,19,29,41,55],"killed_by":"The Heart","ascension_level":20}