{"gold_per_floor":[110,35,35,35,35,35,67,67,93,109,120,120,133,148,148,225,225,242,242,292,305,315,315,334,334,413,426,426,476,131,146,146,220,220,236,247,266,266,39,73,73,107,107,107,124,124,158,170,170,170,170,170,170,10,40,40],"floor_reached":56,"playtime":2308,"items_purged":["Defend_B"],"score":1984,"play_id":"2a25ab95-1ccb-4d85-acd0-8f2082f2a7c0","local_time":"20190103013510","is_ascension_mode":true,"campfire_choices":[{"data":"Dualcast","floor":6.0,"key":"SMITH"},{"data":"Strike_B","floor":12.0,"key":"PURGE"},{"data":"Defend_B","floor":15.0,"key":"PURGE"},{"floor":23.0,"key":"REST"},{"data":"Strike_B","floor":25.0,"key":"PURGE"},{"data":"Defend_B","floor":28.0,"key":"PURGE"},{"floor":32.0,"key":"REST"},{"floor":41.0,"key":"REST"},{"floor":44.0,"key":"RECALL"},{"floor":46.0,"key":"REST"},{"floor":49.0,"key":"REST"},{"data":"Self Repair","floor":53.0,"key":"PURGE"}],"neow_cost":"NONE","seed_source_timestamp":82244564949007,"circlet_count":0,"master_deck":["AscendersBane","Zap","Dualcast+1","Cold Snap","Biased Cognition","Defragment","Redo","Biased Cognition","Coolheaded","Compile Driver","Core Surge","Machine Learning","Madness","Conserve Battery"],"special_seed":0,"relics":["Cracked Core","NeowsBlessing","Symbiotic Virus","Peace Pipe","Fusion Hammer","Bottled Lightning","TheAbacus","Busted Crown","OrangePellets","Potion Belt","Pantograph","Bottled Flame","Pear"],"potions_floor_usage":[56,56,56,56],"damage_taken":[{"damage":0.0,"enemies":"2 Louse","floor":1.0,"turns":1.0},{"damage":0.0,"enemies":"Lagavulin","floor":7.0,"turns":1.0},{"damage":0.0,"enemies":"Small Slimes","floor":10.0,"turns":1.0},{"damage":0.0,"enemies":"Cultist","floor":11.0,"turns":3.0},{"damage":8.0,"enemies":"Blue Slaver","floor":13.0,"turns":3.0},{"damage":0.0,"enemies":"Gremlin Gang","floor":14.0,"turns":4.0},{"damage":19.0,"enemies":"Slime Boss","floor":16.0,"turns":8.0},{"damage":13.0,"enemies":"Shell Parasite","floor":18.0,"turns":3.0},{"damage":0.0,"enemies":"Chosen","floor":21.0,"turns":3.0},{"damage":38.0,"enemies":"Snake Plant","floor":22.0,"turns":3.0},{"damage":5.0,"enemies":"Centurion and Healer","floor":24.0,"turns":6.0},{"damage":7.0,"enemies":"Snecko","floor":27.0,"turns":4.0},{"damage":12.0,"enemies":"Snake Plant","floor":31.0,"turns":4.0},{"damage":15.0,"enemies":"Automaton","floor":33.0,"turns":9.0},{"damage":5.0,"enemies":"3 Shapes","floor":35.0,"turns":4.0},{"damage":11.0,"enemies":"Orb Walker","floor":36.0,"turns":3.0},{"damage":7.0,"enemies":"Maw","floor":37.0,"turns":5.0},{"damage":25.0,"enemies":"Reptomancer","floor":40.0,"turns":5.0},{"damage":10.0,"enemies":"Nemesis","floor":42.0,"turns":9.0},{"damage":52.0,"enemies":"Jaw Worm Horde","floor":45.0,"turns":4.0},{"damage":17.0,"enemies":"Reptomancer","floor":47.0,"turns":8.0},{"damage":5.0,"enemies":"Writhing Mass","floor":48.0,"turns":4.0},{"damage":37.0,"enemies":"Donu and Deca","floor":50.0,"turns":6.0},{"damage":4.0,"enemies":"Time Eater","floor":51.0,"turns":8.0},{"damage":61.0,"enemies":"Shield and Spear","floor":55.0,"turns":6.0},{"damage":45,"enemies":"The Heart","floor":56,"turns":5}],"seed_played":"-5709780565393415954","potions_obtained":[{"floor":1.0,"key":"SkillPotion"},{"floor":10.0,"key":"Poison Potion"},{"floor":14.0,"key":"Explosive Potion"},{"floor":21.0,"key":"Strength Potion"},{"floor":24.0,"key":"PowerPotion"},{"floor":33.0,"key":"Explosive Potion"},{"floor":40.0,"key":"Strength Potion"},{"floor":45.0,"key":"Dexterity Potion"},{"floor":47.0,"key":"LiquidBronze"},{"floor":55.0,"key":"Block Potion"}],"is_trial":false,"path_per_floor":["M","?","?","?","?","R","E","$","T","M","M","R","M","M","R","B",null,"M","?","?","M","M","R","M","R","T","M","R","?","$","M","R","B",null,"M","M","M","?","$","E","R","E","T","R","M","R","E","M","R","B","B",null,"R","$","E","B"],"character_chosen":"DEFECT","items_purchased":["TheAbacus","Compile Driver","OrangePellets","Madness","Strength Potion"],"campfire_rested":5,"item_purchase_floors":[30,30,39,54,54],"current_hp_per_floor":[64,64,59,52,52,52,52,52,52,52,52,52,44,44,44,25,60,47,47,47,47,16,37,39,39,39,39,39,39,39,34,55,47,65,67,63,63,63,63,45,66,63,63,63,18,39,29,31,52,41,69,71,71,71,20,0],"gold":40,"neow_bonus":"THREE_ENEMY_KILL","is_prod":false,"is_daily":false,"chose_seed":false,"campfire_upgraded":1,"win_rate":0,"timestamp":1546446910,"path_taken":["M","?","?","?","?","R","E","?","T","M","M","R","M","M","R","BOSS","M","?","?","M","M","R","M","R","T","M","R","?","$","M","R","BOSS","M","?","M","?","$","E","R","E","T","R","?","R","E","M","R","BOSS","BOSS","R","$","E","BOSS"],"build_version":"2018-12-20","purchased_purges":1,"victory":false,"max_hp_per_floor":[71,71,71,71,71,71,71,71,71,71,71,71,71,71,71,71,71,71,71,71,71,71,71,71,71,71,71,71,71,71,71,71,71,71,71,71,71,71,71,71,71,71,71,71,71,71,71,71,71,71,71,71,71,71,81,81],"card_choices":[{"not_picked":["Rebound","Streamline"],"picked":"Cold Snap","floor":1.0},{"not_picked":["Stack","Barrage","Blizzard"],"picked":"SKIP","floor":7.0},{"not_picked":["Sweeping Beam","Go for the Eyes"],"picked":"Biased Cognition","floor":10.0},{"not_picked":["Beam Cell","Hello World"],"picked":"Defragment","floor":11.0},{"not_picked":["Compile Driver","Heatsinks"],"picked":"Redo","floor":13.0},{"not_picked":["Steam","Recycle","Sweeping Beam"],"picked":"SKIP","floor":14.0},{"not_picked":["Seek","All For One"],"picked":"Biased Cognition","floor":16.0},{"not_picked":["Darkness","Conserve Battery","Redo"],"picked":"SKIP","floor":18.0},{"not_picked":["Doom and Gloom","Darkness"],"picked":"Self Repair","floor":21.0},{"not_picked":["White Noise","Streamline","Sweeping Beam+1"],"picked":"SKIP","floor":22.0},{"not_picked":["Redo","Ball Lightning","Conserve Battery"],"picked":"SKIP","floor":24.0},{"not_picked":["Streamline+1","Turbo"],"picked":"Coolheaded","floor":27.0},{"not_picked":["Ball Lightning","Blizzard","Stack"],"picked":"SKIP","floor":31.0},{"not_picked":["Seek","Meteor Strike"],"picked":"Core Surge","floor":33.0},{"not_picked":["Rebound+1"],"picked":"SKIP","floor":35.0},{"not_picked":["Doom and Gloom"],"picked":"SKIP","floor":36.0},{"not_picked":["Barrage"],"picked":"SKIP","floor":37.0},{"not_picked":["Compile Driver"],"picked":"SKIP","floor":40.0},{"not_picked":["Scrape"],"picked":"SKIP","floor":42.0},{"not_picked":["Cold Snap"],"picked":"SKIP","floor":45.0},{"not_picked":[],"picked":"Machine Learning","floor":47.0},{"not_picked":["Rebound"],"picked":"SKIP","floor":48.0},{"not_picked":[],"picked":"Conserve Battery","floor":55.0}],"player_experience":3978448,"relics_obtained":[{"floor":7.0,"key":"Peace Pipe"},{"floor":26.0,"key":"Bottled Lightning"},{"floor":40.0,"key":"Potion Belt"},{"floor":42.0,"key":"Pantograph"},{"floor":43.0,"key":"Bottled Flame"},{"floor":55.0,"key":"Pear"}],"event_choices":[{"cards_removed":["Strike_B"],"damage_healed":0.0,"max_hp_gain":0.0,"max_hp_loss":0.0,"gold_gain":0.0,"event_name":"The Cleric","player_choice":"Card Removal","floor":2.0,"gold_loss":75.0,"damage_taken":0.0},{"damage_healed":0.0,"max_hp_gain":0.0,"max_hp_loss":0.0,"gold_gain":0.0,"event_name":"Scrap Ooze","player_choice":"Success","floor":3.0,"gold_loss":0.0,"damage_taken":5.0,"relics_obtained":["Symbiotic Virus"]},{"cards_removed":["Defend_B"],"damage_healed":0.0,"max_hp_gain":0.0,"max_hp_loss":0.0,"gold_gain":0.0,"event_name":"Golden Wing","player_choice":"Card Removal","floor":4.0,"gold_loss":0.0,"damage_taken":7.0},{"cards_removed":["Strike_B"],"damage_healed":0.0,"max_hp_gain":0.0,"max_hp_loss":0.0,"gold_gain":0.0,"event_name":"Living Wall","player_choice":"Forget","floor":5.0,"gold_loss":0.0,"damage_taken":0.0},{"damage_healed":0.0,"max_hp_gain":0.0,"max_hp_loss":0.0,"gold_gain":0.0,"event_name":"Cursed Tome","player_choice":"Ignored","floor":19.0,"gold_loss":0.0,"damage_taken":0.0},{"damage_healed":0.0,"max_hp_gain":0.0,"max_hp_loss":0.0,"gold_gain":50.0,"event_name":"Nest","player_choice":"Stole From Cult","floor":20.0,"gold_loss":0.0,"damage_taken":0.0},{"damage_healed":0.0,"max_hp_gain":0.0,"max_hp_loss":0.0,"gold_gain":50.0,"event_name":"Golden Shrine","player_choice":"Pray","floor":29.0,"gold_loss":0.0,"damage_taken":0.0},{"damage_healed":0.0,"max_hp_gain":0.0,"max_hp_loss":0.0,"gold_gain":0.0,"event_name":"Match and Keep!","player_choice":"0 cards matched","floor":38.0,"gold_loss":0.0,"damage_taken":0.0,"cards_obtained":[]}],"is_beta":false,"boss_relics":[{"not_picked":["Calling Bell","Lizard Tail"],"picked":"Fusion Hammer"},{"not_picked":["Tiny House","Sozu"],"picked":"Busted Crown"}],"items_purged_floors":[30],"is_endless":false,"potions_floor_spawned":[1,10,14,21,24,27,33,37,40,45,47,55],"killed_by":"The Heart","ascension_level":20}