{"gold_per_floor":[20,40,53,63,63,63,89,108,108,126,140,158,171,171],"floor_reached":14,"playtime":366,"items_purged":[],"score":196,"play_id":"2b1ab710-0a7d-4aa2-b0c4-cc085b9c4d4f","local_time":"20190117013050","is_ascension_mode":true,"campfire_choices":[{"data":"Hyperbeam","floor":6,"key":"SMITH"}],"neow_cost":"NO_GOLD","seed_source_timestamp":546317445993648,"circlet_count":0,"master_deck":["AscendersBane","Strike_B","Strike_B","Strike_B","Strike_B","Defend_B","Defend_B","Defend_B","Defend_B","Zap","Dualcast","Hyperbeam+1","Streamline","Auto Shields","Conserve Battery","Conserve Battery","White Noise","Hologram","Beam Cell","FTL","Hologram"],"relics":["Cracked Core","Kunai","Mercury Hourglass"],"potions_floor_usage":[],"damage_taken":[{"damage":0,"enemies":"Small Slimes","floor":1,"turns":3},{"damage":0,"enemies":"Cultist","floor":2,"turns":3},{"damage":1,"enemies":"Jaw Worm","floor":3,"turns":3},{"damage":7,"enemies":"Large Slime","floor":4,"turns":4},{"damage":10,"enemies":"3 Sentries","floor":7,"turns":3},{"damage":4,"enemies":"3 Louse","floor":8,"turns":3},{"damage":16,"enemies":"Exordium Wildlife","floor":10,"turns":4},{"damage":6,"enemies":"Exordium Thugs","floor":11,"turns":2},{"damage":10,"enemies":"Gremlin Gang","floor":12,"turns":2},{"damage":0,"enemies":"Looter","floor":13,"turns":3},{"damage":16,"enemies":"Blue Slaver","floor":14,"turns":3}],"seed_played":"-8858730909536946740","potions_obtained":[{"floor":1,"key":"LiquidBronze"},{"floor":2,"key":"Strength Potion"},{"floor":3,"key":"Ancient Potion"},{"floor":4,"key":"FocusPotion"}],"is_trial":false,"path_per_floor":["M","M","M","M","?","R","E","M","T","M","M","M","M","M"],"character_chosen":"DEFECT","items_purchased":[],"campfire_rested":0,"item_purchase_floors":[],"current_hp_per_floor":[64,64,63,56,56,56,46,42,42,26,20,10,10,0],"gold":171,"neow_bonus":"THREE_RARE_CARDS","is_prod":false,"is_daily":false,"chose_seed":false,"campfire_upgraded":1,"win_rate":0,"timestamp":1547656250,"path_taken":["M","M","M","M","?","R","E","M","T","M","?","M","?","M"],"build_version":"2019-01-10","purchased_purges":0,"victory":false,"max_hp_per_floor":[71,71,71,71,71,71,71,71,71,71,71,71,71,71],"card_choices":[{"not_picked":["Amplify","Meteor Strike"],"picked":"Hyperbeam","floor":0},{"not_picked":["Recycle","Darkness"],"picked":"Streamline","floor":1},{"not_picked":["Gash","Redo"],"picked":"Auto Shields","floor":2},{"not_picked":["Streamline","Turbo"],"picked":"Conserve Battery","floor":3},{"not_picked":["Stack","Steam"],"picked":"Conserve Battery","floor":4},{"not_picked":["Leap","Storm"],"picked":"White Noise","floor":7},{"not_picked":["Storm","Reinforced Body"],"picked":"Hologram","floor":8},{"not_picked":["Stack","Amplify"],"picked":"Beam Cell","floor":10},{"not_picked":["Gash","Loop","Conserve Battery"],"picked":"SKIP","floor":11},{"not_picked":["Rip and Tear","Melter"],"picked":"FTL","floor":12},{"not_picked":["Double Energy","Heatsinks"],"picked":"Hologram","floor":13}],"player_experience":4106592,"relics_obtained":[{"floor":7,"key":"Kunai"},{"floor":9,"key":"Mercury Hourglass"}],"event_choices":[{"damage_healed":0,"gold_gain":0,"player_choice":"Got Potions","damage_taken":0,"max_hp_gain":0,"max_hp_loss":0,"event_name":"Lab","floor":5,"gold_loss":0}],"is_beta":false,"boss_relics":[],"items_purged_floors":[],"is_endless":false,"potions_floor_spawned":[1,2,3,4,10,13],"killed_by":"Blue Slaver","ascension_level":20}