{"gold_per_floor":[111,126,143,159,201,201,227,227,227,255,255],"floor_reached":11,"playtime":188,"items_purged":[],"score":187,"play_id":"2071ccb5-f421-4f86-91a0-9fa09f26b975","local_time":"20190130002719","is_ascension_mode":true,"campfire_choices":[{"data":"Bash","floor":6,"key":"SMITH"},{"floor":8,"key":"REST"}],"neow_cost":"","seed_source_timestamp":0,"circlet_count":0,"master_deck":["AscendersBane","Strike_R","Strike_R","Strike_R","Strike_R","Strike_R","Defend_R","Defend_R","Defend_R","Defend_R","Bash+1","Pommel Strike","Pummel","Searing Blow","Pommel Strike","Perfected Strike","Dropkick"],"relics":["Burning Blood","AscMod:CursedFlame","AscMod:MegaStarOfAscension","AscMod:CursedBank","Ginger","StoneCalendar","Turnip"],"potions_floor_usage":[4,11],"damage_taken":[{"damage":12,"enemies":"Jaw Worm","floor":1,"turns":4},{"damage":1,"enemies":"Cultist","floor":2,"turns":3},{"damage":3,"enemies":"2 Louse","floor":3,"turns":3},{"damage":21,"enemies":"Exordium Thugs","floor":4,"turns":6},{"damage":40,"enemies":"Lagavulin","floor":7,"turns":6},{"damage":25,"enemies":"3 Sentries","floor":10,"turns":7},{"damage":0,"enemies":"3 Louse","floor":11,"turns":1}],"seed_played":"-1439642717180826099","potions_obtained":[{"floor":1,"key":"Block Potion"},{"floor":10,"key":"Regen Potion"}],"is_trial":true,"path_per_floor":["M","M","M","M","?","R","E","R","T","E","M"],"character_chosen":"IRONCLAD","items_purchased":[],"campfire_rested":1,"item_purchase_floors":[],"current_hp_per_floor":[61,65,67,51,51,51,16,34,34,14,14],"gold":255,"neow_bonus":"","is_prod":false,"is_daily":false,"chose_seed":false,"campfire_upgraded":1,"win_rate":0,"timestamp":1548775639,"path_taken":["M","M","M","M","?","R","E","R","T","E","?"],"build_version":"2019-01-23","purchased_purges":0,"victory":false,"max_hp_per_floor":[75,75,75,75,75,75,75,75,75,75,75],"card_choices":[{"not_picked":["Sentinel","Entrench"],"picked":"Pommel Strike","floor":1},{"not_picked":["Corruption","Clash"],"picked":"Pummel","floor":2},{"not_picked":["Body Slam","Disarm"],"picked":"Searing Blow","floor":3},{"not_picked":["Heavy Blade","Headbutt"],"picked":"Pommel Strike","floor":4},{"not_picked":["Dropkick","Wild Strike"],"picked":"Perfected Strike","floor":7},{"not_picked":["Heavy Blade","Sword Boomerang"],"picked":"Dropkick","floor":10}],"player_experience":4163822,"relics_obtained":[{"floor":7,"key":"Ginger"},{"floor":9,"key":"StoneCalendar"},{"floor":10,"key":"Turnip"}],"event_choices":[{"damage_healed":0,"gold_gain":50,"player_choice":"Pray","damage_taken":0,"max_hp_gain":0,"max_hp_loss":0,"event_name":"Golden Shrine","floor":5,"gold_loss":0}],"is_beta":false,"boss_relics":[],"items_purged_floors":[],"is_endless":false,"potions_floor_spawned":[1,10],"killed_by":"3 Louse","ascension_level":25}