{"gold_per_floor":[119,136,136,154,104,137,158,158,158,158,158,56,56,81,102,102,228,258,283,382,382,100,100,139,139,217,217,217,242,242,242,286,286,286,414,414,427,450,450,464,485,485,508,73,73,73,89,89,132,132,157,157,157,157,157,30,64,64],"floor_reached":58,"playtime":1621,"items_purged":["Concentrate","Pain","Outmaneuver"],"score":659,"play_id":"695aec4d-e94d-4dd8-ae6a-4ae06c3eee47","local_time":"20190220023222","is_ascension_mode":true,"campfire_choices":[{"data":"A Thousand Cuts","floor":13,"key":"SMITH"},{"data":"Choke","floor":16,"key":"SMITH"},{"floor":25,"key":"REST"},{"data":"Well Laid Plans","floor":34,"key":"SMITH"},{"floor":42,"key":"RECALL"},{"data":"Crippling Poison","floor":48,"key":"SMITH"},{"floor":52,"key":"REST"},{"data":"Accuracy","floor":55,"key":"SMITH"}],"neow_cost":"NONE","seed_source_timestamp":475192640462500,"circlet_count":0,"master_deck":["Well Laid Plans+1","Acrobatics","Terror","Flying Knee","Bane","Sucker Punch","Flying Knee","Poisoned Stab","Die Die Die","Backstab","Choke+1","Blade Dance","A Thousand Cuts+1","Backflip+1","Clumsy","Accuracy+1","Necronomicurse","Flechettes+1","Underhanded Strike","Masterful Stab","Masterful Stab+1","Outmaneuver+1","Crippling Poison+1","Noxious Fumes+1","Noxious Fumes+1","Infinite Blades+1","Eviscerate","Outmaneuver","Accuracy+1","Noxious Fumes+1","Riddle With Holes"],"relics":["Sozu","Golden Idol","Art of War","Mercury Hourglass","Strawberry","The Courier","Calling Bell","Tiny Chest","Letter Opener","FossilizedHelix","Necronomicon","Kunai","Matryoshka","Blood Vial","Paper Crane","Ancient Tea Set","The Specimen","Snake Skull","Frozen Egg 2","Velvet Choker","Bronze Scales","TwistedFunnel","Pen Nib","Pantograph","Boot"],"potions_floor_usage":[],"damage_taken":[{"damage":0,"enemies":"Cultist","floor":1,"turns":1},{"damage":0,"enemies":"Small Slimes","floor":2,"turns":1},{"damage":0,"enemies":"2 Louse","floor":4,"turns":1},{"damage":0,"enemies":"Gremlin Nob","floor":6,"turns":2},{"damage":0,"enemies":"Large Slime","floor":7,"turns":2},{"damage":0,"enemies":"Blue Slaver","floor":14,"turns":1},{"damage":0,"enemies":"Looter","floor":15,"turns":1},{"damage":0,"enemies":"Slime Boss","floor":17,"turns":3},{"damage":9,"enemies":"Shell Parasite","floor":19,"turns":3},{"damage":15,"enemies":"Book of Stabbing","floor":24,"turns":3},{"damage":9,"enemies":"3 Byrds","floor":29,"turns":3},{"damage":0,"enemies":"Gremlin Leader","floor":32,"turns":2},{"damage":34,"enemies":"Collector","floor":35,"turns":4},{"damage":6,"enemies":"3 Darklings","floor":37,"turns":2},{"damage":0,"enemies":"Orb Walker","floor":40,"turns":2},{"damage":0,"enemies":"Spire Growth","floor":41,"turns":2},{"damage":7,"enemies":"4 Shapes","floor":43,"turns":3},{"damage":0,"enemies":"Jaw Worm Horde","floor":47,"turns":2},{"damage":68,"enemies":"Nemesis","floor":49,"turns":5},{"damage":0,"enemies":"Sphere and 2 Shapes","floor":51,"turns":4},{"damage":58,"enemies":"Donu and Deca","floor":53,"turns":7},{"damage":15,"enemies":"Shield and Spear","floor":57,"turns":4},{"damage":98,"enemies":"The Heart","floor":58,"turns":5}],"seed_played":"1295943335746026301","potions_obtained":[],"is_trial":false,"path_per_floor":["M","M","?","M","?","E","M","?","T","T","T","$","R","M","M","R","B",null,"M","?","?","$","?","E","R","T","T","T","M","T","?","E","?","R","B",null,"M","T","?","M","M","R","M","$","T","T","M","R","E","T","M","R","B",null,"R","$","E","B"],"character_chosen":"THE_SILENT","items_purchased":["Backflip","Kunai","TwistedFunnel","Crippling Poison","Noxious Fumes+1","Noxious Fumes+1","Accuracy+1","Noxious Fumes+1"],"campfire_rested":2,"item_purchase_floors":[12,22,44,44,44,44,56,56],"current_hp_per_floor":[70,70,53,53,53,53,53,53,60,60,60,60,60,60,60,60,60,77,68,68,52,52,52,37,60,60,60,60,53,53,53,55,87,87,53,87,81,81,81,83,85,85,80,80,80,80,82,82,16,16,18,44,13,87,87,87,72,0],"gold":64,"neow_bonus":"BOSS_RELIC","is_prod":false,"is_daily":false,"chose_seed":false,"campfire_upgraded":5,"win_rate":0,"timestamp":1550597542,"path_taken":["M","?","?","M","?","E","M","?","T","?","?","R","?","M","R","BOSS","M","?","?","?","?","E","R","?","T","?","?","?","E","?","R","BOSS","M","?","?","M","?","R","?","$","T","M","R","E","?","M","R","BOSS","R","$","E","BOSS"],"build_version":"2019-01-23","purchased_purges":3,"victory":false,"max_hp_per_floor":[70,70,70,70,70,70,70,70,77,77,77,77,77,77,77,77,77,77,77,77,77,77,77,77,77,77,77,77,77,77,77,77,87,87,87,87,87,87,87,87,87,87,87,87,87,87,87,87,87,87,87,87,87,87,87,87,87,87],"card_choices":[{"not_picked":["Dodge and Roll","Dagger Spray"],"picked":"Choke","floor":1},{"not_picked":["Bouncing Flask","Leg Sweep"],"picked":"Blade Dance","floor":2},{"not_picked":["Distraction","Blur"],"picked":"Concentrate","floor":4},{"not_picked":["Dagger Throw","Deadly Poison"],"picked":"Concentrate","floor":6},{"not_picked":["Underhanded Strike","Quick Slash"],"picked":"A Thousand Cuts","floor":7},{"not_picked":["Bane","Dash"],"picked":"Outmaneuver","floor":14},{"not_picked":["Poisoned Stab","Prepared"],"picked":"Accuracy","floor":19},{"not_picked":["Crippling Poison","Dagger Throw"],"picked":"Flechettes+1","floor":24},{"not_picked":["Escape Plan+1","Leg Sweep"],"picked":"Underhanded Strike","floor":29},{"not_picked":["Dodge and Roll","Slice"],"picked":"Unload","floor":32},{"not_picked":["Dagger Spray","Cloak And Dagger"],"picked":"Masterful Stab","floor":37},{"not_picked":["Heel Hook","PiercingWail+1"],"picked":"Masterful Stab+1","floor":40},{"not_picked":["Dagger Spray+1","Leg Sweep"],"picked":"Outmaneuver+1","floor":43},{"not_picked":["Distraction","Backflip"],"picked":"Infinite Blades+1","floor":47},{"not_picked":["Calculated Gamble","Bouncing Flask"],"picked":"Eviscerate","floor":49},{"not_picked":["Prepared+1","Slice"],"picked":"Outmaneuver","floor":51},{"not_picked":["Dodge and Roll","Prepared"],"picked":"Riddle With Holes","floor":57}],"player_experience":4353704,"relics_obtained":[{"floor":6,"key":"Art of War"},{"floor":9,"key":"Strawberry"},{"floor":11,"key":"The Courier"},{"floor":18,"key":"Tiny Chest"},{"floor":18,"key":"Letter Opener"},{"floor":18,"key":"FossilizedHelix"},{"floor":21,"key":"Necronomicon"},{"floor":24,"key":"Matryoshka"},{"floor":26,"key":"Blood Vial"},{"floor":26,"key":"Paper Crane"},{"floor":27,"key":"Ancient Tea Set"},{"floor":27,"key":"The Specimen"},{"floor":30,"key":"Snake Skull"},{"floor":32,"key":"Frozen Egg 2"},{"floor":38,"key":"Bronze Scales"},{"floor":49,"key":"Pen Nib"},{"floor":50,"key":"Pantograph"},{"floor":57,"key":"Boot"}],"event_choices":[{"damage_healed":0,"gold_gain":0,"player_choice":"Take Damage","damage_taken":17,"relics_obtained":["Golden Idol"],"max_hp_gain":0,"max_hp_loss":0,"event_name":"Golden Idol","floor":3,"gold_loss":0},{"cards_removed":["Concentrate"],"damage_healed":0,"gold_gain":0,"player_choice":"Card Removal","damage_taken":0,"max_hp_gain":0,"max_hp_loss":0,"event_name":"The Cleric","floor":5,"gold_loss":50},{"damage_healed":0,"gold_gain":0,"player_choice":"Searched \u00271\u0027 times","damage_taken":0,"relics_obtained":["Mercury Hourglass"],"max_hp_gain":0,"max_hp_loss":0,"event_name":"Dead Adventurer","floor":8,"gold_loss":0},{"damage_healed":0,"gold_gain":99,"player_choice":"Stole From Cult","damage_taken":0,"max_hp_gain":0,"max_hp_loss":0,"event_name":"Nest","floor":20,"gold_loss":0},{"damage_healed":0,"gold_gain":0,"player_choice":"Obtained Book","damage_taken":16,"max_hp_gain":0,"max_hp_loss":0,"event_name":"Cursed Tome","floor":21,"gold_loss":0},{"damage_healed":0,"gold_gain":0,"player_choice":"Ignored","damage_taken":0,"max_hp_gain":0,"max_hp_loss":0,"event_name":"Ghosts","floor":23,"gold_loss":0},{"cards_removed":["Shame"],"damage_healed":0,"gold_gain":0,"player_choice":"Elegance","damage_taken":0,"max_hp_gain":0,"max_hp_loss":0,"event_name":"Back to Basics","floor":31,"gold_loss":0},{"cards_removed":["Unload"],"damage_healed":22,"gold_gain":0,"player_choice":"Offered Rare","damage_taken":0,"max_hp_gain":10,"max_hp_loss":0,"event_name":"Bonfire Elementals","floor":33,"gold_loss":0},{"damage_healed":0,"gold_gain":0,"player_choice":"Forge","damage_taken":0,"max_hp_gain":0,"max_hp_loss":0,"event_name":"Accursed Blacksmith","floor":39,"gold_loss":0,"cards_upgraded":["Backflip"]}],"is_beta":false,"boss_relics":[{"not_picked":["Black Star","Runic Dome"],"picked":"Calling Bell"},{"not_picked":["White Beast Statue","Cursed Key"],"picked":"Velvet Choker"}],"items_purged_floors":[12,22,44],"is_endless":false,"potions_floor_spawned":[2,4,7,14,19,29,32,37,41,49],"killed_by":"The Heart","ascension_level":-6}