{"gold_per_floor":[112,124,142,161,176,176,211,211,235,235,235,268,281,316,316,392,392,402,452,466,477,507,507,523,523,523,533,533,550,550,562,562,562],"floor_reached":33,"playtime":1152,"items_purged":[],"score":592,"play_id":"b72bb6b2-e08e-4bd6-b8a5-9f41ffb1291d","local_time":"20190222013709","is_ascension_mode":true,"campfire_choices":[{"data":"Reflex","floor":6,"key":"SMITH"},{"floor":11,"key":"REST"},{"data":"A Thousand Cuts","floor":15,"key":"SMITH"},{"floor":23,"key":"REST"},{"floor":25,"key":"REST"},{"data":"Reflex","floor":28,"key":"SMITH"},{"data":"Reflex","floor":32,"key":"SMITH"}],"neow_cost":"","seed_source_timestamp":642074314776600,"circlet_count":0,"master_deck":["Reflex+1","Reflex+1","Reflex+1","Survivor","Neutralize","Underhanded Strike","Quick Slash","Masterful Stab","Backflip","A Thousand Cuts+1","Corpse Explosion","Backflip","Glass Knife","Slice","Tools of the Trade","Accuracy","Footwork","Deadly Poison","Caltrops","Bane","Cloak And Dagger","Cloak And Dagger","Unload"],"relics":["Ring of the Snake","HoveringKite","Ice Cream","Strawberry","Anchor","Omamori","Art of War","Pandora\u0027s Box","Red Mask","Bag of Preparation"],"potions_floor_usage":[7,7,16,24,33],"damage_taken":[{"damage":0,"enemies":"Cultist","floor":1,"turns":4},{"damage":2,"enemies":"Jaw Worm","floor":2,"turns":5},{"damage":7,"enemies":"2 Louse","floor":3,"turns":3},{"damage":4,"enemies":"2 Fungi Beasts","floor":4,"turns":4},{"damage":0,"enemies":"3 Louse","floor":5,"turns":3},{"damage":21,"enemies":"Lagavulin","floor":7,"turns":6},{"damage":0,"enemies":"Gremlin Nob","floor":12,"turns":3},{"damage":8,"enemies":"Large Slime","floor":13,"turns":6},{"damage":10,"enemies":"3 Sentries","floor":14,"turns":9},{"damage":18,"enemies":"Slime Boss","floor":16,"turns":8},{"damage":22,"enemies":"Spheric Guardian","floor":18,"turns":4},{"damage":1,"enemies":"3 Byrds","floor":20,"turns":3},{"damage":14,"enemies":"Snake Plant","floor":21,"turns":3},{"damage":0,"enemies":"Masked Bandits","floor":22,"turns":1},{"damage":19,"enemies":"Chosen and Byrds","floor":24,"turns":4},{"damage":0,"enemies":"Centurion and Healer","floor":27,"turns":5},{"damage":0,"enemies":"Sentry and Sphere","floor":29,"turns":3},{"damage":11,"enemies":"Snake Plant","floor":31,"turns":3},{"damage":34,"enemies":"Automaton","floor":33,"turns":6}],"seed_played":"-4776813811870076689","potions_obtained":[{"floor":2,"key":"Weak Potion"},{"floor":3,"key":"Fire Potion"},{"floor":14,"key":"SpeedPotion"},{"floor":18,"key":"AttackPotion"},{"floor":22,"key":"Poison Potion"},{"floor":27,"key":"Energy Potion"},{"floor":29,"key":"Energy Potion"}],"is_trial":true,"path_per_floor":["M","M","M","M","M","R","E","?","T","?","R","E","M","E","R","B",null,"M","?","M","M","?","R","M","R","T","M","R","M","?","M","R","B"],"character_chosen":"THE_SILENT","items_purchased":[],"campfire_rested":3,"item_purchase_floors":[],"current_hp_per_floor":[59,57,50,46,46,46,25,21,21,21,42,42,34,24,24,6,56,34,34,33,19,19,40,21,42,42,42,42,42,42,31,31,0],"gold":562,"neow_bonus":"","is_prod":false,"is_daily":false,"chose_seed":false,"campfire_upgraded":4,"win_rate":0,"timestamp":1550767029,"path_taken":["M","M","M","M","?","R","E","?","T","?","R","E","M","E","R","BOSS","M","?","M","M","?","R","M","R","T","M","R","M","?","M","R","BOSS"],"build_version":"2019-01-23","purchased_purges":0,"victory":false,"max_hp_per_floor":[66,66,66,66,66,66,66,73,73,73,73,73,73,73,73,73,73,73,73,73,73,73,73,73,73,73,73,73,73,73,73,73,73],"card_choices":[{"not_picked":["Deadly Poison","PiercingWail"],"picked":"Underhanded Strike","floor":1},{"not_picked":["PiercingWail","Bane","Deflect"],"picked":"SKIP","floor":2},{"not_picked":["Leg Sweep","Caltrops"],"picked":"Quick Slash","floor":3},{"not_picked":["Flying Knee","Distraction"],"picked":"Masterful Stab","floor":4},{"not_picked":["Flechettes","Skewer","Venomology"],"picked":"SKIP","floor":5},{"not_picked":["Poisoned Stab","Sucker Punch"],"picked":"Backflip","floor":7},{"not_picked":["Flying Knee","Slice","Riddle With Holes"],"picked":"SKIP","floor":12},{"not_picked":["Sucker Punch","Bane","Dodge and Roll"],"picked":"SKIP","floor":13},{"not_picked":["Deadly Poison","Choke"],"picked":"A Thousand Cuts","floor":14},{"not_picked":["Venomology","Storm of Steel"],"picked":"Corpse Explosion","floor":16},{"not_picked":["Dagger Spray+1","Dagger Throw+1"],"picked":"Cloak And Dagger","floor":18},{"not_picked":["Quick Slash","Deadly Poison","Cloak And Dagger"],"picked":"SKIP","floor":20},{"not_picked":["Distraction","Phantasmal Killer","Dash"],"picked":"SKIP","floor":21},{"not_picked":["Sucker Punch","Blade Dance","Noxious Fumes"],"picked":"SKIP","floor":24},{"not_picked":["Accuracy","Poisoned Stab","Quick Slash"],"picked":"SKIP","floor":27},{"not_picked":["Slice+1","PiercingWail"],"picked":"Unload","floor":29},{"not_picked":["Cloak And Dagger","PiercingWail","Slice"],"picked":"SKIP","floor":31}],"player_experience":4373998,"relics_obtained":[{"floor":7,"key":"Ice Cream"},{"floor":9,"key":"Anchor"},{"floor":12,"key":"Omamori"},{"floor":14,"key":"Art of War"},{"floor":22,"key":"Red Mask"},{"floor":26,"key":"Bag of Preparation"}],"event_choices":[{"damage_healed":0,"gold_gain":0,"player_choice":"Success","damage_taken":11,"relics_obtained":["Strawberry"],"max_hp_gain":0,"max_hp_loss":0,"event_name":"Scrap Ooze","floor":8,"gold_loss":0},{"damage_healed":0,"gold_gain":0,"player_choice":"Ignored","damage_taken":0,"max_hp_gain":0,"max_hp_loss":0,"event_name":"Golden Idol","floor":10,"gold_loss":0},{"damage_healed":0,"gold_gain":50,"player_choice":"Stole From Cult","damage_taken":0,"max_hp_gain":0,"max_hp_loss":0,"event_name":"Nest","floor":19,"gold_loss":0},{"damage_healed":0,"gold_gain":0,"player_choice":"Fought Bandits","damage_taken":0,"max_hp_gain":0,"max_hp_loss":0,"event_name":"Masked Bandits","floor":22,"gold_loss":0},{"damage_healed":0,"gold_gain":0,"player_choice":"Ignored","damage_taken":0,"max_hp_gain":0,"max_hp_loss":0,"event_name":"Vampires","floor":30,"gold_loss":0}],"is_beta":false,"boss_relics":[{"not_picked":["Busted Crown","Snecko Eye"],"picked":"Pandora\u0027s Box"}],"items_purged_floors":[],"is_endless":false,"potions_floor_spawned":[2,3,14,18,22,27,29],"killed_by":"Automaton","ascension_level":20}