{"gold_per_floor":[117,129,129,143,157,182,182,182,205,205,205,0,67,90,90,195,195,214,214,214,214,214,549,549,252,252,252,252,284,284,302,302,400,400,421,438,438,179,179,179,213,213,213,213,213,213,213,269,269,271],"floor_reached":51,"playtime":718,"items_purged":["Crow Ritual+1"],"score":858,"play_id":"bada1fed-f1bc-404e-9561-207213cb7a6d","local_time":"20190116225408","is_ascension_mode":false,"campfire_choices":[{"data":"Crow Ritual","floor":7,"key":"SMITH"},{"data":"Crow Ritual","floor":11,"key":"SMITH"},{"data":"Crow Ritual","floor":15,"key":"SMITH"},{"data":"Crow Ritual","floor":24,"key":"SMITH"},{"data":"Crow Ritual","floor":27,"key":"SMITH"},{"data":"Sword Boomerang","floor":32,"key":"SMITH"},{"data":"Crow Ritual+1","floor":40,"key":"PURGE"},{"data":"Crow Ritual+1","floor":42,"key":"PURGE"},{"data":"Pot Of Greed","floor":44,"key":"SMITH"},{"data":"Crow Ritual+1","floor":47,"key":"PURGE"},{"floor":49,"key":"REST"}],"neow_cost":"NONE","seed_source_timestamp":0,"circlet_count":0,"master_deck":["Crow Ritual+1","Sword Boomerang+1","Shrug It Off+1","Pot Of Greed+1"],"relics":["Black Blood","NeowsBlessing","Baseball","NeowsBlessing","Bandana","NeowsBlessing","Membership Card","Juzu Bracelet","NeowsBlessing","NeowsBlessing","NeowsBlessing","NeowsBlessing","Old Coin","PreservedInsect","Replay:Accelerometer","Chemical X","Pantograph","NeowsBlessing","Red Mask","Pandora\u0027s Box","Peace Pipe","Grinning Jar","The Courier","Bottled Flame","NeowsBlessing","Pondfish Scales"],"potions_floor_usage":[],"damage_taken":[{"damage":0,"enemies":"Cultist","floor":1,"turns":2},{"damage":6,"enemies":"2 Louse","floor":2,"turns":2},{"damage":11,"enemies":"Jaw Worm","floor":4,"turns":2},{"damage":10,"enemies":"Looter","floor":5,"turns":2},{"damage":0,"enemies":"Lagavulin","floor":6,"turns":2},{"damage":0,"enemies":"Gremlin Nob","floor":13,"turns":2},{"damage":10,"enemies":"Exordium Thugs","floor":14,"turns":2},{"damage":0,"enemies":"Fading Forest","floor":16,"turns":2},{"damage":10,"enemies":"Shell Parasite","floor":18,"turns":2},{"damage":27,"enemies":"Slavers","floor":23,"turns":2},{"damage":10,"enemies":"Masked Bandits","floor":29,"turns":2},{"damage":0,"enemies":"2 Thieves","floor":31,"turns":1},{"damage":0,"enemies":"Collector","floor":33,"turns":1},{"damage":20,"enemies":"3 Darklings","floor":35,"turns":3},{"damage":0,"enemies":"Orb Walker","floor":36,"turns":1},{"damage":0,"enemies":"R_Hoarder","floor":41,"turns":1},{"damage":0,"enemies":"2 Orb Walkers","floor":48,"turns":1},{"damage":0,"enemies":"Time Eater","floor":50,"turns":1}],"seed_played":"-4259347384754174839","potions_obtained":[{"floor":2,"key":"Regen Potion"},{"floor":5,"key":"Reflective Coating"},{"floor":6,"key":"FairyPotion"},{"floor":18,"key":"Energy Potion"}],"is_trial":true,"path_per_floor":["M","M","WH","M","M","E","R","WH","T","WH","R","$","?","M","R","B",null,"M","WH","WH","WH","WH","E","R","$","T","R","WH","?","WH","M","R","B",null,"M","M","WH","$","?","R","E","R","T","R","WH","$","R","?","R","B",null],"character_chosen":"IRONCLAD","items_purchased":["Membership Card","PreservedInsect","Replay:Accelerometer","Chemical X","Peace Pipe","Grinning Jar"],"campfire_rested":1,"item_purchase_floors":[12,25,25,25,38,38],"current_hp_per_floor":[80,80,80,75,71,77,77,77,77,77,77,77,80,76,76,80,80,80,80,80,80,80,63,63,63,63,63,63,63,71,81,81,88,88,78,88,96,96,96,96,96,96,96,96,96,96,96,96,96,96],"gold":271,"neow_bonus":"THREE_ENEMY_KILL","is_prod":false,"is_daily":false,"chose_seed":false,"campfire_upgraded":7,"win_rate":0,"timestamp":1547646848,"path_taken":["M","?","WH","M","M","E","R","WH","T","WH","R","$","?","M","R","BOSS","M","WH","WH","WH","WH","E","R","$","T","R","WH","?","WH","M","R","BOSS","M","M","WH","$","?","R","E","R","T","R","WH","?","R","?","R","BOSS"],"build_version":"2019-01-10","purchased_purges":1,"victory":true,"max_hp_per_floor":[80,80,80,80,80,80,80,80,80,80,80,80,80,80,80,80,80,80,80,80,80,80,80,80,80,80,80,80,80,88,88,88,88,88,88,88,96,96,96,96,96,96,96,96,96,96,96,96,96,96],"card_choices":[{"not_picked":["Sword Boomerang","Cleave","Rampage"],"picked":"SKIP","floor":1},{"not_picked":["Sword Boomerang","Havoc","Blood for Blood"],"picked":"SKIP","floor":2},{"not_picked":["Clash","Carnage","Armaments"],"picked":"SKIP","floor":4},{"not_picked":["Perfected Strike","Infernal Blade","Havoc"],"picked":"SKIP","floor":5},{"not_picked":["True Grit","Anger","Body Slam"],"picked":"SKIP","floor":6},{"not_picked":["Headbutt","Twin Strike","Eclipse"],"picked":"SKIP","floor":14},{"not_picked":["Armaments","Havoc","Searing Blow+1"],"picked":"SKIP","floor":18},{"not_picked":["Twin Strike","Havoc","Seeing Red+1"],"picked":"SKIP","floor":23},{"not_picked":["Pommel Strike","Shockwave"],"picked":"Sword Boomerang","floor":29},{"not_picked":["Twin Strike","Carnage+1","Sever Soul"],"picked":"SKIP","floor":31},{"not_picked":["True Grit+1","Rampage","Thunderclap+1"],"picked":"SKIP","floor":35},{"not_picked":["Replay:Undeath\u0027s Touch","Corruption+1"],"picked":"Shrug It Off+1","floor":36},{"not_picked":["Wild Strike","Dual Wield+1","Perfected Strike+1"],"picked":"SKIP","floor":41}],"player_experience":4097922,"relics_obtained":[{"floor":6,"key":"Baseball"},{"floor":9,"key":"Bandana"},{"floor":13,"key":"Juzu Bracelet"},{"floor":23,"key":"Old Coin"},{"floor":26,"key":"Pantograph"},{"floor":29,"key":"Red Mask"},{"floor":41,"key":"The Courier"},{"floor":43,"key":"Bottled Flame"},{"floor":48,"key":"Pondfish Scales"}],"event_choices":[{"damage_healed":0,"gold_gain":0,"player_choice":"Searched \u00271\u0027 times","damage_taken":0,"max_hp_gain":0,"max_hp_loss":0,"event_name":"Dead Adventurer","floor":13,"gold_loss":0},{"damage_healed":0,"gold_gain":0,"player_choice":"Fought Bandits","damage_taken":0,"max_hp_gain":0,"max_hp_loss":0,"event_name":"Masked Bandits","floor":29,"gold_loss":0},{"damage_healed":0,"gold_gain":0,"player_choice":"Ignored","damage_taken":0,"max_hp_gain":0,"max_hp_loss":0,"event_name":"NoteForYourself","floor":39,"gold_loss":0},{"damage_healed":0,"gold_gain":0,"player_choice":"Fight","damage_taken":0,"max_hp_gain":0,"max_hp_loss":0,"event_name":"Mysterious Sphere","floor":48,"gold_loss":0}],"is_beta":false,"boss_relics":[{"not_picked":["ReplayTheSpireMod:DimensionalGlitch","Replay:Drink Me"],"picked":"Black Blood"},{"not_picked":["Honey Jar","Replay:Bronze Core"],"picked":"Pandora\u0027s Box"}],"items_purged_floors":[38],"is_endless":false,"potions_floor_spawned":[2,5,6,18,29,31,41,48],"ascension_level":0}