{"gold_per_floor":[11,11,28,0,0,0,19,52,75,0,0,27,37,54,54,128,128,138,148,148,165,181,181,207,222,222,222,222,222,222,49,49,49],"floor_reached":33,"playtime":1154,"items_purged":["Strike_R"],"score":575,"play_id":"477ab179-595a-4970-8a0c-17c14db7e0ce","local_time":"20190319122123","is_ascension_mode":true,"campfire_choices":[{"data":"1","floor":6,"key":"LIFT"},{"data":"2","floor":11,"key":"LIFT"},{"data":"Whirlwind","floor":15,"key":"SMITH"},{"data":"3","floor":23,"key":"LIFT"},{"floor":28,"key":"REST"},{"data":"Shockwave","floor":30,"key":"SMITH"},{"data":"Shrug It Off","floor":32,"key":"SMITH"}],"neow_cost":"NO_GOLD","seed_source_timestamp":34144345949017,"circlet_count":0,"master_deck":["AscendersBane","Defend_R","Defend_R","Defend_R","Defend_R","Bash+1","Pommel Strike+1","Shockwave+1","Dropkick","Whirlwind+1","Feed","Disarm+1","Shrug It Off+1","Disarm","Bite","Bite","Bite","Bite","Bite"],"relics":["Burning Blood","Girya","Whetstone","Happy Flower","Blue Candle","Velvet Choker","Question Card","Singing Bowl","Bag of Marbles"],"potions_floor_usage":[8,8,16,19,24,33],"damage_taken":[{"damage":2,"enemies":"2 Louse","floor":1,"turns":3},{"damage":19,"enemies":"Small Slimes","floor":3,"turns":4},{"damage":2,"enemies":"Jaw Worm","floor":7,"turns":3},{"damage":8,"enemies":"Gremlin Nob","floor":8,"turns":3},{"damage":20,"enemies":"Lagavulin","floor":12,"turns":5},{"damage":6,"enemies":"Gremlin Gang","floor":13,"turns":3},{"damage":3,"enemies":"Looter","floor":14,"turns":2},{"damage":13,"enemies":"Slime Boss","floor":16,"turns":6},{"damage":0,"enemies":"Chosen","floor":18,"turns":3},{"damage":8,"enemies":"Spheric Guardian","floor":19,"turns":4},{"damage":7,"enemies":"Snake Plant","floor":21,"turns":4},{"damage":37,"enemies":"Shelled Parasite and Fungi","floor":22,"turns":7},{"damage":7,"enemies":"Book of Stabbing","floor":24,"turns":5},{"damage":0,"enemies":"3 Cultists","floor":25,"turns":2},{"damage":92,"enemies":"Automaton","floor":33,"turns":10}],"seed_played":"8004443609588359461","potions_obtained":[{"floor":1,"key":"Energy Potion"},{"floor":7,"key":"Fire Potion"},{"floor":13,"key":"Weak Potion"},{"floor":14,"key":"SteroidPotion"},{"floor":18,"key":"Block Potion"},{"floor":19,"key":"Block Potion"}],"is_trial":false,"path_per_floor":["M","?","M","?","?","R","M","E","T","$","R","E","M","M","R","B",null,"M","M","?","M","M","R","E","M","T","?","R","?","R","$","R","B"],"character_chosen":"IRONCLAD","items_purchased":["Bag of Marbles"],"campfire_rested":1,"item_purchase_floors":[31],"current_hp_per_floor":[72,77,64,64,64,64,68,66,66,66,66,52,52,55,55,48,72,78,76,76,78,50,50,52,61,61,34,63,63,63,63,63,0],"gold":49,"neow_bonus":"ONE_RARE_RELIC","is_prod":false,"is_daily":false,"chose_seed":false,"campfire_upgraded":3,"win_rate":0,"timestamp":1552965683,"path_taken":["M","?","M","?","?","R","M","E","T","$","R","E","M","?","R","BOSS","M","?","?","M","?","R","E","?","T","?","R","?","R","?","R","BOSS"],"build_version":"2019-01-23","purchased_purges":1,"victory":false,"max_hp_per_floor":[75,80,80,80,80,80,80,80,80,80,80,80,80,80,80,80,80,80,80,80,83,86,86,89,92,92,97,97,67,67,67,67,67],"card_choices":[{"not_picked":["Body Slam","Flex","Rampage"],"picked":"SKIP","floor":1},{"not_picked":["Clash","Iron Wave"],"picked":"Pommel Strike","floor":3},{"not_picked":["Entrench","Armaments","Intimidate"],"picked":"SKIP","floor":7},{"not_picked":["Blood for Blood","Second Wind"],"picked":"Shockwave","floor":8},{"not_picked":["Blood for Blood","Reckless Charge","Wild Strike"],"picked":"SKIP","floor":12},{"not_picked":["Anger","Sentinel"],"picked":"Dropkick","floor":13},{"not_picked":["Shockwave","Fire Breathing"],"picked":"Whirlwind","floor":14},{"not_picked":["Exhume","Barricade"],"picked":"Feed","floor":16},{"not_picked":["Bloodletting","Seeing Red"],"picked":"Disarm+1","floor":18},{"not_picked":["Metallicize","Rampage+1"],"picked":"Shrug It Off","floor":19},{"not_picked":["Combust","Blood for Blood","Havoc"],"picked":"SKIP","floor":21},{"not_picked":["Armaments","Wild Strike"],"picked":"Disarm","floor":22},{"not_picked":["Twin Strike","Flex","Blood for Blood"],"picked":"SKIP","floor":24},{"not_picked":["Rage","Clash","Havoc","Iron Wave"],"picked":"SKIP","floor":25}],"player_experience":750688,"relics_obtained":[{"floor":8,"key":"Whetstone"},{"floor":9,"key":"Happy Flower"},{"floor":12,"key":"Blue Candle"},{"floor":24,"key":"Question Card"},{"floor":26,"key":"Singing Bowl"}],"event_choices":[{"damage_healed":0,"gold_gain":0,"player_choice":"Donut","damage_taken":0,"max_hp_gain":5,"max_hp_loss":0,"event_name":"Big Fish","floor":2,"gold_loss":0},{"damage_healed":0,"gold_gain":0,"player_choice":"Left Gold","damage_taken":0,"max_hp_gain":0,"max_hp_loss":0,"event_name":"World of Goop","floor":4,"gold_loss":28},{"damage_healed":0,"gold_gain":0,"player_choice":"Grow","damage_taken":0,"max_hp_gain":0,"max_hp_loss":0,"event_name":"Living Wall","floor":5,"gold_loss":0,"cards_upgraded":["Bash"]},{"damage_healed":0,"gold_gain":0,"player_choice":"Got Potions","damage_taken":0,"max_hp_gain":0,"max_hp_loss":0,"event_name":"Lab","floor":20,"gold_loss":0},{"damage_healed":0,"gold_gain":0,"player_choice":"Shed Blood","damage_taken":32,"max_hp_gain":5,"max_hp_loss":0,"event_name":"Forgotten Altar","floor":27,"gold_loss":0},{"damage_healed":0,"gold_gain":0,"player_choice":"Became a vampire","damage_taken":0,"max_hp_gain":0,"max_hp_loss":30,"event_name":"Vampires","floor":29,"gold_loss":0,"cards_obtained":["Bite","Bite","Bite","Bite","Bite"]}],"is_beta":false,"boss_relics":[{"not_picked":["Snecko Eye","Sozu"],"picked":"Velvet Choker"}],"items_purged_floors":[10],"is_endless":false,"potions_floor_spawned":[1,7,13,14,18,19],"killed_by":"Automaton","ascension_level":20}