{"gold_per_floor":[112,112,112,132,132,132,166,466,466,481,501,512,512],"floor_reached":13,"playtime":364,"items_purged":[],"score":162,"play_id":"ba3eba1c-ea07-4feb-8879-7464cee47486","local_time":"20190315110540","is_ascension_mode":true,"campfire_choices":[{"data":"Coolheaded","floor":6,"key":"SMITH"},{"floor":8,"key":"DIG"}],"neow_cost":"PERCENT_DAMAGE","seed_source_timestamp":310918817559,"circlet_count":0,"master_deck":["AscendersBane","Strike_B","Strike_B","Strike_B","Defend_B","Defend_B","Defend_B","Defend_B","Zap","Dualcast","Beam Cell","Storm","Coolheaded+1","Reinforced Body","Go for the Eyes","Sweeping Beam","Tempest"],"relics":["Cracked Core","Emotion Chip","Regal Pillow","Shovel","Old Coin","Kunai"],"potions_floor_usage":[7,11,13],"damage_taken":[{"damage":2,"enemies":"Jaw Worm","floor":1,"turns":3},{"damage":2,"enemies":"Cultist","floor":4,"turns":4},{"damage":16,"enemies":"Lagavulin","floor":7,"turns":6},{"damage":1,"enemies":"Small Slimes","floor":10,"turns":2},{"damage":0,"enemies":"2 Fungi Beasts","floor":11,"turns":2},{"damage":10,"enemies":"Large Slime","floor":12,"turns":6},{"damage":16,"enemies":"Exordium Wildlife","floor":13,"turns":1}],"seed_played":"-8482836854298947682","potions_obtained":[{"floor":1,"key":"PowerPotion"},{"floor":4,"key":"FocusPotion"},{"floor":10,"key":"Fire Potion"},{"floor":11,"key":"SpeedPotion"}],"is_trial":false,"path_per_floor":["M","?","?","M","?","R","E","R","T","M","M","M","M"],"character_chosen":"DEFECT","items_purchased":[],"campfire_rested":0,"item_purchase_floors":[],"current_hp_per_floor":[44,33,33,31,36,36,20,20,20,19,19,9,0],"gold":512,"neow_bonus":"ONE_RARE_RELIC","is_prod":false,"is_daily":false,"chose_seed":false,"campfire_upgraded":1,"win_rate":0,"timestamp":1552662340,"path_taken":["M","?","?","?","?","R","E","R","T","M","M","M","M"],"build_version":"2019-01-23","purchased_purges":0,"victory":false,"max_hp_per_floor":[71,71,71,71,76,76,76,76,76,76,76,76,76],"card_choices":[{"not_picked":["Force Field","Turbo"],"picked":"Beam Cell","floor":1},{"not_picked":["Lockon","Barrage"],"picked":"Coolheaded","floor":4},{"not_picked":["Streamline","Steam Power"],"picked":"Reinforced Body","floor":7},{"not_picked":["Conserve Battery","Stack"],"picked":"Go for the Eyes","floor":10},{"not_picked":["Blizzard","Leap"],"picked":"Sweeping Beam","floor":11},{"not_picked":["Hello World","Leap"],"picked":"Tempest","floor":12}],"player_experience":534117,"relics_obtained":[{"floor":7,"key":"Shovel"},{"floor":8,"key":"Old Coin"},{"floor":9,"key":"Kunai"}],"event_choices":[{"damage_healed":0,"gold_gain":0,"player_choice":"Success","damage_taken":11,"relics_obtained":["Regal Pillow"],"max_hp_gain":0,"max_hp_loss":0,"event_name":"Scrap Ooze","floor":2,"gold_loss":0},{"damage_healed":0,"gold_gain":0,"cards_transformed":["Strike_B"],"player_choice":"Transformed","damage_taken":0,"max_hp_gain":0,"max_hp_loss":0,"event_name":"Transmorgrifier","floor":3,"gold_loss":0,"cards_obtained":["Storm"]},{"damage_healed":0,"gold_gain":0,"player_choice":"Donut","damage_taken":0,"max_hp_gain":5,"max_hp_loss":0,"event_name":"Big Fish","floor":5,"gold_loss":0}],"is_beta":false,"boss_relics":[],"items_purged_floors":[],"is_endless":false,"potions_floor_spawned":[1,4,10,11,12],"killed_by":"Exordium Wildlife","ascension_level":18}