{"gold_per_floor":[117,130,150,250,260,260,279,279,279,289,289,289],"floor_reached":12,"playtime":809,"items_purged":[],"score":97,"play_id":"48ac5914-e625-452a-956b-d57482235545","local_time":"20190222223942","is_ascension_mode":true,"campfire_choices":[{"floor":6,"key":"REST"},{"data":"Flex","floor":8,"key":"SMITH"}],"neow_cost":"CURSE","seed_source_timestamp":525728657122442,"circlet_count":0,"master_deck":["Strike_R","Strike_R","Strike_R","Strike_R","Strike_R","Defend_R","Defend_R","Defend_R","Defend_R","Bash","Doubt","Flex+1","Body Slam","Perfected Strike","Evolve"],"special_seed":0,"relics":["Burning Blood","Champion Belt","Incense Burner"],"potions_floor_usage":[7,12],"damage_taken":[{"damage":18.0,"enemies":"2 Louse","floor":1.0,"turns":3.0},{"damage":15.0,"enemies":"Cultist","floor":2.0,"turns":5.0},{"damage":7.0,"enemies":"Small Slimes","floor":3.0,"turns":4.0},{"damage":39,"enemies":"Exordium Thugs","floor":5,"turns":8},{"damage":20,"enemies":"Blue Slaver","floor":7,"turns":4},{"damage":26,"enemies":"3 Louse","floor":10,"turns":4},{"damage":20,"enemies":"Lagavulin","floor":12,"turns":3}],"seed_played":"7953555562107281447","potions_obtained":[{"floor":1.0,"key":"LiquidBronze"},{"floor":3.0,"key":"GamblersBrew"},{"floor":5,"key":"Dexterity Potion"},{"floor":10,"key":"Regen Potion"}],"is_trial":false,"path_per_floor":["M","M","M","?","M","R","M","R","T","M","?","E"],"character_chosen":"IRONCLAD","items_purchased":[],"campfire_rested":1,"item_purchase_floors":[],"current_hp_per_floor":[60,51,50,50,17,41,27,27,27,7,4,0],"gold":289,"neow_bonus":"ONE_RARE_RELIC","is_prod":false,"is_daily":false,"chose_seed":false,"campfire_upgraded":1,"win_rate":0,"timestamp":1550842782,"path_taken":["M","M","M","?","M","R","M","R","T","?","?","E"],"build_version":"2019-01-23","purchased_purges":0,"victory":false,"max_hp_per_floor":[80,80,80,80,80,80,80,80,80,80,80,80],"card_choices":[{"not_picked":["Pommel Strike","Heavy Blade"],"picked":"Flex","floor":1.0},{"not_picked":["Perfected Strike","True Grit"],"picked":"Body Slam","floor":2.0},{"not_picked":["Sword Boomerang","Wild Strike"],"picked":"Perfected Strike","floor":3.0},{"not_picked":["Carnage","Headbutt","Intimidate"],"picked":"SKIP","floor":5},{"not_picked":["Infernal Blade","Iron Wave","Flex"],"picked":"SKIP","floor":7},{"not_picked":["Heavy Blade","Sword Boomerang"],"picked":"Evolve","floor":10}],"player_experience":178297,"relics_obtained":[{"floor":9,"key":"Incense Burner"}],"event_choices":[{"damage_healed":0.0,"max_hp_gain":0.0,"max_hp_loss":0.0,"gold_gain":100.0,"event_name":"Wheel of Change","player_choice":"Gold","floor":4.0,"gold_loss":0.0,"damage_taken":0.0},{"damage_healed":0,"gold_gain":0,"player_choice":"Fled","damage_taken":3,"max_hp_gain":0,"max_hp_loss":0,"event_name":"Scrap Ooze","floor":11,"gold_loss":0}],"is_beta":false,"boss_relics":[],"items_purged_floors":[],"is_endless":false,"potions_floor_spawned":[1,3,5,10],"killed_by":"Lagavulin","ascension_level":7}