{"gold_per_floor":[115,132,148,163,88,88,118,118,144,170,170,170,190,208,208,208],"floor_reached":16,"playtime":431,"items_purged":[],"score":224,"play_id":"4acad0e6-21a8-4822-a874-1a610adf2702","local_time":"20190321234112","is_ascension_mode":true,"campfire_choices":[{"data":"Fission","floor":6,"key":"SMITH"},{"data":"Zap","floor":12,"key":"SMITH"},{"data":"Tempest","floor":15,"key":"SMITH"}],"neow_cost":"NONE","seed_source_timestamp":690706275756700,"circlet_count":0,"master_deck":["AscendersBane","Strike_B","Strike_B","Strike_B","Defend_B","Defend_B","Defend_B","Defend_B","Zap+1","Dualcast","Ball Lightning","Capacitor","Hologram","Tempest+1","Fission+1","Ball Lightning","Barrage"],"relics":["Cracked Core","Pen Nib","Lantern","Orichalcum"],"potions_floor_usage":[7],"damage_taken":[{"damage":0,"enemies":"Small Slimes","floor":1,"turns":3},{"damage":7,"enemies":"Jaw Worm","floor":2,"turns":3},{"damage":1,"enemies":"Cultist","floor":3,"turns":4},{"damage":13,"enemies":"Red Slaver","floor":4,"turns":4},{"damage":27,"enemies":"3 Sentries","floor":7,"turns":6},{"damage":15,"enemies":"Lagavulin","floor":10,"turns":5},{"damage":24,"enemies":"Large Slime","floor":13,"turns":4},{"damage":16,"enemies":"Exordium Wildlife","floor":14,"turns":3},{"damage":14,"enemies":"Hexaghost","floor":16,"turns":7}],"seed_played":"492708566559640317","potions_obtained":[{"floor":3,"key":"Strength Potion"},{"floor":4,"key":"Regen Potion"},{"floor":7,"key":"Energy Potion"},{"floor":14,"key":"SteroidPotion"}],"is_trial":false,"path_per_floor":["M","M","M","M","?","R","E","?","T","E","?","R","M","M","R","B"],"character_chosen":"DEFECT","items_purchased":[],"campfire_rested":0,"item_purchase_floors":[],"current_hp_per_floor":[64,57,56,43,43,43,31,31,31,16,71,71,47,31,31,17],"gold":208,"neow_bonus":"THREE_CARDS","is_prod":false,"is_daily":false,"chose_seed":false,"campfire_upgraded":3,"win_rate":0,"timestamp":1553179272,"path_taken":["M","M","M","M","?","R","E","?","T","E","?","R","M","M","R","BOSS"],"build_version":"2019-01-23","purchased_purges":0,"victory":false,"max_hp_per_floor":[71,71,71,71,71,71,71,71,71,71,71,71,71,71,71,71],"card_choices":[{"not_picked":["Coolheaded","Rip and Tear"],"picked":"Ball Lightning","floor":0},{"not_picked":["Streamline","Force Field"],"picked":"Capacitor","floor":1},{"not_picked":["Compile Driver","Turbo"],"picked":"Hologram","floor":2},{"not_picked":["Sweeping Beam","Hello World"],"picked":"Tempest","floor":3},{"not_picked":["Redo","Rip and Tear"],"picked":"Fission","floor":4},{"not_picked":["Cold Snap","Static Discharge","Storm"],"picked":"SKIP","floor":7},{"not_picked":["Streamline","Hologram"],"picked":"Melter","floor":10},{"not_picked":["Cold Snap","Beam Cell"],"picked":"Ball Lightning","floor":13},{"not_picked":["Self Repair","Rebound"],"picked":"Barrage","floor":14}],"player_experience":4578015,"relics_obtained":[{"floor":7,"key":"Pen Nib"},{"floor":9,"key":"Lantern"},{"floor":10,"key":"Orichalcum"}],"event_choices":[{"cards_removed":["Strike_B"],"damage_healed":0,"gold_gain":0,"player_choice":"Card Removal","damage_taken":0,"max_hp_gain":0,"max_hp_loss":0,"event_name":"The Cleric","floor":5,"gold_loss":75},{"damage_healed":0,"gold_gain":0,"player_choice":"Ignored","damage_taken":0,"max_hp_gain":0,"max_hp_loss":0,"event_name":"Liars Game","floor":8,"gold_loss":0},{"cards_removed":["Melter"],"damage_healed":55,"gold_gain":0,"player_choice":"Offered Uncommon","damage_taken":0,"max_hp_gain":0,"max_hp_loss":0,"event_name":"Bonfire Elementals","floor":11,"gold_loss":0}],"is_beta":false,"boss_relics":[],"items_purged_floors":[],"is_endless":false,"potions_floor_spawned":[3,4,7,14],"killed_by":"Hexaghost","ascension_level":20}