{"gold_per_floor":[111,129,147,165,185,219,219,249,249,263,263,263,289,306,306,407,407,424,424,407,422,435,435],"floor_reached":23,"playtime":1959,"items_purged":[],"score":250,"play_id":"0b7b02c1-fdf7-4c74-b855-c4ae0e319a64","local_time":"20190319205209","is_ascension_mode":true,"campfire_choices":[{"data":"Footwork","floor":7,"key":"SMITH"},{"data":"Bouncing Flask","floor":12,"key":"SMITH"},{"floor":15,"key":"REST"}],"neow_cost":"NONE","seed_source_timestamp":857335283900,"circlet_count":0,"master_deck":["Defend_G","Defend_G","Defend_G","Defend_G","Defend_G","Strike_G+1","Strike_G","Strike_G","Strike_G","Strike_G+1","Survivor","Neutralize","Cloak And Dagger","Quick Slash","Dagger Throw","Footwork+1","Bouncing Flask+1","Reflex","Flying Knee","Die Die Die","Terror","Backstab","After Image+1","Poisoned Stab","Acrobatics+1","Leg Sweep","Noxious Fumes+1"],"relics":["Ring of the Snake","Nunchaku","Whetstone","Frozen Egg 2","Thread and Needle","Calling Bell","Bronze Scales","Paper Crane","WingedGreaves"],"potions_floor_usage":[6,6,18,18,23],"damage_taken":[{"damage":1,"enemies":"Cultist","floor":1,"turns":5},{"damage":0,"enemies":"2 Louse","floor":2,"turns":2},{"damage":7,"enemies":"Jaw Worm","floor":3,"turns":4},{"damage":0,"enemies":"Red Slaver","floor":4,"turns":4},{"damage":4,"enemies":"Large Slime","floor":5,"turns":11},{"damage":4,"enemies":"Lagavulin","floor":6,"turns":6},{"damage":32,"enemies":"3 Sentries","floor":8,"turns":11},{"damage":2,"enemies":"Blue Slaver","floor":10,"turns":4},{"damage":18,"enemies":"Lagavulin","floor":13,"turns":7},{"damage":8,"enemies":"Exordium Thugs","floor":14,"turns":4},{"damage":19,"enemies":"Hexaghost","floor":16,"turns":8},{"damage":2,"enemies":"Spheric Guardian","floor":18,"turns":5},{"damage":7,"enemies":"2 Thieves","floor":20,"turns":4},{"damage":12,"enemies":"Cultist and Chosen","floor":21,"turns":6},{"damage":14,"enemies":"Snake Plant","floor":22,"turns":5},{"damage":63,"enemies":"Gremlin Leader","floor":23,"turns":6}],"seed_played":"8274281976787733243","potions_obtained":[{"floor":2,"key":"Block Potion"},{"floor":5,"key":"Ancient Potion"},{"floor":8,"key":"GamblersBrew"},{"floor":16,"key":"PowerPotion"},{"floor":22,"key":"Regen Potion"}],"is_trial":false,"path_per_floor":["M","M","M","M","M","E","R","E","T","M","?","R","E","M","R","B",null,"M","?","M","M","M","E"],"character_chosen":"THE_SILENT","items_purchased":[],"campfire_rested":1,"item_purchase_floors":[],"current_hp_per_floor":[76,76,69,69,65,61,61,29,29,27,46,46,28,20,43,24,77,75,74,67,55,41,0],"gold":435,"neow_bonus":"TEN_PERCENT_HP_BONUS","is_prod":false,"is_daily":false,"chose_seed":false,"campfire_upgraded":2,"win_rate":0,"timestamp":1553025129,"path_taken":["M","M","M","?","M","E","R","E","T","M","?","R","E","M","R","BOSS","M","?","M","M","M","E"],"build_version":"2019-01-23","purchased_purges":0,"victory":false,"max_hp_per_floor":[77,77,77,77,77,77,77,77,77,77,77,77,77,77,77,77,77,77,74,74,74,74,74],"card_choices":[{"not_picked":["PiercingWail","Sucker Punch"],"picked":"Cloak And Dagger","floor":1},{"not_picked":["Underhanded Strike","Blur"],"picked":"Quick Slash","floor":2},{"not_picked":["Bane","Dodge and Roll"],"picked":"Dagger Throw","floor":3},{"not_picked":["Dodge and Roll","Deadly Poison"],"picked":"Footwork","floor":4},{"not_picked":["Distraction","Endless Agony"],"picked":"Bouncing Flask","floor":5},{"not_picked":["Acrobatics","Deadly Poison"],"picked":"Reflex","floor":6},{"not_picked":["Deadly Poison","Endless Agony"],"picked":"Flying Knee","floor":8},{"not_picked":["Quick Slash","Acrobatics"],"picked":"Die Die Die","floor":10},{"not_picked":["Bouncing Flask","Riddle With Holes"],"picked":"Terror","floor":13},{"not_picked":["Cloak And Dagger","Concentrate"],"picked":"Backstab","floor":14},{"not_picked":["Glass Knife","Venomology"],"picked":"After Image+1","floor":16},{"not_picked":["Masterful Stab","Eviscerate"],"picked":"Poisoned Stab","floor":18},{"not_picked":["Deflect","Bouncing Flask"],"picked":"Acrobatics+1","floor":20},{"not_picked":["Malaise","Dodge and Roll"],"picked":"Leg Sweep","floor":21},{"not_picked":["Acrobatics","Accuracy+1"],"picked":"Noxious Fumes+1","floor":22}],"player_experience":390145,"relics_obtained":[{"floor":6,"key":"Nunchaku"},{"floor":8,"key":"Whetstone"},{"floor":9,"key":"Frozen Egg 2"},{"floor":13,"key":"Thread and Needle"},{"floor":17,"key":"Bronze Scales"},{"floor":17,"key":"Paper Crane"},{"floor":17,"key":"WingedGreaves"}],"event_choices":[{"damage_healed":19,"gold_gain":0,"player_choice":"Healed and dodged fight","damage_taken":0,"max_hp_gain":0,"max_hp_loss":0,"event_name":"Mushrooms","floor":11,"gold_loss":0,"cards_obtained":["Parasite"]},{"cards_removed":["Doubt","Pain","Writhe","Parasite"],"damage_healed":0,"gold_gain":0,"player_choice":"Removed Curses","damage_taken":0,"max_hp_gain":0,"max_hp_loss":0,"event_name":"Fountain of Cleansing","floor":19,"gold_loss":0}],"is_beta":false,"boss_relics":[{"not_picked":["Runic Dome","Velvet Choker"],"picked":"Calling Bell"}],"items_purged_floors":[],"is_endless":false,"potions_floor_spawned":[2,5,8,16,22],"killed_by":"Gremlin Leader","ascension_level":3}