{"gold_per_floor":[112,127,137,152,170,170,186,206,206,206,232,232,232,258,258,355,355,338,172,172,183,201,201,201,231,257,257,269,282,307,321,321,419,419,434,452,507,523,542,542,575,575,601,632,632,648,628,129,129,129],"floor_reached":51,"playtime":4260,"items_purged":["Sadistic Nature"],"score":1150,"play_id":"c4eec16d-4a6a-4d05-9225-8274ba3ba5e7","local_time":"20190228134558","is_ascension_mode":true,"campfire_choices":[{"data":"Flex","floor":6.0,"key":"SMITH"},{"data":"Seeing Red","floor":10.0,"key":"SMITH"},{"data":"Bash","floor":13.0,"key":"SMITH"},{"data":"Perfected Strike","floor":15.0,"key":"SMITH"},{"data":"Ghostly","floor":23.0,"key":"SMITH"},{"data":"Ghostly","floor":27.0,"key":"SMITH"},{"data":"Ghostly","floor":32.0,"key":"SMITH"},{"data":"Double Tap","floor":40.0,"key":"SMITH"},{"data":"Demon Form","floor":42.0,"key":"SMITH"},{"data":"Enlightenment","floor":49.0,"key":"SMITH"}],"neow_cost":"NONE","seed_source_timestamp":9206191301183,"circlet_count":0,"master_deck":["Strike_R","Strike_R","Strike_R","Strike_R","Strike_R","Defend_R","Defend_R","Defend_R","Defend_R","Bash+1","Perfected Strike+1","Flex+1","Spot Weakness","Battle Trance","Perfected Strike","Seeing Red+1","Feel No Pain","Juggernaut","Armaments+1","Master of Strategy","Ghostly+1","Ghostly+1","Ghostly+1","Ghostly","Ghostly","Reckless Charge+1","Twin Strike","Perfected Strike","Double Tap+1","Battle Trance+1","Offering","Thunderclap+1","Flex+1","Warcry+1","Bloodletting+1","Demon Form+1","Pommel Strike+1","Panacea","Enlightenment+1","Master of Strategy"],"special_seed":0,"relics":["Black Blood","NeowsBlessing","Bronze Scales","Art of War","Meat on the Bone","Mark of Pain","Happy Flower","Boot","Paper Frog","Girya","Pen Nib","Omamori","Thread and Needle","HandDrill"],"potions_floor_usage":[50,50,50,50],"damage_taken":[{"damage":0.0,"enemies":"Small Slimes","floor":1.0,"turns":2.0},{"damage":0.0,"enemies":"Jaw Worm","floor":2.0,"turns":1.0},{"damage":0.0,"enemies":"2 Louse","floor":3.0,"turns":1.0},{"damage":10.0,"enemies":"Large Slime","floor":4.0,"turns":5.0},{"damage":25.0,"enemies":"Lots of Slimes","floor":5.0,"turns":6.0},{"damage":8.0,"enemies":"Looter","floor":7.0,"turns":2.0},{"damage":9.0,"enemies":"3 Louse","floor":8.0,"turns":3.0},{"damage":25.0,"enemies":"Lagavulin","floor":11.0,"turns":4.0},{"damage":8.0,"enemies":"Gremlin Nob","floor":14.0,"turns":3.0},{"damage":41.0,"enemies":"The Guardian","floor":16.0,"turns":6.0},{"damage":33.0,"enemies":"2 Thieves","floor":18.0,"turns":4.0},{"damage":12.0,"enemies":"Chosen","floor":21.0,"turns":4.0},{"damage":2.0,"enemies":"Centurion and Healer","floor":22.0,"turns":5.0},{"damage":14.0,"enemies":"Book of Stabbing","floor":25.0,"turns":6.0},{"damage":2.0,"enemies":"Cultist and Chosen","floor":28.0,"turns":7.0},{"damage":14.0,"enemies":"Snake Plant","floor":29.0,"turns":3.0},{"damage":9.0,"enemies":"Slavers","floor":30.0,"turns":5.0},{"damage":0.0,"enemies":"Snecko","floor":31.0,"turns":2.0},{"damage":35.0,"enemies":"Champ","floor":33.0,"turns":9.0},{"damage":15.0,"enemies":"3 Darklings","floor":35.0,"turns":6.0},{"damage":17.0,"enemies":"Orb Walker","floor":36.0,"turns":3.0},{"damage":20.0,"enemies":"2 Orb Walkers","floor":37.0,"turns":4.0},{"damage":37.0,"enemies":"Maw","floor":38.0,"turns":7.0},{"damage":3.0,"enemies":"Spire Growth","floor":39.0,"turns":4.0},{"damage":2.0,"enemies":"Nemesis","floor":41.0,"turns":7.0},{"damage":15.0,"enemies":"Giant Head","floor":44.0,"turns":6.0},{"damage":5.0,"enemies":"Sphere and 2 Shapes","floor":46.0,"turns":5.0},{"damage":9,"enemies":"Time Eater","floor":50,"turns":9}],"seed_played":"-931372793866275719","potions_obtained":[{"floor":2.0,"key":"Weak Potion"},{"floor":3.0,"key":"Poison Potion"},{"floor":4.0,"key":"Weak Potion"},{"floor":7.0,"key":"Energy Potion"},{"floor":14.0,"key":"Strength Potion"},{"floor":18.0,"key":"Poison Potion"},{"floor":21.0,"key":"LiquidBronze"},{"floor":28.0,"key":"SpeedPotion"},{"floor":30.0,"key":"Swift Potion"},{"floor":39.0,"key":"Explosive Potion"},{"floor":41.0,"key":"Poison Potion"},{"floor":47.0,"key":"EntropicBrew"}],"is_trial":false,"path_per_floor":["M","M","M","M","M","R","M","M","T","R","E","?","R","E","R","B",null,"M","$","?","M","M","R","?","E","T","R","M","M","E","M","R","B",null,"M","M","?","M","M","R","E","R","T","E","?","M","?","$","R","B",null],"character_chosen":"IRONCLAD","items_purchased":["Master of Strategy","HandDrill","PowerPotion","Master of Strategy"],"campfire_rested":0,"item_purchase_floors":[19,48,48,48],"current_hp_per_floor":[78,80,80,76,57,57,55,52,52,52,33,59,59,57,57,34,69,54,54,40,34,38,38,38,30,30,30,34,38,35,40,40,23,36,31,36,38,23,40,40,40,40,40,35,25,40,40,40,40,40],"gold":129,"neow_bonus":"THREE_ENEMY_KILL","is_prod":false,"is_daily":false,"chose_seed":false,"campfire_upgraded":10,"win_rate":0,"timestamp":1551329158,"path_taken":["M","M","M","M","M","R","M","M","T","R","E","?","R","E","R","BOSS","M","$","?","M","M","R","?","E","T","R","M","M","E","M","R","BOSS","M","M","?","M","M","R","E","R","T","E","?","M","?","$","R","BOSS"],"build_version":"2019-01-23","purchased_purges":1,"victory":true,"max_hp_per_floor":[80,80,80,80,80,80,80,80,80,80,80,80,80,80,80,80,80,80,80,40,40,40,40,40,40,40,40,40,40,40,40,40,40,40,40,40,40,40,40,40,40,40,40,40,40,40,40,40,40,40],"card_choices":[{"not_picked":["Anger","Searing Blow"],"picked":"Perfected Strike","floor":1.0},{"not_picked":["Shrug It Off","Iron Wave"],"picked":"Flex","floor":2.0},{"not_picked":["Anger","Dropkick"],"picked":"Spot Weakness","floor":3.0},{"not_picked":["Spot Weakness","Shrug It Off"],"picked":"Battle Trance","floor":4.0},{"not_picked":["Uppercut","Anger"],"picked":"Perfected Strike","floor":5.0},{"not_picked":["Warcry","Feel No Pain"],"picked":"Seeing Red","floor":7.0},{"not_picked":["Infernal Blade","Battle Trance","Flex"],"picked":"SKIP","floor":8.0},{"not_picked":["Cleave","Heavy Blade"],"picked":"Feel No Pain","floor":11.0},{"not_picked":["Clothesline","Sword Boomerang","Body Slam"],"picked":"SKIP","floor":14.0},{"not_picked":["Immolate","Impervious"],"picked":"Juggernaut","floor":16.0},{"not_picked":["Clash","Havoc+1"],"picked":"Armaments+1","floor":18.0},{"not_picked":["Rampage+1","Twin Strike"],"picked":"Reckless Charge+1","floor":21.0},{"not_picked":["Body Slam","Fire Breathing","Clash"],"picked":"SKIP","floor":22.0},{"not_picked":["True Grit","Wild Strike"],"picked":"Twin Strike","floor":25.0},{"not_picked":["Iron Wave","Rage+1","Inflame+1"],"picked":"SKIP","floor":28.0},{"not_picked":["Havoc","Flex"],"picked":"Perfected Strike","floor":29.0},{"not_picked":["Hemokinesis","Wild Strike"],"picked":"Double Tap","floor":30.0},{"not_picked":["Entrench","Clothesline"],"picked":"Battle Trance+1","floor":31.0},{"not_picked":["Brutality","Berserk"],"picked":"Offering","floor":33.0},{"not_picked":["Flex+1","Sentinel+1"],"picked":"Thunderclap+1","floor":35.0},{"not_picked":["Headbutt+1","Sword Boomerang"],"picked":"Flex+1","floor":36.0},{"not_picked":["Havoc","Twin Strike"],"picked":"Warcry+1","floor":37.0},{"not_picked":["Heavy Blade","Disarm+1","Wild Strike"],"picked":"SKIP","floor":38.0},{"not_picked":["Thunderclap","Cleave"],"picked":"Bloodletting+1","floor":39.0},{"not_picked":["Flex","Burning Pact"],"picked":"Demon Form","floor":41.0},{"not_picked":["Flame Barrier","Feed"],"picked":"Pommel Strike+1","floor":44.0},{"not_picked":["Finesse","Deep Breath"],"picked":"Panacea","floor":45.0},{"not_picked":["Good Instincts","Secret Technique"],"picked":"Enlightenment","floor":45.0},{"not_picked":["Dramatic Entrance","Good Instincts"],"picked":"Sadistic Nature","floor":45.0},{"not_picked":["Clothesline","Warcry+1","Dual Wield"],"picked":"SKIP","floor":46.0}],"player_experience":209735,"relics_obtained":[{"floor":9.0,"key":"Bronze Scales"},{"floor":11.0,"key":"Art of War"},{"floor":14.0,"key":"Meat on the Bone"},{"floor":25.0,"key":"Happy Flower"},{"floor":26.0,"key":"Boot"},{"floor":30.0,"key":"Paper Frog"},{"floor":37.0,"key":"Girya"},{"floor":41.0,"key":"Pen Nib"},{"floor":43.0,"key":"Omamori"},{"floor":44.0,"key":"Thread and Needle"}],"event_choices":[{"damage_healed":26.0,"max_hp_gain":0.0,"max_hp_loss":0.0,"gold_gain":0.0,"event_name":"Big Fish","player_choice":"Banana","floor":12.0,"gold_loss":0.0,"damage_taken":0.0},{"damage_healed":0.0,"max_hp_gain":0.0,"max_hp_loss":40.0,"gold_gain":0.0,"event_name":"Ghosts","player_choice":"Became a Ghost","floor":20.0,"gold_loss":0.0,"damage_taken":0.0,"cards_obtained":["Ghostly","Ghostly","Ghostly","Ghostly","Ghostly"]},{"damage_healed":0.0,"max_hp_gain":0.0,"max_hp_loss":0.0,"gold_gain":0.0,"event_name":"The Mausoleum","player_choice":"Ignored","floor":24.0,"gold_loss":0.0,"damage_taken":0.0},{"damage_healed":0.0,"max_hp_gain":0.0,"max_hp_loss":0.0,"gold_gain":0.0,"event_name":"Mysterious Sphere","player_choice":"Fight","floor":37.0,"gold_loss":0.0,"damage_taken":0.0},{"damage_healed":0.0,"max_hp_gain":0.0,"max_hp_loss":0.0,"gold_gain":0.0,"event_name":"SensoryStone","player_choice":"Memory 3","floor":45.0,"gold_loss":0.0,"damage_taken":10.0},{"damage_healed":0.0,"max_hp_gain":0.0,"max_hp_loss":0.0,"gold_gain":0.0,"event_name":"The Woman in Blue","player_choice":"Bought 1 Potion","floor":47.0,"gold_loss":0.0,"damage_taken":0.0}],"is_beta":false,"boss_relics":[{"not_picked":["White Beast Statue","Tiny House"],"picked":"Mark of Pain"},{"not_picked":["Black Star","Calling Bell"],"picked":"Black Blood"}],"items_purged_floors":[48],"is_endless":false,"potions_floor_spawned":[2,3,4,7,14,18,21,28,30,33,36,38,39,41],"ascension_level":8}