{"gold_per_floor":[115,40,56,2,16,16,42,42,67,67,16,16,66,77,77,77],"floor_reached":16,"playtime":792,"items_purged":["Strike_R"],"score":181,"play_id":"ac78d58f-acd6-4485-a1ab-2c771bfd979c","local_time":"20190314221358","is_ascension_mode":true,"campfire_choices":[{"data":"Cleave","floor":6.0,"key":"SMITH"},{"data":"True Grit","floor":10.0,"key":"SMITH"},{"data":"Flex","floor":12.0,"key":"SMITH"},{"data":"Dropkick","floor":15.0,"key":"SMITH"}],"neow_cost":"NONE","seed_source_timestamp":1059995937269,"circlet_count":0,"master_deck":["AscendersBane","Strike_R","Strike_R","Strike_R","Strike_R","Defend_R","Defend_R","Defend_R","Defend_R","Bash","Dropkick+1","Heavy Blade","Cleave+1","True Grit+1","Flex+1","Evolve"],"special_seed":0,"relics":["Sozu","Strawberry","Anchor","Boot"],"potions_floor_usage":[],"damage_taken":[{"damage":0.0,"enemies":"2 Louse","floor":1.0,"turns":2.0},{"damage":0.0,"enemies":"Cultist","floor":3.0,"turns":2.0},{"damage":5.0,"enemies":"Small Slimes","floor":5.0,"turns":3.0},{"damage":35.0,"enemies":"3 Sentries","floor":7.0,"turns":9.0},{"damage":7.0,"enemies":"Exordium Thugs","floor":14.0,"turns":5.0},{"damage":55,"enemies":"Hexaghost","floor":16,"turns":9}],"seed_played":"-5260526580707676544","potions_obtained":[],"is_trial":false,"path_per_floor":["M","$","M","?","M","R","E","?","T","R","$","R","?","M","R","B"],"character_chosen":"IRONCLAD","items_purchased":["Flex"],"campfire_rested":0,"item_purchase_floors":[11],"current_hp_per_floor":[68,68,68,75,70,70,35,62,62,62,62,62,62,55,55,0],"gold":77,"neow_bonus":"BOSS_RELIC","is_prod":false,"is_daily":false,"chose_seed":false,"campfire_upgraded":4,"win_rate":0,"timestamp":1552569238,"path_taken":["M","$","M","?","?","R","E","?","T","R","?","R","?","M","R","BOSS"],"build_version":"2019-01-23","purchased_purges":1,"victory":false,"max_hp_per_floor":[75,75,75,82,82,82,82,82,82,82,82,82,82,82,82,82],"card_choices":[{"not_picked":["Body Slam","Havoc"],"picked":"Dropkick","floor":1.0},{"not_picked":["Headbutt","Blood for Blood"],"picked":"Heavy Blade","floor":3.0},{"not_picked":["Anger","Warcry"],"picked":"Cleave","floor":5.0},{"not_picked":["Heavy Blade","Warcry"],"picked":"True Grit","floor":7.0},{"not_picked":["Warcry","Rampage"],"picked":"Evolve","floor":14.0}],"player_experience":322033,"relics_obtained":[{"floor":7.0,"key":"Anchor"},{"floor":9.0,"key":"Boot"}],"event_choices":[{"damage_healed":0.0,"max_hp_gain":0.0,"max_hp_loss":0.0,"gold_gain":0.0,"event_name":"WeMeetAgain","player_choice":"Paid Gold","floor":4.0,"gold_loss":54.0,"damage_taken":0.0,"relics_obtained":["Strawberry"]},{"damage_healed":27.0,"max_hp_gain":0.0,"max_hp_loss":0.0,"gold_gain":0.0,"event_name":"Big Fish","player_choice":"Banana","floor":8.0,"gold_loss":0.0,"damage_taken":0.0},{"damage_healed":0.0,"max_hp_gain":0.0,"max_hp_loss":0.0,"gold_gain":50.0,"event_name":"Golden Shrine","player_choice":"Pray","floor":13.0,"gold_loss":0.0,"damage_taken":0.0}],"is_beta":false,"boss_relics":[],"items_purged_floors":[2],"is_endless":false,"potions_floor_spawned":[3,5],"killed_by":"Hexaghost","ascension_level":17}