{"gold_per_floor":[212,212,41,41,61,61,79,79,79,79,90,102,115,41,41,118,118,132,132],"floor_reached":19,"playtime":768,"items_purged":[],"score":294,"play_id":"c6ce8de5-5177-4ddb-9c55-6cb068e691c6","local_time":"20190315141433","is_ascension_mode":true,"campfire_choices":[{"floor":6.0,"key":"REST"},{"data":"Rampage","floor":15,"key":"SMITH"}],"neow_cost":"NONE","seed_source_timestamp":15498960512287,"circlet_count":0,"master_deck":["AscendersBane","Strike_R","Defend_R+1","Defend_R","Defend_R","Defend_R","Bash+1","Rampage+1","Clothesline","Evolve","Intimidate+1","Shrug It Off+1","Flex+1","Warcry+1","Reaper","Sentinel+1","Searing Blow+1","Offering+1","Flex+1"],"special_seed":0,"relics":["Burning Blood","Omamori","Toxic Egg 2","Astrolabe"],"potions_floor_usage":[12,16,19,19],"damage_taken":[{"damage":13.0,"enemies":"Small Slimes","floor":1.0,"turns":4.0},{"damage":14.0,"enemies":"Jaw Worm","floor":5.0,"turns":5.0},{"damage":3.0,"enemies":"Cultist","floor":7.0,"turns":4.0},{"damage":3,"enemies":"2 Fungi Beasts","floor":11,"turns":4},{"damage":16,"enemies":"3 Louse","floor":12,"turns":7},{"damage":7,"enemies":"Blue Slaver","floor":13,"turns":5},{"damage":59,"enemies":"Hexaghost","floor":16,"turns":12},{"damage":51,"enemies":"Spheric Guardian","floor":18,"turns":8},{"damage":21,"enemies":"Shell Parasite","floor":19,"turns":7}],"seed_played":"2724852625775344275","potions_obtained":[{"floor":7.0,"key":"Ancient Potion"},{"floor":11,"key":"Regen Potion"},{"floor":12,"key":"Explosive Potion"},{"floor":13,"key":"EssenceOfSteel"},{"floor":16,"key":"Swift Potion"},{"floor":18,"key":"PowerPotion"}],"is_trial":false,"path_per_floor":["M","?","$","?","M","R","M","?","T","?","M","M","M","$","R","B",null,"M","M"],"character_chosen":"IRONCLAD","items_purchased":["Omamori","Flex+1","Warcry+1"],"campfire_rested":1,"item_purchase_floors":[3,14,14],"current_hp_per_floor":[61,38,38,38,30,52,55,55,55,60,63,68,67,67,67,14,64,19,0],"gold":132,"neow_bonus":"HUNDRED_GOLD","is_prod":false,"is_daily":false,"chose_seed":false,"campfire_upgraded":1,"win_rate":0,"timestamp":1552626873,"path_taken":["M","?","$","?","?","R","M","?","T","?","M","M","M","?","R","BOSS","M","M"],"build_version":"2019-01-23","purchased_purges":0,"victory":false,"max_hp_per_floor":[75,75,75,75,75,75,75,75,75,80,80,80,80,80,80,80,80,80,80],"card_choices":[{"not_picked":["Havoc","Sword Boomerang"],"picked":"Rampage","floor":1.0},{"not_picked":["Infernal Blade","Iron Wave"],"picked":"Clothesline","floor":5.0},{"not_picked":["Power Through","Sentinel"],"picked":"Evolve","floor":7.0},{"not_picked":["Body Slam","Anger","Rampage"],"picked":"SKIP","floor":11},{"not_picked":["Shrug It Off+1","Feel No Pain"],"picked":"Intimidate+1","floor":12},{"not_picked":["Twin Strike","Dual Wield+1"],"picked":"Shrug It Off+1","floor":13},{"not_picked":["Berserk","Brutality"],"picked":"Reaper","floor":16},{"not_picked":["Thunderclap","Heavy Blade"],"picked":"Flex+1","floor":18}],"player_experience":330851,"relics_obtained":[{"floor":9,"key":"Toxic Egg 2"}],"event_choices":[{"damage_healed":0.0,"max_hp_gain":0.0,"max_hp_loss":0.0,"gold_gain":0.0,"event_name":"Shining Light","player_choice":"Entered Light","floor":2.0,"gold_loss":0.0,"damage_taken":23.0,"cards_upgraded":["Bash","Defend_R"]},{"cards_removed":["Strike_R"],"damage_healed":0.0,"max_hp_gain":0.0,"max_hp_loss":0.0,"gold_gain":0.0,"event_name":"Purifier","player_choice":"Purged","floor":4.0,"gold_loss":0.0,"damage_taken":0.0},{"damage_healed":0,"gold_gain":0,"player_choice":"Fled","damage_taken":0,"max_hp_gain":0,"max_hp_loss":0,"event_name":"Scrap Ooze","floor":8,"gold_loss":0},{"damage_healed":0,"gold_gain":0,"player_choice":"Donut","damage_taken":0,"max_hp_gain":5,"max_hp_loss":0,"event_name":"Big Fish","floor":10,"gold_loss":0}],"is_beta":false,"boss_relics":[{"not_picked":["Coffee Dripper","Runic Cube"],"picked":"Astrolabe"}],"items_purged_floors":[],"is_endless":false,"potions_floor_spawned":[7,11,12,13,16,18],"killed_by":"Shell Parasite","ascension_level":17}