{"gold_per_floor":[114,125,50,50,68,101,101,132,167,179,209,239,36,36,36,36],"floor_reached":16,"playtime":674,"items_purged":[],"score":220,"play_id":"dfdc9ce6-4d13-4335-bfa0-7ee9ad3f27ba","local_time":"20190316081627","is_ascension_mode":true,"campfire_choices":[{"data":"Dramatic Entrance","floor":7,"key":"SMITH"},{"data":"Inflame","floor":10,"key":"SMITH"},{"data":"True Grit","floor":15,"key":"SMITH"}],"neow_cost":"NONE","seed_source_timestamp":789818598320445,"circlet_count":0,"master_deck":["AscendersBane","Strike_R","Strike_R","Strike_R","Strike_R","Defend_R","Defend_R","Defend_R","Bash","Dramatic Entrance+1","Shrug It Off","Battle Trance","Inflame+1","Impervious","Pummel","True Grit+1","Headbutt"],"relics":["Burning Blood","Orichalcum","MawBank","Potion Belt","ClockworkSouvenir"],"potions_floor_usage":[8,16,16],"damage_taken":[{"damage":1,"enemies":"Cultist","floor":1,"turns":3},{"damage":8,"enemies":"Jaw Worm","floor":2,"turns":4},{"damage":4,"enemies":"Small Slimes","floor":5,"turns":3},{"damage":36,"enemies":"Lagavulin","floor":6,"turns":7},{"damage":13,"enemies":"3 Sentries","floor":8,"turns":8},{"damage":3,"enemies":"Looter","floor":11,"turns":3},{"damage":0,"enemies":"3 Louse","floor":12,"turns":4},{"damage":52,"enemies":"Slime Boss","floor":16,"turns":9}],"seed_played":"-1461532382205988404","potions_obtained":[{"floor":1,"key":"SneckoOil"},{"floor":2,"key":"Fire Potion"},{"floor":12,"key":"SkillPotion"}],"is_trial":false,"path_per_floor":["M","M","?","?","M","E","R","E","T","R","M","M","$","?","R","B"],"character_chosen":"IRONCLAD","items_purchased":["ClockworkSouvenir"],"campfire_rested":0,"item_purchase_floors":[13],"current_hp_per_floor":[73,71,71,71,73,43,43,36,36,36,39,45,45,50,50,0],"gold":36,"neow_bonus":"RANDOM_COLORLESS","is_prod":false,"is_daily":false,"chose_seed":false,"campfire_upgraded":3,"win_rate":0,"timestamp":1552691787,"path_taken":["M","M","?","?","M","E","R","E","T","R","M","?","?","?","R","BOSS"],"build_version":"2019-01-23","purchased_purges":0,"victory":false,"max_hp_per_floor":[75,75,75,75,75,75,75,75,75,75,75,75,75,80,80,80],"card_choices":[{"not_picked":["Perfected Strike","Searing Blow"],"picked":"Shrug It Off","floor":1},{"not_picked":["Anger","Body Slam"],"picked":"Battle Trance","floor":2},{"not_picked":["Burning Pact","Rage"],"picked":"Inflame","floor":5},{"not_picked":["Havoc","Headbutt"],"picked":"Impervious","floor":6},{"not_picked":["Hemokinesis","Twin Strike"],"picked":"Pummel","floor":8},{"not_picked":["Metallicize","Wild Strike"],"picked":"True Grit","floor":11},{"not_picked":["Anger","Combust"],"picked":"Headbutt","floor":12}],"player_experience":711725,"relics_obtained":[{"floor":6,"key":"Orichalcum"},{"floor":8,"key":"MawBank"},{"floor":9,"key":"Potion Belt"}],"event_choices":[{"cards_removed":["Strike_R"],"damage_healed":0,"gold_gain":0,"player_choice":"Card Removal","damage_taken":0,"max_hp_gain":0,"max_hp_loss":0,"event_name":"The Cleric","floor":3,"gold_loss":75},{"cards_removed":["Defend_R"],"damage_healed":0,"gold_gain":0,"player_choice":"Offered Basic","damage_taken":0,"max_hp_gain":0,"max_hp_loss":0,"event_name":"Bonfire Elementals","floor":4,"gold_loss":0},{"damage_healed":0,"gold_gain":0,"player_choice":"Donut","damage_taken":0,"max_hp_gain":5,"max_hp_loss":0,"event_name":"Big Fish","floor":14,"gold_loss":0}],"is_beta":false,"boss_relics":[],"items_purged_floors":[],"is_endless":false,"potions_floor_spawned":[1,2,12],"killed_by":"Slime Boss","ascension_level":20}