{"gold_per_floor":[109,284,296,296,50,77,27,56,56,56,56],"floor_reached":11,"playtime":451,"items_purged":["Doubt"],"score":115,"play_id":"71d63df7-cdd5-4db5-a3af-b201ff2d3e98","local_time":"20190301223401","is_ascension_mode":true,"campfire_choices":[{"data":"Bloodletting","floor":10.0,"key":"SMITH"}],"neow_cost":"NONE","seed_source_timestamp":1130473940577259,"circlet_count":0,"master_deck":["Strike_R","Strike_R","Strike_R","Strike_R","Defend_R","Defend_R","Defend_R","Defend_R+1","Bash","Armaments","Whirlwind+1","Reaper","Flex","Bloodletting+1"],"special_seed":0,"relics":["Burning Blood","Bag of Preparation","Mummified Hand","Pen Nib","Boot"],"potions_floor_usage":[],"damage_taken":[{"damage":11.0,"enemies":"Cultist","floor":1.0,"turns":4.0},{"damage":13.0,"enemies":"Jaw Worm","floor":3.0,"turns":5.0},{"damage":17.0,"enemies":"3 Sentries","floor":6.0,"turns":6.0},{"damage":19.0,"enemies":"Gremlin Nob","floor":8.0,"turns":3.0},{"damage":50,"enemies":"Lagavulin","floor":11,"turns":5}],"seed_played":"-8838762848065708170","potions_obtained":[{"floor":6.0,"key":"Poison Potion"}],"is_trial":false,"path_per_floor":["M","?","M","?","$","E","?","E","T","R","E"],"character_chosen":"IRONCLAD","items_purchased":["Reaper","Flex"],"campfire_rested":0,"item_purchase_floors":[5,5],"current_hp_per_floor":[67,67,60,44,44,43,43,34,34,34,0],"gold":56,"neow_bonus":"RANDOM_COMMON_RELIC","is_prod":false,"is_daily":false,"chose_seed":false,"campfire_upgraded":1,"win_rate":0,"timestamp":1551447241,"path_taken":["M","?","M","?","$","E","?","E","T","R","E"],"build_version":"2019-01-23","purchased_purges":1,"victory":false,"max_hp_per_floor":[80,80,80,80,80,80,80,80,80,80,80],"card_choices":[{"not_picked":["True Grit","Dual Wield"],"picked":"Armaments","floor":1.0},{"not_picked":["Pommel Strike","True Grit"],"picked":"Whirlwind","floor":3.0},{"not_picked":["Clothesline","Shrug It Off"],"picked":"Bloodletting","floor":6.0},{"not_picked":["Cleave","Clash","Clothesline"],"picked":"SKIP","floor":8.0},{"not_picked":["Cleave","Clash","Clothesline"],"picked":"SKIP","floor":8.0}],"player_experience":219601,"relics_obtained":[{"floor":6.0,"key":"Mummified Hand"},{"floor":8.0,"key":"Pen Nib"},{"floor":9.0,"key":"Boot"}],"event_choices":[{"damage_healed":0.0,"max_hp_gain":0.0,"max_hp_loss":0.0,"gold_gain":175.0,"event_name":"Liars Game","player_choice":"AGREE","floor":2.0,"gold_loss":0.0,"damage_taken":0.0,"cards_obtained":["Doubt"]},{"damage_healed":0.0,"max_hp_gain":0.0,"max_hp_loss":0.0,"gold_gain":0.0,"event_name":"Shining Light","player_choice":"Entered Light","floor":4.0,"gold_loss":0.0,"damage_taken":16.0,"cards_upgraded":["Whirlwind","Defend_R"]},{"cards_removed":["Strike_R"],"damage_healed":0.0,"max_hp_gain":0.0,"max_hp_loss":0.0,"gold_gain":0.0,"event_name":"The Cleric","player_choice":"Card Removal","floor":7.0,"gold_loss":50.0,"damage_taken":0.0}],"is_beta":false,"boss_relics":[],"items_purged_floors":[5],"is_endless":false,"potions_floor_spawned":[6],"killed_by":"Lagavulin","ascension_level":9}