{"gold_per_floor":[115,133,150,169,186,186,186,219,219,219],"floor_reached":10,"playtime":389,"items_purged":[],"score":140,"play_id":"c76e375c-62f4-4286-b4fd-96b7a26f1ad6","local_time":"20190302012926","is_ascension_mode":true,"campfire_choices":[{"floor":6,"key":"REST"}],"neow_cost":"NONE","seed_source_timestamp":1336657273894100,"circlet_count":0,"master_deck":["AscendersBane","Defend_G","Defend_G","Defend_G","Defend_G","Strike_G","Strike_G","Strike_G","Strike_G","Strike_G","Survivor","Neutralize","Corpse Explosion","Cloak And Dagger","Backstab","Footwork","Poisoned Stab","After Image","PiercingWail","Backstab"],"relics":["Ring of the Snake","Mango","Shovel"],"potions_floor_usage":[5],"damage_taken":[{"damage":1,"enemies":"2 Louse","floor":1,"turns":4},{"damage":3,"enemies":"Cultist","floor":2,"turns":4},{"damage":0,"enemies":"Jaw Worm","floor":3,"turns":4},{"damage":21,"enemies":"Exordium Thugs","floor":4,"turns":7},{"damage":13,"enemies":"Exordium Wildlife","floor":5,"turns":4},{"damage":21,"enemies":"Lagavulin","floor":8,"turns":11},{"damage":46,"enemies":"Gremlin Nob","floor":10,"turns":4}],"seed_played":"-9137775742413854926","potions_obtained":[{"floor":3,"key":"Weak Potion"}],"is_trial":false,"path_per_floor":["M","M","M","M","M","R","?","E","T","E"],"character_chosen":"THE_SILENT","items_purchased":[],"campfire_rested":1,"item_purchase_floors":[],"current_hp_per_floor":[58,55,55,34,21,40,40,33,33,0],"gold":219,"neow_bonus":"ONE_RANDOM_RARE_CARD","is_prod":false,"is_daily":false,"chose_seed":false,"campfire_upgraded":0,"win_rate":0,"timestamp":1551457766,"path_taken":["M","M","M","M","M","R","?","E","T","E"],"build_version":"2019-01-23","purchased_purges":0,"victory":false,"max_hp_per_floor":[66,66,66,66,66,66,66,80,80,80],"card_choices":[{"not_picked":["Reflex","Setup"],"picked":"Cloak And Dagger","floor":1},{"not_picked":["Masterful Stab","Escape Plan"],"picked":"Backstab","floor":2},{"not_picked":["Outmaneuver","Slice"],"picked":"Footwork","floor":3},{"not_picked":["Blade Dance","Catalyst"],"picked":"Poisoned Stab","floor":4},{"not_picked":["Dagger Spray","Dagger Throw"],"picked":"After Image","floor":5},{"not_picked":["Cloak And Dagger","Masterful Stab"],"picked":"Backstab","floor":8}],"player_experience":4443856,"relics_obtained":[{"floor":8,"key":"Mango"},{"floor":9,"key":"Shovel"}],"event_choices":[{"damage_healed":0,"gold_gain":0,"cards_transformed":["Defend_G"],"player_choice":"Change","damage_taken":0,"max_hp_gain":0,"max_hp_loss":0,"event_name":"Living Wall","floor":7,"gold_loss":0,"cards_obtained":["PiercingWail"]}],"is_beta":false,"boss_relics":[],"items_purged_floors":[],"is_endless":false,"potions_floor_spawned":[3],"killed_by":"Gremlin Nob","ascension_level":20}