{"gold_per_floor":[118,131,146,156,166,166,185,218,294,326,401,401,401,401,401,401],"floor_reached":16,"playtime":337,"items_purged":[],"score":224,"play_id":"83340f14-1b8e-4a43-bf11-1c8d21d53fd3","local_time":"20190305023757","is_ascension_mode":true,"campfire_choices":[{"floor":6,"key":"REST"},{"floor":12,"key":"REST"},{"data":"Capacitor","floor":15,"key":"SMITH"}],"neow_cost":"PERCENT_DAMAGE","seed_source_timestamp":1600019824828700,"circlet_count":0,"master_deck":["AscendersBane","Strike_B","Strike_B","Strike_B","Defend_B","Defend_B","Defend_B","Zap","Dualcast","Force Field","Sweeping Beam","Rebound","Leap","Self Repair","Cold Snap","Streamline","Doom and Gloom","Capacitor+1","Parasite"],"relics":["Cracked Core","Du-Vu Doll","Darkstone Periapt","Lantern","Calipers"],"potions_floor_usage":[10,16],"damage_taken":[{"damage":4,"enemies":"Jaw Worm","floor":1,"turns":3},{"damage":0,"enemies":"2 Louse","floor":2,"turns":1},{"damage":0,"enemies":"Small Slimes","floor":3,"turns":2},{"damage":8,"enemies":"Blue Slaver","floor":4,"turns":3},{"damage":8,"enemies":"Large Slime","floor":5,"turns":7},{"damage":4,"enemies":"Looter","floor":7,"turns":3},{"damage":30,"enemies":"Gremlin Nob","floor":8,"turns":4},{"damage":20,"enemies":"3 Sentries","floor":10,"turns":4},{"damage":44,"enemies":"Hexaghost","floor":16,"turns":10}],"seed_played":"-1111230694246950895","potions_obtained":[{"floor":1,"key":"GamblersBrew"},{"floor":3,"key":"Ancient Potion"},{"floor":5,"key":"Energy Potion"}],"is_trial":false,"path_per_floor":["M","M","M","M","M","R","M","E","T","E","?","R","?","?","R","B"],"character_chosen":"DEFECT","items_purchased":[],"campfire_rested":2,"item_purchase_floors":[],"current_hp_per_floor":[42,42,42,34,33,54,57,34,34,21,10,31,54,43,43,0],"gold":401,"neow_bonus":"TRANSFORM_TWO_CARDS","is_prod":false,"is_daily":false,"chose_seed":false,"campfire_upgraded":1,"win_rate":0,"timestamp":1551721077,"path_taken":["M","M","M","M","M","R","M","E","T","E","?","R","?","?","R","BOSS"],"build_version":"2019-01-23","purchased_purges":0,"victory":false,"max_hp_per_floor":[71,71,71,71,71,71,71,71,71,71,71,71,77,77,77,77],"card_choices":[{"not_picked":["Hello World","Blizzard","Aggregate"],"picked":"SKIP","floor":1},{"not_picked":["Barrage","Coolheaded"],"picked":"Rebound","floor":2},{"not_picked":["Steam","Go for the Eyes"],"picked":"Leap","floor":3},{"not_picked":["Undo","Recycle"],"picked":"Self Repair","floor":4},{"not_picked":["Multi-Cast","Compile Driver"],"picked":"Cold Snap","floor":5},{"not_picked":["BootSequence","Sweeping Beam"],"picked":"Streamline","floor":7},{"not_picked":["Conserve Battery","Fission"],"picked":"Doom and Gloom","floor":8},{"not_picked":["Hologram","Aggregate"],"picked":"Capacitor","floor":10}],"player_experience":4472214,"relics_obtained":[{"floor":8,"key":"Du-Vu Doll"},{"floor":9,"key":"Darkstone Periapt"},{"floor":10,"key":"Lantern"}],"event_choices":[{"damage_healed":0,"gold_gain":75,"player_choice":"Gather Gold","damage_taken":11,"max_hp_gain":0,"max_hp_loss":0,"event_name":"World of Goop","floor":11,"gold_loss":0},{"damage_healed":17,"gold_gain":0,"player_choice":"Healed and dodged fight","damage_taken":0,"max_hp_gain":0,"max_hp_loss":0,"event_name":"Mushrooms","floor":13,"gold_loss":0,"cards_obtained":["Parasite"]},{"damage_healed":0,"gold_gain":0,"player_choice":"Success","damage_taken":11,"relics_obtained":["Calipers"],"max_hp_gain":0,"max_hp_loss":0,"event_name":"Scrap Ooze","floor":14,"gold_loss":0}],"is_beta":false,"boss_relics":[],"items_purged_floors":[],"is_endless":false,"potions_floor_spawned":[1,3,5],"killed_by":"Hexaghost","ascension_level":20}