{"gold_per_floor":[360,360,82,95,95,95,112,128,151,186,203,103,130,46,46,46],"floor_reached":16,"playtime":646,"items_purged":["Strike_B","Defend_B"],"score":150,"play_id":"1a1eae85-ee2c-4160-9188-88b5039c5f86","local_time":"20190113160924","is_ascension_mode":true,"campfire_choices":[{"data":"Streamline","floor":6.0,"key":"SMITH"},{"floor":15,"key":"REST"}],"neow_cost":"PERCENT_DAMAGE","seed_source_timestamp":108008743666371,"circlet_count":0,"master_deck":["AscendersBane","Strike_B+1","Strike_B+1","Strike_B","Defend_B","Defend_B","Defend_B","Zap","Dualcast","Streamline+1","Leap","Seek","FTL","Conserve Battery"],"special_seed":0,"relics":["Cracked Core","TheAbacus","Whetstone","Oddly Smooth Stone","Odd Mushroom"],"potions_floor_usage":[13,13],"damage_taken":[{"damage":7.0,"enemies":"2 Louse","floor":1.0,"turns":3.0},{"damage":1.0,"enemies":"Cultist","floor":4.0,"turns":3.0},{"damage":7.0,"enemies":"Jaw Worm","floor":7.0,"turns":2.0},{"damage":0.0,"enemies":"Blue Slaver","floor":8.0,"turns":2.0},{"damage":29.0,"enemies":"Gremlin Nob","floor":10.0,"turns":5.0},{"damage":0,"enemies":"Gremlin Gang","floor":11,"turns":4},{"damage":2,"enemies":"The Mushroom Lair","floor":13,"turns":4},{"damage":26,"enemies":"Hexaghost","floor":16,"turns":11}],"seed_played":"-6865724021365039459","potions_obtained":[{"floor":4.0,"key":"Fire Potion"},{"floor":10.0,"key":"EssenceOfSteel"},{"floor":11,"key":"GamblersBrew"}],"is_trial":false,"path_per_floor":["M","?","$","M","$","R","M","M","T","E","M","$","?","$","R","B"],"character_chosen":"DEFECT","items_purchased":["TheAbacus","FTL","Conserve Battery"],"campfire_rested":1,"item_purchase_floors":[3,14,14],"current_hp_per_floor":[43,43,43,42,42,42,35,35,35,6,6,6,4,4,26,0],"gold":46,"neow_bonus":"TWO_FIFTY_GOLD","is_prod":false,"is_daily":false,"chose_seed":false,"campfire_upgraded":1,"win_rate":0,"timestamp":1547413764,"path_taken":["M","?","$","M","$","R","M","M","T","E","?","$","?","?","R","BOSS"],"build_version":"2019-01-10","purchased_purges":2,"victory":false,"max_hp_per_floor":[75,75,75,75,75,75,75,75,75,75,75,75,75,75,75,75],"card_choices":[{"not_picked":["Coolheaded","Blizzard"],"picked":"Streamline","floor":1.0},{"not_picked":["Streamline","Barrage","Darkness"],"picked":"SKIP","floor":4.0},{"not_picked":["Ball Lightning","Barrage"],"picked":"Leap","floor":7.0},{"not_picked":["Go for the Eyes","Redo","Amplify"],"picked":"SKIP","floor":8.0},{"not_picked":["Darkness","Sweeping Beam"],"picked":"Seek","floor":10.0},{"not_picked":["Beam Cell","Streamline","Stack"],"picked":"SKIP","floor":11}],"player_experience":388178,"relics_obtained":[{"floor":9.0,"key":"Whetstone"},{"floor":10.0,"key":"Oddly Smooth Stone"},{"floor":13,"key":"Odd Mushroom"}],"event_choices":[{"damage_healed":0.0,"max_hp_gain":0.0,"max_hp_loss":0.0,"gold_gain":0.0,"event_name":"The Woman in Blue","player_choice":"Bought 0 Potions","floor":2.0,"gold_loss":0.0,"damage_taken":0.0},{"damage_healed":0,"gold_gain":0,"player_choice":"Fought Mushrooms","damage_taken":0,"max_hp_gain":0,"max_hp_loss":0,"event_name":"Mushrooms","floor":13,"gold_loss":0}],"is_beta":false,"boss_relics":[],"items_purged_floors":[3,12],"is_endless":false,"potions_floor_spawned":[4,10,11],"killed_by":"Hexaghost","ascension_level":10}