{"gold_per_floor":[110,120,136,150,150,150,164,189,228,252,262,262,82,82],"floor_reached":14,"playtime":493,"items_purged":["Strike_R"],"score":230,"play_id":"c8dd6f55-5911-421c-869d-5a2ebcd47570","local_time":"20190128013042","is_ascension_mode":true,"campfire_choices":[{"data":"Anger","floor":6,"key":"SMITH"}],"neow_cost":"","seed_source_timestamp":0,"circlet_count":0,"master_deck":["AscendersBane","Strike_R","Strike_R","Strike_R","Strike_R","Defend_R","Defend_R","Defend_R","Defend_R","Bash","Anger+1","Cleave","Feel No Pain+1","True Grit","Flame Barrier","Demon Form","Shockwave"],"relics":["Burning Blood","AscMod:CursedFlame","AscMod:MegaStarOfAscension","AscMod:CursedBank","PreservedInsect","The Courier","Lantern","Smiling Mask","Regal Pillow"],"potions_floor_usage":[8],"damage_taken":[{"damage":10,"enemies":"2 Louse","floor":1,"turns":5},{"damage":7,"enemies":"Cultist","floor":2,"turns":4},{"damage":0,"enemies":"Small Slimes","floor":3,"turns":2},{"damage":13,"enemies":"3 Louse","floor":4,"turns":3},{"damage":11,"enemies":"Looter","floor":7,"turns":2},{"damage":25,"enemies":"Lagavulin","floor":8,"turns":7},{"damage":28,"enemies":"Gremlin Nob","floor":10,"turns":4},{"damage":1,"enemies":"Exordium Wildlife","floor":11,"turns":3},{"damage":20,"enemies":"3 Sentries","floor":14,"turns":2}],"seed_played":"-3540407722213698105","potions_obtained":[{"floor":1,"key":"Ancient Potion"},{"floor":3,"key":"Strength Potion"},{"floor":4,"key":"PowerPotion"}],"is_trial":true,"path_per_floor":["M","M","M","M","?","R","M","E","T","E","M","?","$","E"],"character_chosen":"IRONCLAD","items_purchased":["Regal Pillow"],"campfire_rested":0,"item_purchase_floors":[13],"current_hp_per_floor":[63,61,66,58,58,58,52,32,32,9,13,13,13,0],"gold":82,"neow_bonus":"","is_prod":false,"is_daily":false,"chose_seed":false,"campfire_upgraded":1,"win_rate":0,"timestamp":1548606642,"path_taken":["M","M","M","M","?","R","M","E","T","E","?","?","$","E"],"build_version":"2019-01-23","purchased_purges":1,"victory":false,"max_hp_per_floor":[75,75,75,75,75,75,75,75,75,75,75,75,75,75],"card_choices":[{"not_picked":["Heavy Blade","Cleave"],"picked":"Anger","floor":1},{"not_picked":["Heavy Blade","Wild Strike"],"picked":"Cleave","floor":2},{"not_picked":["Whirlwind","Perfected Strike"],"picked":"Feel No Pain","floor":4},{"not_picked":["Armaments","Rupture"],"picked":"True Grit","floor":7},{"not_picked":["Dropkick","Twin Strike"],"picked":"Flame Barrier","floor":8},{"not_picked":["Headbutt","Impervious"],"picked":"Demon Form","floor":10},{"not_picked":["Inflame","Armaments"],"picked":"Shockwave","floor":11}],"player_experience":4197598,"relics_obtained":[{"floor":8,"key":"The Courier"},{"floor":9,"key":"Lantern"},{"floor":10,"key":"Smiling Mask"}],"event_choices":[{"damage_healed":0,"gold_gain":0,"player_choice":"Gave Potion","damage_taken":0,"relics_obtained":["PreservedInsect"],"max_hp_gain":0,"max_hp_loss":0,"event_name":"WeMeetAgain","floor":5,"gold_loss":0},{"damage_healed":0,"gold_gain":0,"player_choice":"Forge","damage_taken":0,"max_hp_gain":0,"max_hp_loss":0,"event_name":"Accursed Blacksmith","floor":12,"gold_loss":0,"cards_upgraded":["Feel No Pain"]}],"is_beta":false,"boss_relics":[],"items_purged_floors":[13],"is_endless":false,"potions_floor_spawned":[1,3,4],"killed_by":"3 Sentries","ascension_level":25}