{"gold_per_floor":[119,119,139,152,168,168,201,201,224,13,13,28,28,41,41,41],"floor_reached":16,"playtime":837,"items_purged":["Strike_R"],"score":189,"play_id":"f903d2a1-cfb1-4216-b3d5-5b7544113926","local_time":"20190311233005","is_ascension_mode":true,"campfire_choices":[{"floor":6,"key":"REST"},{"floor":8,"key":"REST"},{"data":"Trip","floor":11,"key":"SMITH"},{"floor":15,"key":"REST"}],"neow_cost":"NONE","seed_source_timestamp":698564678484298,"circlet_count":0,"master_deck":["AscendersBane","Strike_R","Strike_R+1","Strike_R","Strike_R+1","Defend_R","Defend_R","Defend_R","Defend_R","Bash","Trip+1","Dual Wield","Heavy Blade","Spot Weakness","Seeing Red","Ghostly Armor","Feel No Pain","Whirlwind","Blood for Blood"],"special_seed":0,"relics":["Burning Blood","Orichalcum","Anchor","Vajra"],"potions_floor_usage":[4,7,12,16],"damage_taken":[{"damage":5.0,"enemies":"Small Slimes","floor":1.0,"turns":3.0},{"damage":8.0,"enemies":"2 Louse","floor":3.0,"turns":3.0},{"damage":0,"enemies":"Cultist","floor":4,"turns":3},{"damage":26,"enemies":"Lots of Slimes","floor":5,"turns":4},{"damage":49,"enemies":"3 Sentries","floor":7,"turns":7},{"damage":15,"enemies":"Gremlin Gang","floor":12,"turns":5},{"damage":8,"enemies":"Blue Slaver","floor":14,"turns":5},{"damage":51,"enemies":"Slime Boss","floor":16,"turns":10}],"seed_played":"-4412583991373351686","potions_obtained":[{"floor":3.0,"key":"Regen Potion"},{"floor":5,"key":"EssenceOfSteel"},{"floor":12,"key":"Explosive Potion"}],"is_trial":false,"path_per_floor":["M","?","M","M","M","R","E","R","T","$","R","M","?","M","R","B"],"character_chosen":"IRONCLAD","items_purchased":["Feel No Pain","Block Potion"],"campfire_rested":3,"item_purchase_floors":[10,10],"current_hp_per_floor":[69,46,44,59,39,61,18,40,40,40,40,31,26,24,46,0],"gold":41,"neow_bonus":"RANDOM_COLORLESS","is_prod":false,"is_daily":false,"chose_seed":false,"campfire_upgraded":1,"win_rate":0,"timestamp":1552314605,"path_taken":["M","?","M","M","M","R","E","R","T","$","R","M","?","M","R","BOSS"],"build_version":"2019-01-23","purchased_purges":1,"victory":false,"max_hp_per_floor":[75,75,75,75,75,75,75,75,75,75,75,75,75,75,75,75],"card_choices":[{"not_picked":["Blood for Blood","Shockwave"],"picked":"Dual Wield","floor":1.0},{"not_picked":["Pommel Strike","Sentinel"],"picked":"Heavy Blade","floor":3.0},{"not_picked":["Iron Wave","True Grit"],"picked":"Spot Weakness","floor":4},{"not_picked":["Pommel Strike","Body Slam"],"picked":"Seeing Red","floor":5},{"not_picked":["Searing Blow","Perfected Strike"],"picked":"Ghostly Armor","floor":7},{"not_picked":["Berserk","Armaments"],"picked":"Whirlwind","floor":12},{"not_picked":["Uppercut","Wild Strike"],"picked":"Blood for Blood","floor":14}],"player_experience":290985,"relics_obtained":[{"floor":7,"key":"Orichalcum"},{"floor":9,"key":"Anchor"}],"event_choices":[{"damage_healed":0.0,"max_hp_gain":0.0,"max_hp_loss":0.0,"gold_gain":0.0,"event_name":"Shining Light","player_choice":"Entered Light","floor":2.0,"gold_loss":0.0,"damage_taken":23.0,"cards_upgraded":["Strike_R","Strike_R"]},{"damage_healed":0,"gold_gain":0,"player_choice":"Success","damage_taken":5,"relics_obtained":["Vajra"],"max_hp_gain":0,"max_hp_loss":0,"event_name":"Scrap Ooze","floor":13,"gold_loss":0}],"is_beta":false,"boss_relics":[],"items_purged_floors":[10],"is_endless":false,"potions_floor_spawned":[3,5,12],"killed_by":"Slime Boss","ascension_level":17}