{"gold_per_floor":[113,129,129,204,154,154,170,201,228,228,76,101,1,11,11,11],"floor_reached":16,"playtime":814,"items_purged":["Strike_R","Strike_R"],"score":113,"play_id":"0251fa32-da15-4394-ae78-3d40adf700fe","local_time":"20190215214712","is_ascension_mode":true,"campfire_choices":[{"data":"Bash","floor":6,"key":"SMITH"},{"data":"Armaments","floor":10,"key":"SMITH"},{"data":"Battle Trance","floor":15,"key":"SMITH"}],"neow_cost":"NONE","seed_source_timestamp":86134888139370,"circlet_count":0,"master_deck":["Strike_R+1","Strike_R+1","Strike_R","Defend_R","Defend_R","Defend_R","Defend_R","Bash+1","Armaments+1","Evolve","Dropkick","Battle Trance+1"],"relics":["Burning Blood","Happy Flower","Whetstone","Anchor","Boot"],"potions_floor_usage":[8,8],"damage_taken":[{"damage":7,"enemies":"2 Louse","floor":1,"turns":3},{"damage":4,"enemies":"Small Slimes","floor":2,"turns":4},{"damage":3,"enemies":"Jaw Worm","floor":7,"turns":4},{"damage":22,"enemies":"3 Sentries","floor":8,"turns":10},{"damage":38,"enemies":"Lagavulin","floor":12,"turns":9},{"damage":0,"enemies":"Large Slime","floor":14,"turns":6},{"damage":48,"enemies":"Slime Boss","floor":16,"turns":9}],"seed_played":"-8764771505310809724","potions_obtained":[{"floor":1,"key":"Poison Potion"},{"floor":7,"key":"Block Potion"},{"floor":8,"key":"GamblersBrew"}],"is_trial":false,"path_per_floor":["M","M","?","?","?","R","M","E","T","R","$","E","$","M","R","B"],"character_chosen":"IRONCLAD","items_purchased":["Evolve"],"campfire_rested":0,"item_purchase_floors":[11],"current_hp_per_floor":[87,88,88,77,77,77,80,64,64,64,64,32,32,38,38,0],"gold":11,"neow_bonus":"TEN_PERCENT_HP_BONUS","is_prod":false,"is_daily":false,"chose_seed":false,"campfire_upgraded":3,"win_rate":0,"timestamp":1550234832,"path_taken":["M","M","?","?","?","R","M","E","T","R","$","E","$","M","R","BOSS"],"build_version":"2019-01-23","purchased_purges":2,"victory":false,"max_hp_per_floor":[88,88,88,88,88,88,88,88,88,88,88,88,88,88,88,88],"card_choices":[{"not_picked":["Inflame","Dual Wield","Heavy Blade"],"picked":"SKIP","floor":1},{"not_picked":["Shrug It Off","Cleave","Blood for Blood"],"picked":"SKIP","floor":2},{"not_picked":["Flex","Intimidate","Iron Wave"],"picked":"SKIP","floor":7},{"not_picked":["Anger","Juggernaut"],"picked":"Armaments","floor":8},{"not_picked":["Rage","Searing Blow"],"picked":"Dropkick","floor":12},{"not_picked":["Anger","Evolve"],"picked":"Battle Trance","floor":14}],"player_experience":102078,"relics_obtained":[{"floor":8,"key":"Whetstone"},{"floor":9,"key":"Anchor"},{"floor":12,"key":"Boot"}],"event_choices":[{"damage_healed":0,"gold_gain":0,"player_choice":"Box","damage_taken":0,"relics_obtained":["Happy Flower"],"max_hp_gain":0,"max_hp_loss":0,"event_name":"Big Fish","floor":3,"gold_loss":0,"cards_obtained":["Regret"]},{"damage_healed":0,"gold_gain":75,"player_choice":"Gather Gold","damage_taken":11,"max_hp_gain":0,"max_hp_loss":0,"event_name":"World of Goop","floor":4,"gold_loss":0},{"cards_removed":["Regret"],"damage_healed":0,"gold_gain":0,"player_choice":"Card Removal","damage_taken":0,"max_hp_gain":0,"max_hp_loss":0,"event_name":"The Cleric","floor":5,"gold_loss":50}],"is_beta":false,"boss_relics":[],"items_purged_floors":[11,13],"is_endless":false,"potions_floor_spawned":[1,7,8],"killed_by":"Slime Boss","ascension_level":1}