{"gold_per_floor":[118,43,118,118,134,161,161,179,179,196,221,221,221,249,249,320,320,331,331,331],"floor_reached":20,"playtime":362,"items_purged":[],"score":435,"play_id":"f5b294e6-f292-403e-a0ff-6694c2f5ff21","local_time":"20190120000642","is_ascension_mode":true,"campfire_choices":[{"data":"Flex","floor":7,"key":"SMITH"},{"data":"Battle Trance","floor":15,"key":"SMITH"}],"neow_cost":"NONE","seed_source_timestamp":25601385652937,"circlet_count":0,"master_deck":["AscendersBane","Strike_R","Strike_R","Defend_R","Defend_R","Defend_R","Defend_R","Bash","Sword Boomerang","Flex+1","Dual Wield","Headbutt","Sword Boomerang+1","Battle Trance+1","Feed+1","Evolve","Sword Boomerang+1","Sword Boomerang+1","Bloodletting"],"relics":["Burning Blood","NeowsBlessing","FossilizedHelix","Molten Egg 2","Odd Mushroom","Red Skull","Orrery"],"potions_floor_usage":[16,16],"damage_taken":[{"damage":0,"enemies":"2 Louse","floor":1,"turns":1},{"damage":0,"enemies":"Jaw Worm","floor":5,"turns":1},{"damage":0,"enemies":"Gremlin Nob","floor":6,"turns":1},{"damage":0,"enemies":"Small Slimes","floor":8,"turns":2},{"damage":0,"enemies":"Red Slaver","floor":10,"turns":2},{"damage":41,"enemies":"The Mushroom Lair","floor":11,"turns":5},{"damage":30,"enemies":"Lagavulin","floor":14,"turns":8},{"damage":6,"enemies":"Hexaghost","floor":16,"turns":4},{"damage":22,"enemies":"3 Byrds","floor":18,"turns":5},{"damage":11,"enemies":"Shell Parasite","floor":20,"turns":3}],"seed_played":"-4810284255763897958","potions_obtained":[{"floor":5,"key":"LiquidBronze"},{"floor":6,"key":"Energy Potion"}],"is_trial":false,"path_per_floor":["M","?","?","?","M","E","R","M","T","M","?","?","T","E","R","B",null,"M","?","M"],"character_chosen":"IRONCLAD","items_purchased":[],"campfire_rested":0,"item_purchase_floors":[],"current_hp_per_floor":[74,74,63,63,69,75,75,75,75,75,40,33,33,9,9,9,59,43,22,11],"gold":331,"neow_bonus":"THREE_ENEMY_KILL","is_prod":false,"is_daily":false,"chose_seed":false,"campfire_upgraded":2,"win_rate":0,"timestamp":1547910402,"path_taken":["M","?","?","?","M","E","R","M","T","?","?","?","?","E","R","BOSS","M","?","M"],"build_version":"2019-01-17v2","purchased_purges":0,"victory":false,"max_hp_per_floor":[75,75,75,75,75,75,75,75,75,75,75,75,75,75,75,75,75,75,80,80],"card_choices":[{"not_picked":["Heavy Blade","Bloodletting"],"picked":"Sword Boomerang","floor":1},{"not_picked":["Bloodletting","Havoc"],"picked":"Flex","floor":5},{"not_picked":["Cleave","Carnage"],"picked":"Dual Wield","floor":6},{"not_picked":["Thunderclap","Barricade"],"picked":"Headbutt","floor":8},{"not_picked":["Cleave+1","Heavy Blade+1"],"picked":"Sword Boomerang+1","floor":10},{"not_picked":["Headbutt+1","Warcry"],"picked":"Battle Trance","floor":14},{"not_picked":["Double Tap","Demon Form"],"picked":"Feed+1","floor":16},{"not_picked":["Pommel Strike+1","Dual Wield"],"picked":"Evolve","floor":17},{"not_picked":["Clash+1","Metallicize"],"picked":"Sword Boomerang+1","floor":17},{"not_picked":["Disarm","Cleave+1"],"picked":"Sword Boomerang+1","floor":17},{"not_picked":["Pommel Strike+1","True Grit"],"picked":"Bloodletting","floor":17},{"not_picked":["Perfected Strike+1","Warcry","Disarm"],"picked":"SKIP","floor":18}],"player_experience":4157885,"relics_obtained":[{"floor":6,"key":"FossilizedHelix"},{"floor":9,"key":"Molten Egg 2"},{"floor":11,"key":"Odd Mushroom"},{"floor":14,"key":"Red Skull"}],"event_choices":[{"cards_removed":["Strike_R"],"damage_healed":0,"gold_gain":0,"player_choice":"Card Removal","damage_taken":0,"max_hp_gain":0,"max_hp_loss":0,"event_name":"The Cleric","floor":2,"gold_loss":75},{"damage_healed":0,"gold_gain":75,"player_choice":"Gather Gold","damage_taken":11,"max_hp_gain":0,"max_hp_loss":0,"event_name":"World of Goop","floor":3,"gold_loss":0},{"cards_removed":["Strike_R"],"damage_healed":0,"gold_gain":0,"player_choice":"Offered Basic","damage_taken":0,"max_hp_gain":0,"max_hp_loss":0,"event_name":"Bonfire Elementals","floor":4,"gold_loss":0},{"damage_healed":0,"gold_gain":0,"player_choice":"Fought Mushrooms","damage_taken":0,"max_hp_gain":0,"max_hp_loss":0,"event_name":"Mushrooms","floor":11,"gold_loss":0},{"cards_removed":["Strike_R"],"damage_healed":0,"gold_gain":0,"player_choice":"Card Removal","damage_taken":7,"max_hp_gain":0,"max_hp_loss":0,"event_name":"Golden Wing","floor":12,"gold_loss":0},{"damage_healed":0,"gold_gain":0,"player_choice":"Shed Blood","damage_taken":26,"max_hp_gain":5,"max_hp_loss":0,"event_name":"Forgotten Altar","floor":19,"gold_loss":0}],"is_beta":false,"boss_relics":[{"not_picked":["Mark of Pain","Black Star"],"picked":"Orrery"}],"items_purged_floors":[],"is_endless":false,"potions_floor_spawned":[5,6,11,14],"killed_by":"Shell Parasite","ascension_level":20}