{"gold_per_floor":[146,16,16,35,35,35,62,78,104,119,119,145,178,198,198,270,270,282,282,292,302,315,315,342,130,204,204,239,239,359,374,374,451,451,471,483,483],"floor_reached":37,"playtime":1769,"items_purged":["Pain","Strike_R"],"score":838,"play_id":"fd04ed76-9f16-42a5-bee4-a56134e958af","local_time":"20190302000750","is_ascension_mode":true,"campfire_choices":[{"data":"Deadly Poison","floor":6,"key":"SMITH"},{"data":"Catalyst","floor":11,"key":"SMITH"},{"data":"Flechettes","floor":15,"key":"SMITH"},{"floor":23,"key":"REST"},{"data":"Whirlwind","floor":27,"key":"SMITH"},{"floor":32,"key":"REST"}],"neow_cost":"","seed_source_timestamp":0,"circlet_count":0,"master_deck":["AscendersBane","Strike_R","Strike_R","Strike_R","Strike_R","Defend_R","Defend_R","Defend_R","Defend_R","Bash","Clumsy","Deadly Poison+1","Dagger Throw","Offering","Flechettes+1","Catalyst+1","Transmutation","Clothesline","Conserve Battery","Phantasmal Killer","Double Energy","Feel No Pain","Whirlwind+1","Deadly Poison","Catalyst+1","Terror","Leap","Noxious Fumes+1","Adrenaline","Hologram","Twin Strike+1"],"relics":["Burning Blood","PrismaticShard","Calling Bell","Tiny Chest","Mummified Hand","FossilizedHelix","Dream Catcher","Bag of Preparation","Odd Mushroom","Lantern","Sozu","Boot","Potion Belt","Question Card","Juzu Bracelet","Prayer Wheel","Frozen Egg 2","Busted Crown"],"potions_floor_usage":[7,16,16,24],"damage_taken":[{"damage":23,"enemies":"Small Slimes","floor":1,"turns":6},{"damage":0,"enemies":"Cultist","floor":4,"turns":3},{"damage":11,"enemies":"Gremlin Nob","floor":7,"turns":3},{"damage":0,"enemies":"Jaw Worm","floor":8,"turns":3},{"damage":14,"enemies":"Lots of Slimes","floor":10,"turns":4},{"damage":10,"enemies":"The Mushroom Lair","floor":12,"turns":3},{"damage":20,"enemies":"3 Sentries","floor":13,"turns":8},{"damage":0,"enemies":"3 Louse","floor":14,"turns":3},{"damage":15,"enemies":"The Guardian","floor":16,"turns":8},{"damage":35,"enemies":"Shell Parasite","floor":18,"turns":4},{"damage":0,"enemies":"Chosen","floor":20,"turns":3},{"damage":10,"enemies":"3 Cultists","floor":21,"turns":4},{"damage":6,"enemies":"Centurion and Healer","floor":22,"turns":7},{"damage":18,"enemies":"Gremlin Leader","floor":24,"turns":7},{"damage":26,"enemies":"Book of Stabbing","floor":28,"turns":4},{"damage":10,"enemies":"Colosseum Slavers","floor":30,"turns":3},{"damage":0,"enemies":"Colosseum Nobs","floor":30,"turns":2},{"damage":0,"enemies":"Snake Plant","floor":31,"turns":2},{"damage":49,"enemies":"Champ","floor":33,"turns":10},{"damage":9,"enemies":"3 Shapes","floor":35,"turns":4},{"damage":39,"enemies":"3 Darklings","floor":36,"turns":3},{"damage":33,"enemies":"Sphere and 2 Shapes","floor":37,"turns":5}],"seed_played":"-6116399835960828924","potions_obtained":[{"floor":10,"key":"SpeedPotion"},{"floor":12,"key":"Dexterity Potion"},{"floor":13,"key":"AttackPotion"},{"floor":14,"key":"EssenceOfSteel"},{"floor":16,"key":"Swift Potion"}],"is_trial":true,"path_per_floor":["M","$","?","M","?","R","E","M","T","M","R","?","E","M","R","B",null,"M","?","M","M","M","R","E","$","T","R","E","?","?","M","R","B",null,"M","M","M"],"character_chosen":"IRONCLAD","items_purchased":["Strength Potion","Feel No Pain","Whirlwind"],"campfire_rested":2,"item_purchase_floors":[2,25,25],"current_hp_per_floor":[51,51,44,50,50,50,45,51,51,43,43,39,25,31,31,22,62,33,33,39,35,35,57,45,45,45,45,25,25,27,33,55,12,59,56,23,0],"gold":483,"neow_bonus":"","is_prod":false,"is_daily":false,"chose_seed":false,"campfire_upgraded":4,"win_rate":0,"timestamp":1551452870,"path_taken":["M","$","?","M","?","R","E","?","T","M","R","?","E","M","R","BOSS","M","?","?","M","M","R","E","$","T","R","E","?","?","M","R","BOSS","M","M","M"],"build_version":"2019-01-23","purchased_purges":2,"victory":false,"max_hp_per_floor":[75,75,75,75,75,75,75,75,75,75,75,75,75,75,75,75,75,75,75,75,75,75,75,75,75,75,75,75,75,75,75,75,75,75,75,75,75],"card_choices":[{"not_picked":["Steam","Rebound"],"picked":"Deadly Poison","floor":1},{"not_picked":["Streamline","Flex"],"picked":"Dagger Throw","floor":4},{"not_picked":["Distraction","Heavy Blade"],"picked":"Flechettes","floor":7},{"not_picked":["Blizzard","Thinking Ahead"],"picked":"Catalyst","floor":8},{"not_picked":["Flying Knee","Cold Snap","Force Field"],"picked":"SKIP","floor":10},{"not_picked":["Aggregate","Backflip"],"picked":"Rebound","floor":12},{"not_picked":["Dagger Spray","Slice","Clothesline"],"picked":"SKIP","floor":13},{"not_picked":["Dagger Throw","Thunderclap","Acrobatics"],"picked":"SKIP","floor":14},{"not_picked":["Fission","HandOfGreed"],"picked":"Transmutation","floor":16},{"not_picked":["Streamline","Poisoned Stab"],"picked":"Clothesline","floor":18},{"not_picked":["Sword Boomerang","Stack"],"picked":"Conserve Battery","floor":20},{"not_picked":["Hemokinesis","Mind Blast","Entrench"],"picked":"SKIP","floor":21},{"not_picked":["Redo","Twin Strike+1"],"picked":"Phantasmal Killer","floor":22},{"not_picked":["Deep Breath","Outmaneuver"],"picked":"Double Energy","floor":23},{"not_picked":["Gash","Darkness","Sword Boomerang"],"picked":"SKIP","floor":24},{"not_picked":["Lockon","Combust","Slice"],"picked":"Deadly Poison","floor":28},{"not_picked":["Skim+1","Deflect","Entrench"],"picked":"Terror","floor":30},{"not_picked":["Conserve Battery","Consume","Body Slam"],"picked":"Leap","floor":31},{"not_picked":["Redo","Reckless Charge","Prepared","Masterful Stab"],"picked":"SKIP","floor":31},{"not_picked":["Clothesline","Choke","Outmaneuver"],"picked":"Noxious Fumes+1","floor":32},{"not_picked":["Storm of Steel","Thunder Strike","All For One"],"picked":"Adrenaline","floor":33},{"not_picked":["Rage"],"picked":"Hologram","floor":35},{"not_picked":["Twin Strike","Flechettes"],"picked":"SKIP","floor":35},{"not_picked":["Dodge and Roll"],"picked":"Twin Strike+1","floor":36},{"not_picked":["Cleave+1","Ball Lightning"],"picked":"SKIP","floor":36}],"player_experience":4437910,"relics_obtained":[{"floor":0,"key":"Tiny Chest"},{"floor":0,"key":"Mummified Hand"},{"floor":0,"key":"FossilizedHelix"},{"floor":7,"key":"Dream Catcher"},{"floor":9,"key":"Bag of Preparation"},{"floor":12,"key":"Odd Mushroom"},{"floor":13,"key":"Lantern"},{"floor":24,"key":"Potion Belt"},{"floor":26,"key":"Question Card"},{"floor":28,"key":"Juzu Bracelet"},{"floor":30,"key":"Prayer Wheel"},{"floor":30,"key":"Frozen Egg 2"}],"event_choices":[{"cards_removed":["Writhe"],"damage_healed":0,"gold_gain":0,"player_choice":"Card Removal","damage_taken":7,"max_hp_gain":0,"max_hp_loss":0,"event_name":"Golden Wing","floor":3,"gold_loss":0},{"damage_healed":0,"gold_gain":0,"player_choice":"1 cards matched","damage_taken":0,"max_hp_gain":0,"max_hp_loss":0,"event_name":"Match and Keep!","floor":5,"gold_loss":0,"cards_obtained":["Offering"]},{"damage_healed":0,"gold_gain":0,"player_choice":"Fought Mushrooms","damage_taken":0,"max_hp_gain":0,"max_hp_loss":0,"event_name":"Mushrooms","floor":12,"gold_loss":0},{"cards_removed":["Rebound"],"damage_healed":0,"gold_gain":0,"player_choice":"Gave Card","damage_taken":0,"relics_obtained":["Boot"],"max_hp_gain":0,"max_hp_loss":0,"event_name":"WeMeetAgain","floor":19,"gold_loss":0},{"damage_healed":0,"gold_gain":0,"player_choice":"Copied","damage_taken":0,"max_hp_gain":0,"max_hp_loss":0,"event_name":"Duplicator","floor":29,"gold_loss":0,"cards_obtained":["Catalyst"]},{"damage_healed":0,"gold_gain":0,"player_choice":"Fight","damage_taken":0,"max_hp_gain":0,"max_hp_loss":0,"event_name":"Colosseum","floor":30,"gold_loss":0},{"damage_healed":0,"gold_gain":0,"player_choice":"Fought Nobs","damage_taken":0,"max_hp_gain":0,"max_hp_loss":0,"event_name":"Colosseum","floor":30,"gold_loss":0}],"is_beta":false,"boss_relics":[{"not_picked":["Ectoplasm","Tiny House"],"picked":"Sozu"},{"not_picked":["Lizard Tail","Black Blood"],"picked":"Busted Crown"}],"items_purged_floors":[2,25],"is_endless":false,"potions_floor_spawned":[10,12,13,14,16,22,28,30,30,31,33,35],"killed_by":"Sphere and 2 Shapes","ascension_level":20}