{"gold_per_floor":[17,17,34,34,53,53,88,88,88,105,105,122,137,147,147,224,224,224,224,149,64,64,64],"floor_reached":23,"playtime":847,"items_purged":[],"score":390,"play_id":"de961afc-ba67-4c77-b0d6-5c031867996c","local_time":"20190318005820","is_ascension_mode":true,"campfire_choices":[{"data":"Feel No Pain","floor":6,"key":"SMITH"},{"floor":8,"key":"REST"},{"data":"Armaments","floor":15,"key":"SMITH"}],"neow_cost":"NO_GOLD","seed_source_timestamp":349311903901900,"circlet_count":0,"master_deck":["AscendersBane","Strike_R","Strike_R+1","Strike_R","Strike_R","Defend_R","Defend_R","Defend_R","Defend_R","Bash+1","Twin Strike","Pummel","Feel No Pain+1","Disarm","Havoc","Armaments+1","Dark Embrace","Bludgeon","True Grit","Limit Break","Second Wind"],"relics":["Burning Blood","Nunchaku","Ice Cream","FossilizedHelix","Ectoplasm","Lantern"],"potions_floor_usage":[18],"damage_taken":[{"damage":8,"enemies":"Cultist","floor":1,"turns":5},{"damage":4,"enemies":"2 Louse","floor":3,"turns":5},{"damage":4,"enemies":"Small Slimes","floor":5,"turns":3},{"damage":31,"enemies":"Gremlin Nob","floor":7,"turns":4},{"damage":25,"enemies":"Gremlin Gang","floor":10,"turns":6},{"damage":8,"enemies":"Blue Slaver","floor":12,"turns":4},{"damage":0,"enemies":"2 Fungi Beasts","floor":13,"turns":4},{"damage":2,"enemies":"Exordium Wildlife","floor":14,"turns":6},{"damage":14,"enemies":"The Guardian","floor":16,"turns":16},{"damage":11,"enemies":"3 Byrds","floor":18,"turns":7},{"damage":0,"enemies":"Chosen","floor":19,"turns":5},{"damage":2,"enemies":"Shelled Parasite and Fungi","floor":22,"turns":5},{"damage":78,"enemies":"Book of Stabbing","floor":23,"turns":7}],"seed_played":"-5124070838363145870","potions_obtained":[{"floor":7,"key":"Ancient Potion"},{"floor":10,"key":"Dexterity Potion"},{"floor":19,"key":"Explosive Potion"},{"floor":22,"key":"Explosive Potion"}],"is_trial":false,"path_per_floor":["M","?","M","?","M","R","E","R","T","M","?","M","M","M","R","B",null,"M","M","?","?","M","E"],"character_chosen":"IRONCLAD","items_purchased":[],"campfire_rested":1,"item_purchase_floors":[],"current_hp_per_floor":[66,66,68,45,47,47,22,44,44,25,75,73,75,75,75,67,73,68,74,74,74,75,0],"gold":64,"neow_bonus":"ONE_RARE_RELIC","is_prod":false,"is_daily":false,"chose_seed":false,"campfire_upgraded":2,"win_rate":0,"timestamp":1552838300,"path_taken":["M","?","M","?","M","R","E","R","T","M","?","M","M","M","R","BOSS","M","?","?","?","M","E"],"build_version":"2019-01-23","purchased_purges":0,"victory":false,"max_hp_per_floor":[75,75,75,75,75,75,75,75,75,75,75,75,75,75,75,75,75,75,75,75,75,75,75],"card_choices":[{"not_picked":["Perfected Strike","Sword Boomerang"],"picked":"Twin Strike","floor":1},{"not_picked":["Twin Strike","Blood for Blood"],"picked":"Pummel","floor":3},{"not_picked":["Warcry","Clothesline"],"picked":"Feel No Pain","floor":5},{"not_picked":["Spot Weakness","Power Through"],"picked":"Disarm","floor":7},{"not_picked":["Clash","Dual Wield"],"picked":"Pummel","floor":10},{"not_picked":["Iron Wave","Thunderclap"],"picked":"Havoc","floor":12},{"not_picked":["Cleave","Inflame"],"picked":"Armaments","floor":13},{"not_picked":["Disarm","Hemokinesis"],"picked":"Dark Embrace","floor":14},{"not_picked":["Impervious","Double Tap"],"picked":"Bludgeon","floor":16},{"not_picked":["Shrug It Off","Clothesline"],"picked":"True Grit","floor":18},{"not_picked":["Iron Wave","Body Slam"],"picked":"Limit Break","floor":19},{"not_picked":["Flame Barrier+1","Inflame"],"picked":"Second Wind","floor":22}],"player_experience":4553662,"relics_obtained":[{"floor":7,"key":"Ice Cream"},{"floor":9,"key":"FossilizedHelix"}],"event_choices":[{"damage_healed":0,"gold_gain":0,"player_choice":"Leave","damage_taken":0,"max_hp_gain":0,"max_hp_loss":0,"event_name":"The Cleric","floor":2,"gold_loss":0},{"damage_healed":0,"gold_gain":0,"player_choice":"Entered Light","damage_taken":23,"max_hp_gain":0,"max_hp_loss":0,"event_name":"Shining Light","floor":4,"gold_loss":0,"cards_upgraded":["Bash","Strike_R"]},{"cards_removed":["Pummel"],"damage_healed":50,"gold_gain":0,"player_choice":"Offered Uncommon","damage_taken":0,"max_hp_gain":0,"max_hp_loss":0,"event_name":"Bonfire Elementals","floor":11,"gold_loss":0},{"cards_removed":["Strike_R"],"damage_healed":0,"gold_gain":0,"player_choice":"Gave Gold","damage_taken":0,"max_hp_gain":0,"max_hp_loss":0,"event_name":"Beggar","floor":20,"gold_loss":75},{"damage_healed":0,"gold_gain":0,"player_choice":"Obtained Relic","damage_taken":0,"relics_obtained":["Lantern"],"max_hp_gain":0,"max_hp_loss":0,"event_name":"Addict","floor":21,"gold_loss":85}],"is_beta":false,"boss_relics":[{"not_picked":["Fusion Hammer","Coffee Dripper"],"picked":"Ectoplasm"}],"items_purged_floors":[],"is_endless":false,"potions_floor_spawned":[7,10,12,19,22],"killed_by":"Book of Stabbing","ascension_level":20}