{"gold_per_floor":[119,129,144,158,170,170,141,154,154,189,189,207,222,239,239,239],"floor_reached":16,"playtime":522,"items_purged":[],"score":220,"play_id":"e8ada751-fa0c-4cce-8c32-2fec4dfe047f","local_time":"20190302030527","is_ascension_mode":true,"campfire_choices":[{"floor":6,"key":"REST"},{"data":"Terror","floor":15,"key":"SMITH"}],"neow_cost":"NONE","seed_source_timestamp":1342284831759200,"circlet_count":0,"master_deck":["AscendersBane","Defend_G","Defend_G","Defend_G","Defend_G","Defend_G","Strike_G","Strike_G","Strike_G","Strike_G","Strike_G","Survivor","Neutralize","Flying Knee","Flying Knee","Dagger Spray","Terror+1","Infinite Blades","Poisoned Stab","Finisher","Blur","PiercingWail","Bouncing Flask"],"relics":["Ring of the Snake","Bottled Lightning","Omamori"],"potions_floor_usage":[5,10,13,14,16],"damage_taken":[{"damage":5,"enemies":"Cultist","floor":1,"turns":5},{"damage":2,"enemies":"2 Louse","floor":2,"turns":3},{"damage":2,"enemies":"Jaw Worm","floor":3,"turns":4},{"damage":20,"enemies":"Large Slime","floor":4,"turns":8},{"damage":11,"enemies":"Exordium Wildlife","floor":5,"turns":5},{"damage":9,"enemies":"Exordium Thugs","floor":7,"turns":4},{"damage":3,"enemies":"Large Slime","floor":8,"turns":4},{"damage":2,"enemies":"Gremlin Nob","floor":10,"turns":4},{"damage":6,"enemies":"Looter","floor":12,"turns":3},{"damage":3,"enemies":"3 Louse","floor":13,"turns":3},{"damage":4,"enemies":"Gremlin Gang","floor":14,"turns":3},{"damage":20,"enemies":"The Guardian","floor":16,"turns":10}],"seed_played":"4275434096400216971","potions_obtained":[{"floor":2,"key":"PowerPotion"},{"floor":4,"key":"Poison Potion"},{"floor":7,"key":"SmokeBomb"},{"floor":11,"key":"Strength Potion"},{"floor":11,"key":"SkillPotion"},{"floor":12,"key":"GhostInAJar"},{"floor":14,"key":"SteroidPotion"}],"is_trial":false,"path_per_floor":["M","M","M","M","M","R","M","M","T","E","?","M","M","M","R","B"],"character_chosen":"THE_SILENT","items_purchased":[],"campfire_rested":1,"item_purchase_floors":[],"current_hp_per_floor":[60,58,56,36,25,46,37,34,34,32,32,26,23,19,19,0],"gold":239,"neow_bonus":"TEN_PERCENT_HP_BONUS","is_prod":false,"is_daily":false,"chose_seed":false,"campfire_upgraded":1,"win_rate":0,"timestamp":1551463527,"path_taken":["M","M","M","M","M","R","M","?","T","E","?","?","M","M","R","BOSS"],"build_version":"2019-01-23","purchased_purges":0,"victory":false,"max_hp_per_floor":[72,72,72,72,72,72,72,72,72,72,72,72,72,72,72,72],"card_choices":[{"not_picked":["Cloak And Dagger","Underhanded Strike"],"picked":"Flying Knee","floor":1},{"not_picked":["Setup","Footwork"],"picked":"Flying Knee","floor":2},{"not_picked":["Masterful Stab","Acrobatics"],"picked":"Dagger Spray","floor":3},{"not_picked":["Flying Knee","Backflip"],"picked":"Terror","floor":4},{"not_picked":["Poisoned Stab","Skewer"],"picked":"Infinite Blades","floor":5},{"not_picked":["Sucker Punch","Acrobatics"],"picked":"Poisoned Stab","floor":7},{"not_picked":["Bane","Slice","Skewer"],"picked":"SKIP","floor":8},{"not_picked":["Flying Knee","Prepared"],"picked":"Finisher","floor":10},{"not_picked":["Storm of Steel","Caltrops"],"picked":"Blur","floor":12},{"not_picked":["Deadly Poison","Reflex"],"picked":"PiercingWail","floor":13},{"not_picked":["Deflect","Backflip"],"picked":"Bouncing Flask","floor":14}],"player_experience":4448686,"relics_obtained":[{"floor":9,"key":"Bottled Lightning"},{"floor":10,"key":"Omamori"}],"event_choices":[{"damage_healed":0,"gold_gain":0,"player_choice":"Got Potions","damage_taken":0,"max_hp_gain":0,"max_hp_loss":0,"event_name":"Lab","floor":11,"gold_loss":0}],"is_beta":false,"boss_relics":[],"items_purged_floors":[],"is_endless":false,"potions_floor_spawned":[2,4,7,12,14],"killed_by":"The Guardian","ascension_level":20}