{"gold_per_floor":[116,116,116,41,41,41,60,115,115,115,115,133,145,55,55,129,129,142,116,116,116],"floor_reached":21,"playtime":721,"items_purged":["Regret"],"score":334,"play_id":"584ece18-5a84-4e15-966e-8a093a510d78","local_time":"20190319141402","is_ascension_mode":true,"campfire_choices":[{"data":"Fiend Fire","floor":6.0,"key":"SMITH"},{"data":"Anger","floor":11.0,"key":"SMITH"},{"data":"Bash","floor":15.0,"key":"SMITH"}],"neow_cost":"CURSE","seed_source_timestamp":41266672297937,"circlet_count":0,"master_deck":["AscendersBane","Strike_R","Strike_R","Strike_R","Strike_R","Strike_R+1","Defend_R","Defend_R+1","Defend_R","Defend_R","Bash+1","Decay","Fiend Fire+1","Anger+1","Inflame+1","Metallicize+1","Evolve+1","Impervious+1","Shrug It Off+1","Offering+1"],"special_seed":0,"relics":["Burning Blood","Frozen Egg 2","Toxic Egg 2","Pen Nib","Fusion Hammer"],"potions_floor_usage":[16,16,19],"damage_taken":[{"damage":9.0,"enemies":"Small Slimes","floor":1.0,"turns":4.0},{"damage":14.0,"enemies":"Jaw Worm","floor":7.0,"turns":2.0},{"damage":0.0,"enemies":"Cultist","floor":12.0,"turns":2.0},{"damage":10.0,"enemies":"Looter","floor":13.0,"turns":3.0},{"damage":25,"enemies":"Slime Boss","floor":16,"turns":6},{"damage":49,"enemies":"3 Byrds","floor":18,"turns":7},{"damage":0,"enemies":"2 Thieves","floor":19,"turns":4},{"damage":30,"enemies":"Cultist and Chosen","floor":21,"turns":3}],"seed_played":"2137220128704448950","potions_obtained":[{"floor":10.0,"key":"Poison Potion"},{"floor":10.0,"key":"SteroidPotion"},{"floor":18,"key":"Fire Potion"}],"is_trial":false,"path_per_floor":["M","?","?","$","T","R","M","?","T","?","R","M","M","$","R","B",null,"M","M","?","M"],"character_chosen":"IRONCLAD","items_purchased":["Impervious+1"],"campfire_rested":0,"item_purchase_floors":[14],"current_hp_per_floor":[65,65,42,42,42,42,34,34,34,34,34,40,36,36,36,17,61,18,24,24,0],"gold":116,"neow_bonus":"THREE_RARE_CARDS","is_prod":false,"is_daily":false,"chose_seed":false,"campfire_upgraded":3,"win_rate":0,"timestamp":1552972442,"path_taken":["M","?","?","$","?","R","?","?","T","?","R","M","?","$","R","BOSS","M","M","?","M"],"build_version":"2019-01-23","purchased_purges":1,"victory":false,"max_hp_per_floor":[75,75,75,75,75,75,75,75,75,75,75,75,75,75,75,75,75,75,75,75,75],"card_choices":[{"not_picked":["Brutality","Dark Embrace"],"picked":"Fiend Fire","floor":0.0},{"not_picked":["Havoc","Twin Strike"],"picked":"Anger","floor":1.0},{"not_picked":["Clash","Perfected Strike"],"picked":"Inflame+1","floor":7.0},{"not_picked":["Combust+1","Havoc+1"],"picked":"Metallicize+1","floor":12.0},{"not_picked":["Heavy Blade","Pommel Strike"],"picked":"Evolve+1","floor":13.0},{"not_picked":["Perfected Strike","Anger"],"picked":"Shrug It Off+1","floor":18},{"not_picked":["Armaments+1","Flex+1"],"picked":"Offering+1","floor":19}],"player_experience":751842,"relics_obtained":[{"floor":5.0,"key":"Toxic Egg 2"},{"floor":9.0,"key":"Pen Nib"}],"event_choices":[{"damage_healed":0.0,"max_hp_gain":0.0,"max_hp_loss":0.0,"gold_gain":0.0,"event_name":"Big Fish","player_choice":"Box","floor":2.0,"gold_loss":0.0,"damage_taken":0.0,"relics_obtained":["Frozen Egg 2"],"cards_obtained":["Regret"]},{"damage_healed":0.0,"max_hp_gain":0.0,"max_hp_loss":0.0,"gold_gain":0.0,"event_name":"Shining Light","player_choice":"Entered Light","floor":3.0,"gold_loss":0.0,"damage_taken":23.0,"cards_upgraded":["Strike_R","Defend_R"]},{"damage_healed":0.0,"max_hp_gain":0.0,"max_hp_loss":0.0,"gold_gain":55.0,"event_name":"Golden Wing","player_choice":"Gained Gold","floor":8.0,"gold_loss":0.0,"damage_taken":0.0},{"damage_healed":0.0,"max_hp_gain":0.0,"max_hp_loss":0.0,"gold_gain":0.0,"event_name":"Lab","player_choice":"Got Potions","floor":10.0,"gold_loss":0.0,"damage_taken":0.0},{"damage_healed":0,"gold_gain":0,"player_choice":"Ignored","damage_taken":0,"max_hp_gain":0,"max_hp_loss":0,"event_name":"Vampires","floor":20,"gold_loss":0}],"is_beta":false,"boss_relics":[{"not_picked":["Cursed Key","Runic Dome"],"picked":"Fusion Hammer"}],"items_purged_floors":[4],"is_endless":false,"potions_floor_spawned":[18],"killed_by":"Cultist and Chosen","ascension_level":20}