{"gold_per_floor":[110,110,33,33,45,78,78,97,149,168,186,186,186,202,202,279,279,293,309,324,22,34,34,49,79,79,79],"floor_reached":27,"playtime":797,"items_purged":[],"score":498,"play_id":"4664d885-5f41-4b3c-8430-6ffe69b93503","local_time":"20190318131041","is_ascension_mode":true,"campfire_choices":[{"data":"Infernal Blade","floor":7.0,"key":"SMITH"},{"data":"Seeing Red","floor":13.0,"key":"SMITH"},{"data":"Whirlwind","floor":15.0,"key":"SMITH"},{"floor":23.0,"key":"REST"}],"neow_cost":"NONE","seed_source_timestamp":11659122466326,"circlet_count":0,"master_deck":["AscendersBane","Strike_R","Strike_R","Strike_R","Strike_R","Strike_R","Defend_R","Defend_R","Defend_R","Defend_R","Bash","Spot Weakness","Evolve","Infernal Blade+1","Perfected Strike","Whirlwind+1","Seeing Red+1","Impervious","Shrug It Off","Demon Form","Immolate","Rage","Feel No Pain","Power Through","Headbutt"],"special_seed":0,"relics":["Burning Blood","NeowsBlessing","Oddly Smooth Stone","Letter Opener","Vajra","Snecko Eye","MealTicket","Sundial","PreservedInsect"],"potions_floor_usage":[27],"damage_taken":[{"damage":0.0,"enemies":"Jaw Worm","floor":1.0,"turns":1.0},{"damage":0.0,"enemies":"2 Louse","floor":5.0,"turns":1.0},{"damage":0.0,"enemies":"3 Sentries","floor":6.0,"turns":2.0},{"damage":0.0,"enemies":"Cultist","floor":8.0,"turns":2.0},{"damage":11.0,"enemies":"Red Slaver","floor":10.0,"turns":3.0},{"damage":6.0,"enemies":"Exordium Wildlife","floor":11.0,"turns":2.0},{"damage":3.0,"enemies":"Large Slime","floor":14.0,"turns":3.0},{"damage":70.0,"enemies":"Hexaghost","floor":16.0,"turns":9.0},{"damage":0.0,"enemies":"Chosen","floor":18.0,"turns":4.0},{"damage":38.0,"enemies":"2 Thieves","floor":19.0,"turns":4.0},{"damage":24.0,"enemies":"Snake Plant","floor":20.0,"turns":4.0},{"damage":12.0,"enemies":"3 Cultists","floor":22.0,"turns":4.0},{"damage":9.0,"enemies":"Cultist and Chosen","floor":24.0,"turns":3.0},{"damage":33.0,"enemies":"Gremlin Leader","floor":25.0,"turns":4.0},{"damage":8,"enemies":"Sentry and Sphere","floor":27,"turns":2}],"seed_played":"-1919434301409640699","potions_obtained":[{"floor":1.0,"key":"FearPotion"},{"floor":8.0,"key":"FearPotion"},{"floor":11.0,"key":"LiquidBronze"},{"floor":19.0,"key":"Energy Potion"},{"floor":24.0,"key":"Poison Potion"}],"is_trial":false,"path_per_floor":["M","?","$","?","M","E","R","M","T","M","M","?","R","M","R","B",null,"M","M","M","$","M","R","M","E","T","M"],"character_chosen":"IRONCLAD","items_purchased":["Evolve","MealTicket","Feel No Pain"],"campfire_rested":1,"item_purchase_floors":[3,21,21],"current_hp_per_floor":[74,63,63,68,74,80,80,80,80,75,75,75,75,78,78,14,64,70,38,20,20,14,38,35,8,8,0],"gold":79,"neow_bonus":"THREE_ENEMY_KILL","is_prod":false,"is_daily":false,"chose_seed":false,"campfire_upgraded":3,"win_rate":0,"timestamp":1552882241,"path_taken":["M","?","$","?","M","E","R","M","T","M","M","?","R","M","R","BOSS","M","M","M","$","?","R","M","E","T","M"],"build_version":"2019-01-23","purchased_purges":0,"victory":false,"max_hp_per_floor":[75,75,75,80,80,80,80,80,80,80,80,80,80,80,80,80,80,80,80,80,80,80,80,80,80,80,80],"card_choices":[{"not_picked":["Clash","Flex"],"picked":"Spot Weakness","floor":1.0},{"not_picked":["Twin Strike","Shrug It Off"],"picked":"Infernal Blade","floor":5.0},{"not_picked":["Entrench","True Grit"],"picked":"Perfected Strike","floor":6.0},{"not_picked":["Cleave","Sentinel"],"picked":"Whirlwind","floor":8.0},{"not_picked":["Sever Soul","Iron Wave"],"picked":"Seeing Red","floor":10.0},{"not_picked":["Clash","Havoc","Twin Strike"],"picked":"SKIP","floor":11.0},{"not_picked":["Sentinel","Metallicize"],"picked":"Shrug It Off","floor":14.0},{"not_picked":["Reaper","Immolate"],"picked":"Demon Form","floor":16.0},{"not_picked":["Cleave","Body Slam","Anger"],"picked":"SKIP","floor":18.0},{"not_picked":["Shrug It Off","Sword Boomerang"],"picked":"Immolate","floor":19.0},{"not_picked":["Clash","Warcry"],"picked":"Rage","floor":20.0},{"not_picked":["Wild Strike+1","Juggernaut"],"picked":"Power Through","floor":22.0},{"not_picked":["Thunderclap","Power Through","Body Slam"],"picked":"SKIP","floor":24.0},{"not_picked":["Twin Strike","Warcry"],"picked":"Headbutt","floor":25.0}],"player_experience":349277,"relics_obtained":[{"floor":6.0,"key":"Letter Opener"},{"floor":9.0,"key":"Vajra"},{"floor":25.0,"key":"Sundial"},{"floor":26.0,"key":"PreservedInsect"}],"event_choices":[{"damage_healed":0.0,"max_hp_gain":0.0,"max_hp_loss":0.0,"gold_gain":0.0,"event_name":"Scrap Ooze","player_choice":"Success","floor":2.0,"gold_loss":0.0,"damage_taken":11.0,"relics_obtained":["Oddly Smooth Stone"]},{"damage_healed":0.0,"max_hp_gain":5.0,"max_hp_loss":0.0,"gold_gain":0.0,"event_name":"Big Fish","player_choice":"Donut","floor":4.0,"gold_loss":0.0,"damage_taken":0.0},{"damage_healed":0.0,"max_hp_gain":0.0,"max_hp_loss":0.0,"gold_gain":0.0,"event_name":"Match and Keep!","player_choice":"1 cards matched","floor":12.0,"gold_loss":0.0,"damage_taken":0.0,"cards_obtained":["Impervious"]}],"is_beta":false,"boss_relics":[{"not_picked":["Busted Crown","Runic Cube"],"picked":"Snecko Eye"}],"items_purged_floors":[],"is_endless":false,"potions_floor_spawned":[1,8,11,18,19,24],"killed_by":"Sentry and Sphere","ascension_level":18}