{"gold_per_floor":[210,41,56,56,68,68,68,68,95,128,149,149,149],"floor_reached":13,"playtime":538,"items_purged":[],"score":154,"play_id":"3df1d2b7-8c6f-4004-afa5-e902c4fa8377","local_time":"20190319221009","is_ascension_mode":true,"campfire_choices":[{"data":"Armaments","floor":6.0,"key":"SMITH"},{"data":"Sword Boomerang","floor":8.0,"key":"SMITH"},{"floor":12,"key":"REST"}],"neow_cost":"NONE","seed_source_timestamp":433071891121611,"circlet_count":0,"master_deck":["AscendersBane","Strike_R","Strike_R","Strike_R","Strike_R","Strike_R","Defend_R","Defend_R+1","Defend_R","Defend_R+1","Bash","Sword Boomerang+1","Armaments+1","Dual Wield","Feed","Entrench"],"special_seed":0,"relics":["Burning Blood","Red Skull","Gremlin Horn","Odd Mushroom"],"potions_floor_usage":[10,10],"damage_taken":[{"damage":4.0,"enemies":"Jaw Worm","floor":1.0,"turns":4.0},{"damage":2.0,"enemies":"2 Louse","floor":3.0,"turns":3.0},{"damage":7.0,"enemies":"Small Slimes","floor":5.0,"turns":4.0},{"damage":23,"enemies":"3 Sentries","floor":10,"turns":12},{"damage":19,"enemies":"The Mushroom Lair","floor":11,"turns":4},{"damage":58,"enemies":"Lagavulin","floor":13,"turns":6}],"seed_played":"-2143070378943413298","potions_obtained":[],"is_trial":false,"path_per_floor":["M","$","M","?","M","R","?","R","T","E","?","R","E"],"character_chosen":"IRONCLAD","items_purchased":["Block Potion","Armaments","PowerPotion"],"campfire_rested":1,"item_purchase_floors":[2,2,2],"current_hp_per_floor":[70,70,74,74,73,73,50,50,50,33,23,46,0],"gold":149,"neow_bonus":"HUNDRED_GOLD","is_prod":false,"is_daily":false,"chose_seed":false,"campfire_upgraded":2,"win_rate":0,"timestamp":1553001009,"path_taken":["M","$","M","?","M","R","?","R","T","E","?","R","E"],"build_version":"2019-01-23","purchased_purges":0,"victory":false,"max_hp_per_floor":[75,75,75,75,75,75,75,75,75,75,78,78,78],"card_choices":[{"not_picked":["Havoc","Bloodletting"],"picked":"Sword Boomerang","floor":1.0},{"not_picked":["Disarm","Headbutt"],"picked":"Dual Wield","floor":3.0},{"not_picked":["Searing Blow","Corruption","Anger"],"picked":"SKIP","floor":5.0},{"not_picked":["Searing Blow","Corruption","Anger"],"picked":"SKIP","floor":5.0},{"not_picked":["Infernal Blade","Juggernaut"],"picked":"Feed","floor":10},{"not_picked":["Warcry","Flame Barrier"],"picked":"Entrench","floor":11}],"player_experience":365866,"relics_obtained":[{"floor":9.0,"key":"Red Skull"},{"floor":10,"key":"Gremlin Horn"},{"floor":11,"key":"Odd Mushroom"}],"event_choices":[{"damage_healed":0.0,"max_hp_gain":0.0,"max_hp_loss":0.0,"gold_gain":0.0,"event_name":"Liars Game","player_choice":"Ignored","floor":4.0,"gold_loss":0.0,"damage_taken":0.0},{"damage_healed":0.0,"max_hp_gain":0.0,"max_hp_loss":0.0,"gold_gain":0.0,"event_name":"Shining Light","player_choice":"Entered Light","floor":7.0,"gold_loss":0.0,"damage_taken":23.0,"cards_upgraded":["Defend_R","Defend_R"]},{"damage_healed":0,"gold_gain":0,"player_choice":"Fought Mushrooms","damage_taken":0,"max_hp_gain":0,"max_hp_loss":0,"event_name":"Mushrooms","floor":11,"gold_loss":0}],"is_beta":false,"boss_relics":[],"items_purged_floors":[],"is_endless":false,"potions_floor_spawned":[3,5],"killed_by":"Lagavulin","ascension_level":18}