{"gold_per_floor":[109,125,207,98,98,128,128,143,169,184,259,259,271,286,286,286],"floor_reached":16,"playtime":512,"items_purged":["Defend_B"],"score":158,"play_id":"602fb1bc-2250-40b5-a1b8-a0980969556f","local_time":"20190117223311","is_ascension_mode":true,"campfire_choices":[{"floor":7.0,"key":"REST"},{"floor":12.0,"key":"REST"},{"floor":15,"key":"REST"}],"neow_cost":"NONE","seed_source_timestamp":476778351490853,"circlet_count":0,"master_deck":["AscendersBane","Strike_B","Strike_B","Strike_B","Strike_B","Defend_B","Defend_B","Defend_B","Zap","Dualcast","Leap","Creative AI","Consume","Storm","Gash","Storm"],"special_seed":0,"relics":["Cracked Core","Sundial","Anchor","Darkstone Periapt","Smiling Mask"],"potions_floor_usage":[16],"damage_taken":[{"damage":6.0,"enemies":"Cultist","floor":1.0,"turns":4.0},{"damage":9.0,"enemies":"Jaw Worm","floor":2.0,"turns":4.0},{"damage":37.0,"enemies":"Gremlin Nob","floor":6.0,"turns":5.0},{"damage":11.0,"enemies":"Small Slimes","floor":8.0,"turns":4.0},{"damage":3.0,"enemies":"2 Fungi Beasts","floor":10.0,"turns":4.0},{"damage":14.0,"enemies":"Red Slaver","floor":13.0,"turns":5.0},{"damage":31,"enemies":"Gremlin Gang","floor":14,"turns":5},{"damage":38,"enemies":"Slime Boss","floor":16,"turns":3}],"seed_played":"748914291653947754","potions_obtained":[{"floor":1.0,"key":"EssenceOfSteel"},{"floor":2.0,"key":"SpeedPotion"},{"floor":8.0,"key":"Energy Potion"},{"floor":14,"key":"FearPotion"}],"is_trial":false,"path_per_floor":["M","M","T","$","?","E","R","M","T","M","?","R","M","M","R","B"],"character_chosen":"DEFECT","items_purchased":["Doom and Gloom"],"campfire_rested":3,"item_purchase_floors":[4],"current_hp_per_floor":[69,60,60,60,60,23,47,36,36,33,22,46,32,1,25,0],"gold":286,"neow_bonus":"TEN_PERCENT_HP_BONUS","is_prod":false,"is_daily":false,"chose_seed":false,"campfire_upgraded":0,"win_rate":0,"timestamp":1547782391,"path_taken":["M","M","?","$","?","E","R","?","T","M","?","R","M","M","R","BOSS"],"build_version":"2019-01-17","purchased_purges":1,"victory":false,"max_hp_per_floor":[82,82,82,82,82,82,82,82,82,82,82,82,82,82,82,82],"card_choices":[{"not_picked":["Reprogram","Turbo","Hello World"],"picked":"SKIP","floor":1.0},{"not_picked":["Gash","Undo"],"picked":"Leap","floor":2.0},{"not_picked":["Blizzard","Chaos"],"picked":"Creative AI","floor":6.0},{"not_picked":["Steam","Streamline"],"picked":"Consume","floor":8.0},{"not_picked":["Turbo","Force Field"],"picked":"Storm","floor":10.0},{"not_picked":["Redo","Reprogram"],"picked":"Gash","floor":13.0},{"not_picked":["Streamline","Barrage"],"picked":"Storm","floor":14}],"player_experience":420809,"relics_obtained":[{"floor":3.0,"key":"Sundial"},{"floor":6.0,"key":"Darkstone Periapt"},{"floor":9.0,"key":"Smiling Mask"}],"event_choices":[{"cards_removed":["Doom and Gloom"],"damage_healed":0.0,"max_hp_gain":0.0,"max_hp_loss":0.0,"gold_gain":0.0,"event_name":"WeMeetAgain","player_choice":"Gave Card","floor":5.0,"gold_loss":0.0,"damage_taken":0.0,"relics_obtained":["Anchor"]},{"damage_healed":0.0,"max_hp_gain":0.0,"max_hp_loss":0.0,"gold_gain":75.0,"event_name":"World of Goop","player_choice":"Gather Gold","floor":11.0,"gold_loss":0.0,"damage_taken":11.0}],"is_beta":false,"boss_relics":[],"items_purged_floors":[4],"is_endless":false,"potions_floor_spawned":[1,2,8,14],"killed_by":"Slime Boss","ascension_level":11}