{"gold_per_floor":[114,264,279,354,279,312,331,51,51,23,57,57,92,108,108,180,180,197,23,23,38,138,138,151,151,151,26,26,54,54,68,68,143,143,157,157,170,20,20,20,45,65,145,179,198,211,230,246,246,246,246,246,246,22,52,52],"floor_reached":56,"playtime":3726,"items_purged":["Strike_G","Defend_G","Strike_G","Defend_G"],"score":2090,"play_id":"0eb2189c-148a-4161-bb08-d68946088484","local_time":"20190316014521","is_ascension_mode":true,"campfire_choices":[{"data":"Neutralize","floor":12.0,"key":"SMITH"},{"data":"Calculated Gamble","floor":15.0,"key":"SMITH"},{"data":"Tactician","floor":23.0,"key":"SMITH"},{"data":"Calculated Gamble","floor":25.0,"key":"SMITH"},{"data":"Acrobatics","floor":28.0,"key":"SMITH"},{"floor":32.0,"key":"REST"},{"data":"Tools of the Trade","floor":40.0,"key":"SMITH"},{"floor":49.0,"key":"RECALL"},{"data":"Well Laid Plans","floor":53.0,"key":"SMITH"}],"neow_cost":"NONE","seed_source_timestamp":176021012353200,"circlet_count":0,"master_deck":["AscendersBane","Defend_G","Defend_G","Defend_G","Strike_G","Survivor","Neutralize+1","Leg Sweep","Acrobatics+1","Predator","Dash","Well Laid Plans+1","Tactician+1","Backstab","Acrobatics","PiercingWail","Masterful Stab+1","Calculated Gamble+1","Grand Finale+1","Calculated Gamble+1","Backflip","Reflex+1","Footwork+1","Tools of the Trade+1","Escape Plan","Blur","Outmaneuver+1","Footwork","Caltrops+1","Well Laid Plans","Footwork+1","Footwork"],"special_seed":0,"relics":["Ring of the Serpent","NeowsBlessing","FossilizedHelix","Molten Egg 2","Pear","Snake Skull","WristBlade","Bird Faced Urn","Question Card","Gremlin Horn","Bag of Preparation","Prayer Wheel","Juzu Bracelet","DollysMirror","StoneCalendar"],"potions_floor_usage":[56],"damage_taken":[{"damage":0.0,"enemies":"Small Slimes","floor":1.0,"turns":1.0},{"damage":0.0,"enemies":"Jaw Worm","floor":3.0,"turns":1.0},{"damage":0.0,"enemies":"Lagavulin","floor":6.0,"turns":1.0},{"damage":0.0,"enemies":"2 Louse","floor":7.0,"turns":2.0},{"damage":8.0,"enemies":"Gremlin Nob","floor":11.0,"turns":5.0},{"damage":26.0,"enemies":"Lagavulin","floor":13.0,"turns":10.0},{"damage":0.0,"enemies":"Blue Slaver","floor":14.0,"turns":3.0},{"damage":22.0,"enemies":"Slime Boss","floor":16.0,"turns":10.0},{"damage":25.0,"enemies":"3 Byrds","floor":18.0,"turns":3.0},{"damage":0.0,"enemies":"Spheric Guardian","floor":21.0,"turns":3.0},{"damage":14.0,"enemies":"Colosseum Slavers","floor":22.0,"turns":8.0},{"damage":6.0,"enemies":"Colosseum Nobs","floor":22.0,"turns":6.0},{"damage":0.0,"enemies":"Chosen and Byrds","floor":24.0,"turns":4.0},{"damage":7.0,"enemies":"Slavers","floor":29.0,"turns":3.0},{"damage":0.0,"enemies":"Cultist and Chosen","floor":31.0,"turns":3.0},{"damage":29.0,"enemies":"Champ","floor":33.0,"turns":14.0},{"damage":0.0,"enemies":"Orb Walker","floor":35.0,"turns":2.0},{"damage":0.0,"enemies":"3 Darklings","floor":37.0,"turns":3.0},{"damage":0.0,"enemies":"Reptomancer","floor":41.0,"turns":3.0},{"damage":0.0,"enemies":"Writhing Mass","floor":42.0,"turns":4.0},{"damage":0.0,"enemies":"Giant Head","floor":44.0,"turns":7.0},{"damage":0.0,"enemies":"Maw","floor":45.0,"turns":5.0},{"damage":0.0,"enemies":"Spire Growth","floor":46.0,"turns":3.0},{"damage":0.0,"enemies":"Transient","floor":47.0,"turns":6.0},{"damage":3.0,"enemies":"Writhing Mass","floor":48.0,"turns":7.0},{"damage":23.0,"enemies":"Donu and Deca","floor":50.0,"turns":9.0},{"damage":3.0,"enemies":"Awakened One","floor":51.0,"turns":8.0},{"damage":42.0,"enemies":"Shield and Spear","floor":55.0,"turns":9.0},{"damage":67,"enemies":"The Heart","floor":56,"turns":3}],"seed_played":"-8168382507731050514","potions_obtained":[{"floor":3.0,"key":"Strength Potion"},{"floor":6.0,"key":"LiquidBronze"},{"floor":13.0,"key":"Fire Potion"},{"floor":14.0,"key":"SpeedPotion"},{"floor":18.0,"key":"Fire Potion"},{"floor":21.0,"key":"Poison Potion"},{"floor":22.0,"key":"Regen Potion"},{"floor":33.0,"key":"GamblersBrew"},{"floor":35.0,"key":"Block Potion"},{"floor":42.0,"key":"Weak Potion"},{"floor":55.0,"key":"SkillPotion"}],"is_trial":false,"path_per_floor":["M","?","M","?","?","E","M","$","T","$","E","R","E","M","R","B",null,"M","$","?","M","?","R","M","R","T","$","R","E","?","M","R","B",null,"M","?","M","$","?","R","E","M","T","E","M","M","M","M","R","B","B",null,"R","$","E","B"],"character_chosen":"THE_SILENT","items_purchased":["Well Laid Plans","Tactician","Backstab","Acrobatics","Calculated Gamble","DollysMirror"],"campfire_rested":1,"item_purchase_floors":[8,8,8,10,19,54],"current_hp_per_floor":[59,59,59,48,48,48,48,48,48,48,50,50,24,24,24,2,58,33,33,33,33,13,13,27,27,27,27,27,22,22,24,46,21,62,66,66,72,72,72,72,76,76,76,76,76,76,76,76,76,57,66,74,74,74,42,0],"gold":52,"neow_bonus":"THREE_ENEMY_KILL","is_prod":false,"is_daily":false,"chose_seed":false,"campfire_upgraded":7,"win_rate":0,"timestamp":1552668321,"path_taken":["M","?","M","?","?","E","M","$","T","?","E","R","E","M","R","BOSS","M","$","?","M","?","R","M","R","T","$","R","E","?","?","R","BOSS","M","?","M","$","?","R","E","?","T","E","M","M","M","M","R","BOSS","BOSS","R","$","E","BOSS"],"build_version":"2019-01-23","purchased_purges":4,"victory":false,"max_hp_per_floor":[66,66,66,66,66,66,66,66,66,66,76,76,76,76,76,76,76,76,76,76,76,76,76,76,76,76,76,76,76,76,76,76,76,76,76,76,76,76,76,76,76,76,76,76,76,76,76,76,76,76,76,76,76,76,76,76],"card_choices":[{"not_picked":["Blade Dance","Reflex"],"picked":"Leg Sweep","floor":1.0},{"not_picked":["Flying Knee","Quick Slash"],"picked":"Acrobatics","floor":3.0},{"not_picked":["Deflect","Dagger Throw"],"picked":"Predator","floor":6.0},{"not_picked":["Sucker Punch","Underhanded Strike"],"picked":"Dash","floor":7.0},{"not_picked":["Leg Sweep","Dodge and Roll"],"picked":"PiercingWail","floor":11.0},{"not_picked":["Dodge and Roll","Setup"],"picked":"Masterful Stab+1","floor":13.0},{"not_picked":["Predator+1","Backflip"],"picked":"Calculated Gamble","floor":14.0},{"not_picked":["Burst","Malaise"],"picked":"Grand Finale+1","floor":16.0},{"not_picked":["Deadly Poison","Sucker Punch+1","Flying Knee+1"],"picked":"SKIP","floor":18.0},{"not_picked":["Crippling Poison","Flying Knee+1","Cloak And Dagger"],"picked":"SKIP","floor":21.0},{"not_picked":["Acrobatics","Underhanded Strike+1","Concentrate"],"picked":"Backflip","floor":24.0},{"not_picked":["Dash+1","Slice+1","Deflect"],"picked":"Reflex","floor":29.0},{"not_picked":["PiercingWail","Poisoned Stab+1","Cloak And Dagger"],"picked":"Footwork+1","floor":31.0},{"not_picked":["Die Die Die+1","Venomology","Doppelganger"],"picked":"Tools of the Trade","floor":33.0},{"not_picked":["Underhanded Strike+1","Blade Dance","Riddle With Holes+1","Bane+1"],"picked":"SKIP","floor":35.0},{"not_picked":["Flying Knee+1","Slice+1","Bane+1","Poisoned Stab+1"],"picked":"SKIP","floor":37.0},{"not_picked":["Dodge and Roll","Underhanded Strike+1","Bane+1"],"picked":"Escape Plan","floor":41.0},{"not_picked":["Cloak And Dagger","Skewer+1","Backstab+1","Quick Slash+1"],"picked":"SKIP","floor":42.0},{"not_picked":["Catalyst","Cloak And Dagger","Dagger Throw+1","Crippling Poison"],"picked":"SKIP","floor":42.0},{"not_picked":["Quick Slash+1","Bane+1","Glass Knife+1","Cloak And Dagger"],"picked":"SKIP","floor":44.0},{"not_picked":["Slice+1","Backflip","Cloak And Dagger+1"],"picked":"Blur","floor":45.0},{"not_picked":["Acrobatics","Quick Slash+1","Flying Knee+1","Deflect+1"],"picked":"SKIP","floor":45.0},{"not_picked":["Deflect","Masterful Stab+1","Deadly Poison"],"picked":"Outmaneuver+1","floor":46.0},{"not_picked":["Die Die Die+1","Crippling Poison","Riddle With Holes+1","Flying Knee+1"],"picked":"SKIP","floor":46.0},{"not_picked":["Bane+1","Deadly Poison","Quick Slash+1"],"picked":"Footwork","floor":47.0},{"not_picked":["Crippling Poison","Escape Plan","Dagger Spray+1"],"picked":"Caltrops+1","floor":47.0},{"not_picked":["Blade Dance","Backflip","Dash+1"],"picked":"Well Laid Plans","floor":48.0},{"not_picked":["Backstab+1","Bane+1","Slice+1","Masterful Stab+1"],"picked":"SKIP","floor":48.0},{"not_picked":["Dash+1","Tools of the Trade","Poisoned Stab+1"],"picked":"Footwork","floor":55.0}],"player_experience":4543152,"relics_obtained":[{"floor":6.0,"key":"FossilizedHelix"},{"floor":9.0,"key":"Molten Egg 2"},{"floor":11.0,"key":"Pear"},{"floor":13.0,"key":"Snake Skull"},{"floor":22.0,"key":"Bird Faced Urn"},{"floor":22.0,"key":"Question Card"},{"floor":26.0,"key":"Gremlin Horn"},{"floor":29.0,"key":"Bag of Preparation"},{"floor":41.0,"key":"Prayer Wheel"},{"floor":44.0,"key":"Juzu Bracelet"},{"floor":55.0,"key":"StoneCalendar"}],"event_choices":[{"damage_healed":0.0,"max_hp_gain":0.0,"max_hp_loss":0.0,"gold_gain":150.0,"event_name":"Liars Game","player_choice":"AGREE","floor":2.0,"gold_loss":0.0,"damage_taken":0.0,"cards_obtained":["Doubt"]},{"damage_healed":0.0,"max_hp_gain":0.0,"max_hp_loss":0.0,"gold_gain":75.0,"event_name":"World of Goop","player_choice":"Gather Gold","floor":4.0,"gold_loss":0.0,"damage_taken":11.0},{"cards_removed":["Doubt"],"damage_healed":0.0,"max_hp_gain":0.0,"max_hp_loss":0.0,"gold_gain":0.0,"event_name":"The Cleric","player_choice":"Card Removal","floor":5.0,"gold_loss":75.0,"damage_taken":0.0},{"damage_healed":0.0,"max_hp_gain":0.0,"max_hp_loss":0.0,"gold_gain":0.0,"event_name":"Beggar","player_choice":"Ignored","floor":20.0,"gold_loss":0.0,"damage_taken":0.0},{"damage_healed":0.0,"max_hp_gain":0.0,"max_hp_loss":0.0,"gold_gain":0.0,"event_name":"Colosseum","player_choice":"Fight","floor":22.0,"gold_loss":0.0,"damage_taken":0.0},{"damage_healed":0.0,"max_hp_gain":0.0,"max_hp_loss":0.0,"gold_gain":0.0,"event_name":"Colosseum","player_choice":"Fought Nobs","floor":22.0,"gold_loss":0.0,"damage_taken":0.0},{"damage_healed":0.0,"max_hp_gain":0.0,"max_hp_loss":0.0,"gold_gain":0.0,"event_name":"Upgrade Shrine","player_choice":"Upgraded","floor":30.0,"gold_loss":0.0,"damage_taken":0.0,"cards_upgraded":["Reflex"]},{"cards_removed":["Strike_G"],"damage_healed":0.0,"max_hp_gain":0.0,"max_hp_loss":0.0,"gold_gain":0.0,"event_name":"Falling","player_choice":"Removed Attack","floor":36.0,"gold_loss":0.0,"damage_taken":0.0},{"cards_removed":["Strike_G"],"damage_healed":0.0,"max_hp_gain":0.0,"max_hp_loss":0.0,"gold_gain":0.0,"event_name":"Purifier","player_choice":"Purged","floor":39.0,"gold_loss":0.0,"damage_taken":0.0}],"is_beta":false,"boss_relics":[{"not_picked":["Ectoplasm","Snecko Eye"],"picked":"WristBlade"},{"not_picked":["Busted Crown","Sozu"],"picked":"Ring of the Serpent"}],"items_purged_floors":[8,19,27,38],"is_endless":false,"potions_floor_spawned":[3,6,13,14,18,21,22,33,35,42,44,55],"killed_by":"The Heart","ascension_level":20}