{"gold_per_floor":[115,115,133,283,10,36,36,69,69,69,69,104,104,39,39,39],"floor_reached":16,"playtime":399,"items_purged":["Doubt"],"score":278,"play_id":"b971e711-9165-44e0-8ff3-3adb463bc3f7","local_time":"20190303011647","is_ascension_mode":true,"campfire_choices":[{"data":"Envenom","floor":7.0,"key":"SMITH"},{"data":"Outmaneuver","floor":10.0,"key":"SMITH"},{"data":"Neutralize","floor":15,"key":"SMITH"}],"neow_cost":"NONE","seed_source_timestamp":1422176752120800,"circlet_count":0,"master_deck":["AscendersBane","Defend_G","Defend_G","Defend_G","Defend_G","Defend_G","Strike_G","Strike_G","Strike_G","Strike_G","Strike_G","Survivor","Neutralize+1","Outmaneuver+1","Riddle With Holes","Flechettes","Envenom+1","Backflip","Dodge and Roll","Finisher","Expertise","Corpse Explosion","Riddle With Holes"],"special_seed":0,"relics":["Ring of the Snake","NeowsBlessing","Juzu Bracelet","Regal Pillow","The Courier","Nunchaku"],"potions_floor_usage":[16],"damage_taken":[{"damage":0.0,"enemies":"2 Louse","floor":1.0,"turns":1.0},{"damage":0.0,"enemies":"Cultist","floor":3.0,"turns":1.0},{"damage":0.0,"enemies":"3 Sentries","floor":6.0,"turns":2.0},{"damage":22.0,"enemies":"Lagavulin","floor":8.0,"turns":7.0},{"damage":13.0,"enemies":"3 Sentries","floor":12.0,"turns":10.0},{"damage":24,"enemies":"Hexaghost","floor":16,"turns":9}],"seed_played":"7047112473437190585","potions_obtained":[{"floor":3.0,"key":"SpeedPotion"},{"floor":6.0,"key":"Swift Potion"},{"floor":8.0,"key":"Swift Potion"}],"is_trial":false,"path_per_floor":["M","?","M","?","$","E","R","E","T","R","?","E","?","$","R","B"],"character_chosen":"THE_SILENT","items_purchased":["Envenom","Backflip","Dodge and Roll","Riddle With Holes"],"campfire_rested":0,"item_purchase_floors":[5,5,5,14],"current_hp_per_floor":[59,59,59,59,59,59,59,37,37,37,37,24,24,24,24,0],"gold":39,"neow_bonus":"THREE_ENEMY_KILL","is_prod":false,"is_daily":false,"chose_seed":false,"campfire_upgraded":3,"win_rate":0,"timestamp":1551543407,"path_taken":["M","?","?","?","$","E","R","E","T","R","?","E","?","$","R","BOSS"],"build_version":"2019-01-23","purchased_purges":1,"victory":false,"max_hp_per_floor":[66,66,66,66,66,66,66,66,66,66,66,66,66,66,66,66],"card_choices":[{"not_picked":["Prepared","Setup"],"picked":"Outmaneuver","floor":1.0},{"not_picked":["Deflect","Acrobatics"],"picked":"Flechettes","floor":3.0},{"not_picked":["Prepared","Distraction"],"picked":"Finisher","floor":6.0},{"not_picked":["Acrobatics","Accuracy"],"picked":"Expertise","floor":8.0},{"not_picked":["Backstab","Distraction"],"picked":"Corpse Explosion","floor":12.0}],"player_experience":4453654,"relics_obtained":[{"floor":6.0,"key":"Juzu Bracelet"},{"floor":8.0,"key":"Regal Pillow"},{"floor":12.0,"key":"The Courier"}],"event_choices":[{"damage_healed":0.0,"max_hp_gain":0.0,"max_hp_loss":0.0,"gold_gain":0.0,"event_name":"Match and Keep!","player_choice":"1 cards matched","floor":2.0,"gold_loss":0.0,"damage_taken":0.0,"cards_obtained":["Riddle With Holes"]},{"damage_healed":0.0,"max_hp_gain":0.0,"max_hp_loss":0.0,"gold_gain":150.0,"event_name":"Liars Game","player_choice":"AGREE","floor":4.0,"gold_loss":0.0,"damage_taken":0.0,"cards_obtained":["Doubt"]},{"damage_healed":0.0,"max_hp_gain":0.0,"max_hp_loss":0.0,"gold_gain":0.0,"event_name":"Golden Idol","player_choice":"Ignored","floor":11.0,"gold_loss":0.0,"damage_taken":0.0},{"damage_healed":0,"gold_gain":0,"player_choice":"Searched \u00271\u0027 times","damage_taken":0,"relics_obtained":["Nunchaku"],"max_hp_gain":0,"max_hp_loss":0,"event_name":"Dead Adventurer","floor":13,"gold_loss":0}],"is_beta":false,"boss_relics":[],"items_purged_floors":[5],"is_endless":false,"potions_floor_spawned":[3,6,8],"killed_by":"Hexaghost","ascension_level":20}