{"gold_per_floor":[113,130,144,161,161,161,187,187,187,187,199,233,233,248,248,248],"floor_reached":16,"playtime":392,"items_purged":[],"score":224,"play_id":"f080d31d-aab3-4ab8-a35f-4a6de40a11a4","local_time":"20190212012945","is_ascension_mode":true,"campfire_choices":[{"data":"Ball Lightning","floor":6,"key":"SMITH"},{"data":"Sweeping Beam","floor":8,"key":"SMITH"},{"floor":10,"key":"REST"},{"data":"Chaos","floor":15,"key":"SMITH"}],"neow_cost":"NONE","seed_source_timestamp":1060813627878400,"circlet_count":0,"master_deck":["AscendersBane","Strike_B","Strike_B","Strike_B","Strike_B","Defend_B","Defend_B","Defend_B","Zap","Dualcast","Leap","Sweeping Beam+1","Conserve Battery","Ball Lightning+1","Cold Snap","Core Surge","Chaos+1"],"relics":["Cracked Core","The Courier","Mummified Hand","Symbiotic Virus"],"potions_floor_usage":[3,7,12,16],"damage_taken":[{"damage":0,"enemies":"2 Louse","floor":1,"turns":3},{"damage":7,"enemies":"Jaw Worm","floor":2,"turns":4},{"damage":6,"enemies":"Cultist","floor":3,"turns":3},{"damage":5,"enemies":"Exordium Wildlife","floor":4,"turns":4},{"damage":16,"enemies":"3 Sentries","floor":7,"turns":5},{"damage":14,"enemies":"Gremlin Gang","floor":11,"turns":2},{"damage":12,"enemies":"Lagavulin","floor":12,"turns":7},{"damage":13,"enemies":"Exordium Thugs","floor":14,"turns":5},{"damage":27,"enemies":"Slime Boss","floor":16,"turns":8}],"seed_played":"8248404457513404942","potions_obtained":[{"floor":1,"key":"PowerPotion"},{"floor":2,"key":"SkillPotion"},{"floor":11,"key":"Fire Potion"},{"floor":14,"key":"SkillPotion"}],"is_trial":false,"path_per_floor":["M","M","M","M","?","R","E","R","T","R","M","E","?","M","R","B"],"character_chosen":"DEFECT","items_purchased":[],"campfire_rested":1,"item_purchase_floors":[],"current_hp_per_floor":[71,64,58,53,53,53,37,37,37,60,46,34,34,21,21,0],"gold":248,"neow_bonus":"TEN_PERCENT_HP_BONUS","is_prod":false,"is_daily":false,"chose_seed":false,"campfire_upgraded":3,"win_rate":0,"timestamp":1549902585,"path_taken":["M","M","M","M","?","R","E","R","T","R","M","E","?","M","R","BOSS"],"build_version":"2019-01-23","purchased_purges":0,"victory":false,"max_hp_per_floor":[78,78,78,78,78,78,78,78,78,78,78,78,78,78,78,78],"card_choices":[{"not_picked":["Blizzard","Chaos"],"picked":"Leap","floor":1},{"not_picked":["Redo","Coolheaded"],"picked":"Sweeping Beam","floor":2},{"not_picked":["Turbo","Redo"],"picked":"Conserve Battery","floor":3},{"not_picked":["Turbo","Rebound"],"picked":"Ball Lightning","floor":4},{"not_picked":["Chaos","Reprogram","Go for the Eyes"],"picked":"SKIP","floor":7},{"not_picked":["Aggregate","BootSequence"],"picked":"Cold Snap","floor":11},{"not_picked":["Cold Snap","Ball Lightning"],"picked":"Core Surge","floor":12},{"not_picked":["Conserve Battery","Streamline"],"picked":"Chaos","floor":14}],"player_experience":4265428,"relics_obtained":[{"floor":7,"key":"The Courier"},{"floor":9,"key":"Mummified Hand"},{"floor":12,"key":"Symbiotic Virus"}],"event_choices":[{"damage_healed":0,"gold_gain":0,"player_choice":"Ignored","damage_taken":0,"max_hp_gain":0,"max_hp_loss":0,"event_name":"Liars Game","floor":5,"gold_loss":0},{"cards_removed":["Defend_B"],"damage_healed":0,"gold_gain":0,"player_choice":"Purged","damage_taken":0,"max_hp_gain":0,"max_hp_loss":0,"event_name":"Purifier","floor":13,"gold_loss":0}],"is_beta":false,"boss_relics":[],"items_purged_floors":[],"is_endless":false,"potions_floor_spawned":[1,2,11,14],"killed_by":"Slime Boss","ascension_level":20}