{"gold_per_floor":[111,121,121,196,471,496,508,658,658,677,64,90,90,109,109,183,183,194,211,261,261,273,305,305,305,305,332,362,134,151,162,162,237,237,257,1256,752,752,752,752,677,694,694,544,577,590,604,63,63,63],"floor_reached":51,"playtime":2610,"items_purged":["Regret","Strike_B","Normality","Normality","Doubt"],"score":1575,"play_id":"e793d417-e460-4096-af84-d3c943de460f","local_time":"20190316235035","is_ascension_mode":true,"campfire_choices":[{"floor":15.0,"key":"REST"},{"floor":25.0,"key":"REST"},{"floor":32.0,"key":"REST"},{"data":"Loop","floor":40.0,"key":"SMITH"},{"floor":49.0,"key":"REST"}],"neow_cost":"NONE","seed_source_timestamp":129629022611091,"circlet_count":0,"master_deck":["AscendersBane","Strike_B","Defend_B+1","Defend_B","Defend_B","Zap+1","Dualcast","Cold Snap","Defragment+1","Conserve Battery","Sunder","Coolheaded+1","Cold Snap+1","Chill+1","Capacitor","Reinforced Body+1","Ball Lightning+1","Seek+1","Go for the Eyes+1","Go for the Eyes+1","Defragment+1","Go for the Eyes+1","Loop+1","Redo+1","Rainbow+1","Electrodynamics","Core Surge+1","Genetic Algorithm+1","Turbo+1","Fission+1","Loop","Gash+1"],"special_seed":0,"relics":["Cracked Core","NeowsBlessing","Ice Cream","War Paint","Molten Egg 2","Toxic Egg 2","Pear","Runic Pyramid","Blood Vial","Mercury Hourglass","MawBank","Lizard Tail","DataDisk","ClockworkSouvenir","Singing Bowl","Boot","Ancient Tea Set"],"potions_floor_usage":[50],"damage_taken":[{"damage":0.0,"enemies":"Small Slimes","floor":1.0,"turns":1.0},{"damage":0.0,"enemies":"2 Louse","floor":2.0,"turns":1.0},{"damage":0.0,"enemies":"Lagavulin","floor":6.0,"turns":1.0},{"damage":5.0,"enemies":"Cultist","floor":7.0,"turns":4.0},{"damage":11.0,"enemies":"3 Louse","floor":10.0,"turns":2.0},{"damage":4.0,"enemies":"3 Sentries","floor":12.0,"turns":9.0},{"damage":0.0,"enemies":"Looter","floor":14.0,"turns":3.0},{"damage":18.0,"enemies":"Slime Boss","floor":16.0,"turns":12.0},{"damage":1.0,"enemies":"3 Byrds","floor":18.0,"turns":6.0},{"damage":8.0,"enemies":"Spheric Guardian","floor":19.0,"turns":4.0},{"damage":23.0,"enemies":"Shelled Parasite and Fungi","floor":22.0,"turns":8.0},{"damage":5.0,"enemies":"Book of Stabbing","floor":23.0,"turns":7.0},{"damage":9.0,"enemies":"Slavers","floor":27.0,"turns":6.0},{"damage":17.0,"enemies":"Snake Plant","floor":28.0,"turns":4.0},{"damage":0.0,"enemies":"3 Cultists","floor":30.0,"turns":6.0},{"damage":2.0,"enemies":"Shelled Parasite and Fungi","floor":31.0,"turns":6.0},{"damage":0.0,"enemies":"Champ","floor":33.0,"turns":10.0},{"damage":4.0,"enemies":"Orb Walker","floor":35.0,"turns":4.0},{"damage":2.0,"enemies":"3 Shapes","floor":42.0,"turns":5.0},{"damage":23.0,"enemies":"Nemesis","floor":45.0,"turns":7.0},{"damage":21.0,"enemies":"Sphere and 2 Shapes","floor":46.0,"turns":6.0},{"damage":14.0,"enemies":"Spire Growth","floor":47.0,"turns":5.0},{"damage":16,"enemies":"Donu and Deca","floor":50,"turns":11}],"seed_played":"-628612772421156345","potions_obtained":[{"floor":1.0,"key":"AttackPotion"},{"floor":6.0,"key":"GamblersBrew"},{"floor":22.0,"key":"Strength Potion"},{"floor":23.0,"key":"FearPotion"},{"floor":31.0,"key":"SpeedPotion"},{"floor":33.0,"key":"GamblersBrew"},{"floor":35.0,"key":"AttackPotion"}],"is_trial":false,"path_per_floor":["M","M","?","?","?","E","M","?","T","M","$","E","?","M","R","B",null,"M","M","?","?","M","E","?","R","T","E","M","$","M","M","R","B",null,"M","?","$","?","?","R","?","M","T","$","E","M","M","$","R","B",null],"character_chosen":"DEFECT","items_purchased":["Toxic Egg 2","Coolheaded+1","Cold Snap+1","Chill+1","Capacitor","Go for the Eyes+1","Loop","DataDisk","ClockworkSouvenir","Loop","Ancient Tea Set","Gash+1","Weak Potion"],"campfire_rested":4,"item_purchase_floors":[11,11,11,11,11,29,29,37,37,48,48,48,48],"current_hp_per_floor":[64,64,59,48,48,48,43,43,43,32,32,38,14,14,38,20,66,65,57,57,34,11,6,6,31,31,24,9,9,11,11,36,38,74,72,72,72,72,72,72,72,72,72,72,51,34,24,24,51,37],"gold":63,"neow_bonus":"THREE_ENEMY_KILL","is_prod":false,"is_daily":false,"chose_seed":false,"campfire_upgraded":1,"win_rate":0,"timestamp":1552794635,"path_taken":["M","M","?","?","?","E","?","?","T","M","$","E","?","M","R","BOSS","M","M","?","?","M","E","?","R","T","E","?","$","M","M","R","BOSS","M","?","$","?","?","R","?","?","T","$","E","?","M","$","R","BOSS"],"build_version":"2019-01-23","purchased_purges":5,"victory":true,"max_hp_per_floor":[71,71,71,71,71,71,71,71,71,71,71,81,81,81,81,81,81,81,81,81,86,86,86,86,86,86,86,86,86,86,86,86,86,86,86,86,86,86,86,86,86,86,86,86,86,88,90,90,90,90],"card_choices":[{"not_picked":["Consume","Stack"],"picked":"Cold Snap","floor":1.0},{"not_picked":["Undo","Fusion"],"picked":"Defragment","floor":2.0},{"not_picked":["Doom and Gloom","Recycle"],"picked":"Conserve Battery","floor":6.0},{"not_picked":["Gash","Go for the Eyes"],"picked":"Sunder","floor":7.0},{"not_picked":["Beam Cell+1","Hyperbeam+1","Turbo"],"picked":"SKIP","floor":10.0},{"not_picked":["Turbo+1","Conserve Battery+1"],"picked":"Reinforced Body+1","floor":12.0},{"not_picked":["Rebound+1","Stack+1"],"picked":"Ball Lightning+1","floor":14.0},{"not_picked":["Hyperbeam+1","Thunder Strike+1"],"picked":"Seek+1","floor":16.0},{"not_picked":["Stack+1","Streamline+1","Coolheaded+1"],"picked":"SKIP","floor":18.0},{"not_picked":["FTL+1","Recycle+1"],"picked":"Go for the Eyes+1","floor":19.0},{"not_picked":["Streamline+1","Coolheaded+1"],"picked":"Go for the Eyes+1","floor":22.0},{"not_picked":["Streamline+1","Reinforced Body+1","Darkness+1"],"picked":"SKIP","floor":23.0},{"not_picked":["Genetic Algorithm+1","Rebound+1","Undo+1"],"picked":"SKIP","floor":27.0},{"not_picked":["Ball Lightning+1","Conserve Battery+1","Cold Snap+1"],"picked":"SKIP","floor":28.0},{"not_picked":["Conserve Battery+1","Undo+1"],"picked":"Redo+1","floor":30.0},{"not_picked":["Sweeping Beam+1","Ball Lightning+1"],"picked":"Rainbow+1","floor":31.0},{"not_picked":["Multi-Cast+1","Machine Learning"],"picked":"Electrodynamics","floor":33.0},{"not_picked":["Skim+1","Ball Lightning+1","Compile Driver+1"],"picked":"SKIP","floor":35.0},{"not_picked":["Ball Lightning+1","Stack+1"],"picked":"Turbo+1","floor":42.0},{"not_picked":["Static Discharge","Skim+1"],"picked":"Fission+1","floor":45.0},{"not_picked":["Turbo+1","Compile Driver+1","Hologram+1"],"picked":"Singing Bowl","floor":46.0},{"not_picked":["Gash+1","Rip and Tear+1","Redo+1"],"picked":"Singing Bowl","floor":47.0}],"player_experience":547086,"relics_obtained":[{"floor":6.0,"key":"War Paint"},{"floor":9.0,"key":"Molten Egg 2"},{"floor":12.0,"key":"Pear"},{"floor":23.0,"key":"Blood Vial"},{"floor":26.0,"key":"Mercury Hourglass"},{"floor":27.0,"key":"MawBank"},{"floor":43.0,"key":"Singing Bowl"},{"floor":45.0,"key":"Boot"}],"event_choices":[{"damage_healed":0.0,"max_hp_gain":0.0,"max_hp_loss":0.0,"gold_gain":0.0,"event_name":"Scrap Ooze","player_choice":"Success","floor":3.0,"gold_loss":0.0,"damage_taken":5.0,"relics_obtained":["Ice Cream"]},{"damage_healed":0.0,"max_hp_gain":0.0,"max_hp_loss":0.0,"gold_gain":75.0,"event_name":"World of Goop","player_choice":"Gather Gold","floor":4.0,"gold_loss":0.0,"damage_taken":11.0},{"damage_healed":0.0,"max_hp_gain":0.0,"max_hp_loss":0.0,"gold_gain":275.0,"event_name":"Golden Shrine","player_choice":"Desecrate","floor":5.0,"gold_loss":0.0,"damage_taken":0.0,"cards_obtained":["Regret"]},{"damage_healed":0.0,"max_hp_gain":0.0,"max_hp_loss":0.0,"gold_gain":150.0,"event_name":"Liars Game","player_choice":"AGREE","floor":8.0,"gold_loss":0.0,"damage_taken":0.0,"cards_obtained":["Doubt"]},{"damage_healed":0.0,"max_hp_gain":0.0,"max_hp_loss":0.0,"gold_gain":0.0,"event_name":"Shining Light","player_choice":"Entered Light","floor":13.0,"gold_loss":0.0,"damage_taken":24.0,"cards_upgraded":["Defend_B","Defragment"]},{"damage_healed":0.0,"max_hp_gain":0.0,"max_hp_loss":0.0,"gold_gain":50.0,"event_name":"Nest","player_choice":"Stole From Cult","floor":20.0,"gold_loss":0.0,"damage_taken":0.0},{"damage_healed":0.0,"max_hp_gain":5.0,"max_hp_loss":0.0,"gold_gain":0.0,"event_name":"Forgotten Altar","player_choice":"Shed Blood","floor":21.0,"gold_loss":0.0,"damage_taken":28.0},{"damage_healed":0.0,"max_hp_gain":0.0,"max_hp_loss":0.0,"gold_gain":0.0,"event_name":"Duplicator","player_choice":"Copied","floor":24.0,"gold_loss":0.0,"damage_taken":0.0,"cards_obtained":["Defragment"]},{"damage_healed":0.0,"max_hp_gain":0.0,"max_hp_loss":0.0,"gold_gain":999.0,"event_name":"MindBloom","player_choice":"Gold","floor":36.0,"gold_loss":0.0,"damage_taken":0.0,"cards_obtained":["Normality","Normality"]},{"cards_removed":["Defend_B"],"damage_healed":0.0,"max_hp_gain":0.0,"max_hp_loss":0.0,"gold_gain":0.0,"event_name":"Falling","player_choice":"Removed Skill","floor":38.0,"gold_loss":0.0,"damage_taken":0.0},{"damage_healed":0.0,"max_hp_gain":0.0,"max_hp_loss":0.0,"gold_gain":0.0,"event_name":"Tomb of Lord Red Mask","player_choice":"Ignored","floor":39.0,"gold_loss":0.0,"damage_taken":0.0},{"damage_healed":0.0,"max_hp_gain":0.0,"max_hp_loss":0.0,"gold_gain":0.0,"cards_transformed":["Strike_B","Strike_B"],"event_name":"Designer","player_choice":"Transformed Cards","floor":41.0,"gold_loss":75.0,"damage_taken":0.0,"cards_obtained":["Core Surge","Genetic Algorithm"]}],"is_beta":false,"boss_relics":[{"not_picked":["Tiny House","Sozu"],"picked":"Runic Pyramid"},{"not_picked":["Inserter","Black Star"],"picked":"Lizard Tail"}],"items_purged_floors":[11,29,37,44,48],"is_endless":false,"potions_floor_spawned":[1,6,7,22,23,31,33,35,42],"ascension_level":18}