{"gold_per_floor":[109,34,50,50,68,68,87,87,111,130,130,164,164,179,179,252,252,264,275,286,286,33,33,33],"floor_reached":24,"playtime":1288,"items_purged":["Writhe"],"score":376,"play_id":"c89ec8d7-3378-4aa5-9817-f59dd6af086c","local_time":"20190315233855","is_ascension_mode":true,"campfire_choices":[{"data":"Body Slam","floor":6.0,"key":"SMITH"},{"data":"1","floor":8.0,"key":"LIFT"},{"data":"2","floor":11.0,"key":"LIFT"},{"data":"Armaments","floor":15.0,"key":"SMITH"},{"data":"Second Wind","floor":23,"key":"SMITH"}],"neow_cost":"CURSE","seed_source_timestamp":91960749481178,"circlet_count":0,"master_deck":["AscendersBane","Strike_R","Strike_R","Strike_R","Defend_R","Defend_R","Defend_R","Defend_R","Bash","Dual Wield","Second Wind+1","Body Slam+1","Battle Trance","Headbutt","Inflame","Feed","Armaments+1","Flame Barrier","Demon Form","Power Through+1","Blood for Blood+1","Shrug It Off+1","Bloodletting","Impervious","Shrug It Off"],"special_seed":0,"relics":["Burning Blood","Girya","Bag of Preparation","Bronze Scales","Mark of Pain","Ancient Tea Set"],"potions_floor_usage":[24,24],"damage_taken":[{"damage":20.0,"enemies":"Small Slimes","floor":1.0,"turns":5.0},{"damage":7.0,"enemies":"2 Louse","floor":3.0,"turns":3.0},{"damage":7.0,"enemies":"Cultist","floor":5.0,"turns":4.0},{"damage":5.0,"enemies":"Looter","floor":7.0,"turns":4.0},{"damage":4.0,"enemies":"2 Fungi Beasts","floor":10.0,"turns":4.0},{"damage":32.0,"enemies":"Gremlin Nob","floor":12.0,"turns":4.0},{"damage":1.0,"enemies":"Exordium Thugs","floor":14.0,"turns":3.0},{"damage":26.0,"enemies":"The Guardian","floor":16.0,"turns":12.0},{"damage":21.0,"enemies":"Shell Parasite","floor":18.0,"turns":5.0},{"damage":1.0,"enemies":"3 Byrds","floor":19.0,"turns":3.0},{"damage":13,"enemies":"Centurion and Healer","floor":20,"turns":6},{"damage":62,"enemies":"Gremlin Leader","floor":24,"turns":7}],"seed_played":"-3094465800182422493","potions_obtained":[{"floor":3.0,"key":"SkillPotion"},{"floor":7.0,"key":"GamblersBrew"},{"floor":12.0,"key":"Explosive Potion"},{"floor":14.0,"key":"Energy Potion"}],"is_trial":false,"path_per_floor":["M","$","M","?","M","R","M","R","T","M","R","E","?","M","R","B",null,"M","M","M","?","$","R","E"],"character_chosen":"IRONCLAD","items_purchased":["Ancient Tea Set","Swift Potion","Shrug It Off"],"campfire_rested":0,"item_purchase_floors":[22,22,22],"current_hp_per_floor":[54,54,53,58,57,57,58,58,58,60,60,34,34,42,42,25,71,56,64,61,61,61,61,0],"gold":33,"neow_bonus":"ONE_RARE_RELIC","is_prod":false,"is_daily":false,"chose_seed":false,"campfire_upgraded":3,"win_rate":0,"timestamp":1552660735,"path_taken":["M","$","M","?","M","R","M","R","T","M","R","E","?","M","R","BOSS","M","M","M","?","$","R","E"],"build_version":"2019-01-23","purchased_purges":1,"victory":false,"max_hp_per_floor":[75,75,75,80,80,80,80,80,80,80,80,80,80,83,83,86,86,86,89,93,93,93,93,93],"card_choices":[{"not_picked":["Warcry","Wild Strike"],"picked":"Dual Wield","floor":1.0},{"not_picked":["Perfected Strike","Rupture"],"picked":"Second Wind","floor":3.0},{"not_picked":["Sword Boomerang","Anger"],"picked":"Body Slam","floor":5.0},{"not_picked":["Anger","Wild Strike"],"picked":"Battle Trance","floor":7.0},{"not_picked":["Burning Pact","Clothesline"],"picked":"Headbutt","floor":10.0},{"not_picked":["Metallicize","Searing Blow"],"picked":"Inflame","floor":12.0},{"not_picked":["Feed","True Grit"],"picked":"Flame Barrier","floor":14.0},{"not_picked":["Feed","Fiend Fire"],"picked":"Demon Form","floor":16.0},{"not_picked":["Wild Strike","Warcry"],"picked":"Power Through+1","floor":18.0},{"not_picked":["Corruption","Heavy Blade"],"picked":"Blood for Blood+1","floor":19.0},{"not_picked":["Bloodletting","Reckless Charge+1"],"picked":"Shrug It Off+1","floor":20}],"player_experience":340432,"relics_obtained":[{"floor":9.0,"key":"Bag of Preparation"},{"floor":12.0,"key":"Bronze Scales"}],"event_choices":[{"damage_healed":0.0,"max_hp_gain":5.0,"max_hp_loss":0.0,"gold_gain":0.0,"event_name":"Big Fish","player_choice":"Donut","floor":4.0,"gold_loss":0.0,"damage_taken":0.0},{"damage_healed":0.0,"max_hp_gain":0.0,"max_hp_loss":0.0,"gold_gain":0.0,"event_name":"Match and Keep!","player_choice":"2 cards matched","floor":13.0,"gold_loss":0.0,"damage_taken":0.0,"cards_obtained":["Feed","Armaments"]},{"damage_healed":0,"gold_gain":0,"cards_transformed":["Strike_R","Strike_R"],"player_choice":"Became Test Subject","damage_taken":0,"max_hp_gain":0,"max_hp_loss":0,"event_name":"Drug Dealer","floor":21,"gold_loss":0,"cards_obtained":["Bloodletting","Impervious"]}],"is_beta":false,"boss_relics":[{"not_picked":["Runic Dome","Black Blood"],"picked":"Mark of Pain"}],"items_purged_floors":[2],"is_endless":false,"potions_floor_spawned":[3,7,12,14,16],"killed_by":"Gremlin Leader","ascension_level":18}