{"gold_per_floor":[113,27,27,27,74,74,100,112,149,178,209,221,249,278,290,379,391,403,415,2,2,15,15],"floor_reached":23,"playtime":1058,"items_purged":[],"score":350,"play_id":"2e74eef2-4e13-4d47-ba5d-e792091de611","local_time":"20190312192705","is_ascension_mode":true,"campfire_choices":[{"floor":6.0,"key":"REST"},{"floor":8.0,"key":"REST"},{"data":"Armaments","floor":12.0,"key":"SMITH"},{"data":"Uppercut","floor":15.0,"key":"SMITH"}],"neow_cost":"PERCENT_DAMAGE","seed_source_timestamp":33224176014032,"circlet_count":0,"master_deck":["AscendersBane","Strike_R","Strike_R+1","Defend_R","Defend_R","Defend_R","Defend_R","Bash","Inflame","Wild Strike+1","Perfected Strike","Uppercut+1","Metallicize","Armaments+1","Clothesline","Shrug It Off","Barricade","Offering+1","Warcry+1"],"special_seed":0,"relics":["Burning Blood","Oddly Smooth Stone","MawBank","Omamori","Runic Pyramid","Toxic Egg 2"],"potions_floor_usage":[18,23],"damage_taken":[{"damage":4.0,"enemies":"Small Slimes","floor":1.0,"turns":5.0},{"damage":40.0,"enemies":"3 Sentries","floor":7.0,"turns":9.0},{"damage":6.0,"enemies":"Jaw Worm","floor":10.0,"turns":4.0},{"damage":0.0,"enemies":"Cultist","floor":11.0,"turns":3.0},{"damage":2.0,"enemies":"Looter","floor":13.0,"turns":2.0},{"damage":0.0,"enemies":"Exordium Thugs","floor":14.0,"turns":3.0},{"damage":26,"enemies":"The Guardian","floor":16,"turns":12},{"damage":0,"enemies":"3 Byrds","floor":18,"turns":1},{"damage":20,"enemies":"Spheric Guardian","floor":22,"turns":11},{"damage":40,"enemies":"Gremlin Leader","floor":23,"turns":3}],"seed_played":"-4538345946436662116","potions_obtained":[{"floor":11.0,"key":"SmokeBomb"},{"floor":14.0,"key":"SteroidPotion"}],"is_trial":false,"path_per_floor":["M","$","?","?","T","R","E","R","T","M","M","R","M","M","R","B",null,"M","?","$","?","M","E"],"character_chosen":"IRONCLAD","items_purchased":["Wild Strike","Perfected Strike","Toxic Egg 2","Offering+1"],"campfire_rested":2,"item_purchase_floors":[2,2,20,20],"current_hp_per_floor":[52,52,29,29,29,51,17,39,39,39,45,45,49,55,55,35,65,71,50,50,50,36,0],"gold":15,"neow_bonus":"REMOVE_TWO","is_prod":false,"is_daily":false,"chose_seed":false,"campfire_upgraded":2,"win_rate":0,"timestamp":1552386425,"path_taken":["M","$","?","?","?","R","E","R","T","M","M","R","M","M","R","BOSS","M","?","$","?","M","E"],"build_version":"2019-01-23","purchased_purges":0,"victory":false,"max_hp_per_floor":[75,75,75,75,75,75,75,75,75,75,75,75,75,75,75,75,75,75,80,80,80,80,80],"card_choices":[{"not_picked":["Shrug It Off","Entrench"],"picked":"Inflame","floor":1.0},{"not_picked":["Flex","Twin Strike"],"picked":"Uppercut","floor":7.0},{"not_picked":["Thunderclap","Cleave"],"picked":"Metallicize","floor":10.0},{"not_picked":["Twin Strike","Wild Strike"],"picked":"Armaments","floor":11.0},{"not_picked":["Pommel Strike","Disarm"],"picked":"Clothesline","floor":13.0},{"not_picked":["Clash","Berserk"],"picked":"Shrug It Off","floor":14.0},{"not_picked":["Dark Embrace","Impervious"],"picked":"Barricade","floor":16},{"not_picked":["Iron Wave","Pummel"],"picked":"Warcry+1","floor":22}],"player_experience":295327,"relics_obtained":[{"floor":5.0,"key":"Oddly Smooth Stone"},{"floor":7.0,"key":"MawBank"},{"floor":9.0,"key":"Omamori"}],"event_choices":[{"damage_healed":0.0,"max_hp_gain":0.0,"max_hp_loss":0.0,"gold_gain":0.0,"event_name":"Shining Light","player_choice":"Entered Light","floor":3.0,"gold_loss":0.0,"damage_taken":23.0,"cards_upgraded":["Wild Strike","Strike_R"]},{"damage_healed":0.0,"max_hp_gain":0.0,"max_hp_loss":0.0,"gold_gain":0.0,"event_name":"Liars Game","player_choice":"Ignored","floor":4.0,"gold_loss":0.0,"damage_taken":0.0},{"damage_healed":0,"gold_gain":0,"player_choice":"Shed Blood","damage_taken":26,"max_hp_gain":5,"max_hp_loss":0,"event_name":"Forgotten Altar","floor":19,"gold_loss":0},{"cards_removed":["Strike_R"],"damage_healed":0,"gold_gain":0,"player_choice":"Purged","damage_taken":0,"max_hp_gain":0,"max_hp_loss":0,"event_name":"Purifier","floor":21,"gold_loss":0}],"is_beta":false,"boss_relics":[{"not_picked":["Fusion Hammer","White Beast Statue"],"picked":"Runic Pyramid"}],"items_purged_floors":[],"is_endless":false,"potions_floor_spawned":[11,14,18],"killed_by":"Gremlin Leader","ascension_level":17}