{"gold_per_floor":[116,116,41,51,6,38,38,38,38,69,81],"floor_reached":11,"playtime":292,"items_purged":[],"score":138,"play_id":"30f67141-0f98-4dc4-b6c5-4770f52dbe4f","local_time":"20190319224706","is_ascension_mode":true,"campfire_choices":[{"floor":7.0,"key":"REST"}],"neow_cost":"TEN_PERCENT_HP_LOSS","seed_source_timestamp":388036161370056,"circlet_count":0,"master_deck":["AscendersBane","Strike_B","Strike_B","Strike_B","Strike_B","Defend_B","Defend_B","Defend_B","Defend_B","Zap","Dualcast","Coolheaded","Genetic Algorithm","Glacier","Leap","Rip and Tear","Beam Cell","Coolheaded"],"special_seed":0,"relics":["Cracked Core","StoneCalendar","Meat on the Bone","MawBank"],"potions_floor_usage":[],"damage_taken":[{"damage":9.0,"enemies":"Jaw Worm","floor":1.0,"turns":3.0},{"damage":0.0,"enemies":"Cultist","floor":4.0,"turns":4.0},{"damage":27.0,"enemies":"Gremlin Nob","floor":6.0,"turns":4.0},{"damage":4.0,"enemies":"2 Louse","floor":10.0,"turns":3.0},{"damage":35,"enemies":"Gremlin Gang","floor":11,"turns":2}],"seed_played":"-1168959029136698879","potions_obtained":[{"floor":4.0,"key":"Fire Potion"}],"is_trial":false,"path_per_floor":["M","?","$","M","$","E","R","?","T","M","M"],"character_chosen":"DEFECT","items_purchased":["Glacier","Rip and Tear"],"campfire_rested":1,"item_purchase_floors":[3,5],"current_hp_per_floor":[55,55,55,55,55,28,47,38,38,34,0],"gold":81,"neow_bonus":"ONE_RARE_RELIC","is_prod":false,"is_daily":false,"chose_seed":false,"campfire_upgraded":0,"win_rate":0,"timestamp":1553050026,"path_taken":["M","?","$","M","?","E","R","?","T","?","M"],"build_version":"2019-01-23","purchased_purges":0,"victory":false,"max_hp_per_floor":[64,64,64,64,64,64,64,64,64,64,64],"card_choices":[{"not_picked":["Hologram","Fusion"],"picked":"Coolheaded","floor":1.0},{"not_picked":["Sweeping Beam","Redo"],"picked":"Leap","floor":4.0},{"not_picked":["Barrage","Reprogram"],"picked":"Beam Cell","floor":6.0},{"not_picked":["Compile Driver","Beam Cell"],"picked":"Coolheaded","floor":10.0}],"player_experience":555300,"relics_obtained":[{"floor":6.0,"key":"Meat on the Bone"},{"floor":9.0,"key":"MawBank"}],"event_choices":[{"damage_healed":0.0,"max_hp_gain":0.0,"max_hp_loss":0.0,"gold_gain":0.0,"event_name":"Match and Keep!","player_choice":"1 cards matched","floor":2.0,"gold_loss":0.0,"damage_taken":0.0,"cards_obtained":["Genetic Algorithm"]},{"damage_healed":0.0,"max_hp_gain":0.0,"max_hp_loss":0.0,"gold_gain":0.0,"event_name":"Wheel of Change","player_choice":"Damaged","floor":8.0,"gold_loss":0.0,"damage_taken":9.0}],"is_beta":false,"boss_relics":[],"items_purged_floors":[],"is_endless":false,"potions_floor_spawned":[4],"killed_by":"Gremlin Gang","ascension_level":19}