{"gold_per_floor":[112,112,187,187,205,205,220,220,246,32,46,66,96,96,96,195,195,208,221,235,77,77,77,96,135,180,180,150,69,83,96,96,96],"floor_reached":33,"playtime":1650,"items_purged":["Regret"],"score":475,"play_id":"e0d58d0b-d989-4897-a56e-f8818404a0aa","local_time":"20190313124110","is_ascension_mode":true,"campfire_choices":[{"floor":6.0,"key":"REST"},{"floor":8.0,"key":"REST"},{"data":"Second Wind","floor":15.0,"key":"SMITH"},{"floor":23.0,"key":"REST"},{"floor":27,"key":"REST"},{"floor":32,"key":"REST"}],"neow_cost":"NONE","seed_source_timestamp":8629451639890,"circlet_count":0,"master_deck":["AscendersBane","Strike_R","Strike_R","Strike_R","Strike_R","Defend_R","Defend_R","Defend_R","Defend_R","Bash","Wild Strike","Clothesline","Inflame","Evolve","Second Wind+1","Metallicize","Immolate","Warcry+1","Flame Barrier","Armaments","Flame Barrier","Writhe","Wild Strike","Normality","Power Through"],"special_seed":0,"relics":["Burning Blood","Lantern","Golden Idol","Red Skull","Orichalcum","Odd Mushroom","Bird Faced Urn","Cursed Key","Happy Flower","Boot","Anchor"],"potions_floor_usage":[30,30,30,33,33],"damage_taken":[{"damage":7.0,"enemies":"Jaw Worm","floor":1.0,"turns":3.0},{"damage":6.0,"enemies":"2 Louse","floor":5.0,"turns":4.0},{"damage":9.0,"enemies":"Small Slimes","floor":7.0,"turns":3.0},{"damage":3.0,"enemies":"3 Louse","floor":11.0,"turns":3.0},{"damage":7.0,"enemies":"2 Fungi Beasts","floor":12.0,"turns":3.0},{"damage":17.0,"enemies":"The Mushroom Lair","floor":13.0,"turns":5.0},{"damage":51.0,"enemies":"Hexaghost","floor":16.0,"turns":12.0},{"damage":29.0,"enemies":"3 Byrds","floor":18.0,"turns":5.0},{"damage":20.0,"enemies":"Shell Parasite","floor":19.0,"turns":4.0},{"damage":16.0,"enemies":"Cultist and Chosen","floor":20.0,"turns":8.0},{"damage":18.0,"enemies":"Snecko","floor":24.0,"turns":6.0},{"damage":50,"enemies":"Book of Stabbing","floor":25,"turns":7},{"damage":8,"enemies":"Shelled Parasite and Fungi","floor":30,"turns":6},{"damage":26,"enemies":"Chosen and Byrds","floor":31,"turns":7},{"damage":52,"enemies":"Automaton","floor":33,"turns":9}],"seed_played":"-3389320379718704358","potions_obtained":[{"floor":7.0,"key":"FearPotion"},{"floor":13.0,"key":"Strength Potion"},{"floor":16.0,"key":"SteroidPotion"},{"floor":24.0,"key":"SteroidPotion"},{"floor":25,"key":"SneckoOil"},{"floor":28,"key":"BloodPotion"},{"floor":28,"key":"EntropicBrew"},{"floor":30,"key":"SkillPotion"}],"is_trial":false,"path_per_floor":["M","?","?","?","M","R","M","R","T","$","M","M","?","?","R","B",null,"M","M","M","$","?","R","M","E","T","R","?","$","M","M","R","B"],"character_chosen":"IRONCLAD","items_purchased":["Evolve","Orichalcum","Flame Barrier","Power Through"],"campfire_rested":5,"item_purchase_floors":[10,10,21,29],"current_hp_per_floor":[67,67,56,30,30,52,49,71,71,71,74,73,62,62,62,23,62,43,35,31,31,31,53,47,9,9,31,31,31,42,28,50,0],"gold":96,"neow_bonus":"RANDOM_COMMON_RELIC","is_prod":false,"is_daily":false,"chose_seed":false,"campfire_upgraded":1,"win_rate":0,"timestamp":1552448470,"path_taken":["M","?","?","?","M","R","M","R","T","$","M","?","?","?","R","BOSS","M","M","M","$","?","R","M","E","T","R","?","$","M","?","R","BOSS"],"build_version":"2019-01-23","purchased_purges":1,"victory":false,"max_hp_per_floor":[75,75,75,75,75,75,75,75,75,75,75,75,75,75,75,75,75,75,75,75,75,75,75,75,75,75,75,75,75,75,75,75,75],"card_choices":[{"not_picked":["Sentinel","Clash"],"picked":"Wild Strike","floor":1.0},{"not_picked":["Twin Strike","Clash"],"picked":"Clothesline","floor":5.0},{"not_picked":["Perfected Strike","Spot Weakness"],"picked":"Inflame","floor":7.0},{"not_picked":["Thunderclap","Havoc","Intimidate"],"picked":"SKIP","floor":11.0},{"not_picked":["Battle Trance","Combust"],"picked":"Second Wind","floor":12.0},{"not_picked":["Clash","Pommel Strike"],"picked":"Metallicize","floor":13.0},{"not_picked":["Brutality","Feed"],"picked":"Immolate","floor":16.0},{"not_picked":["Clothesline","Bloodletting"],"picked":"Warcry+1","floor":18.0},{"not_picked":["Hemokinesis","Armaments"],"picked":"Flame Barrier","floor":19.0},{"not_picked":["Twin Strike","Body Slam"],"picked":"Armaments","floor":20.0},{"not_picked":["Cleave","Heavy Blade"],"picked":"Wild Strike","floor":24.0},{"not_picked":["Warcry","Brutality","Armaments"],"picked":"SKIP","floor":25},{"not_picked":["Havoc","Sword Boomerang+1","Second Wind"],"picked":"SKIP","floor":30},{"not_picked":["Searing Blow+1","Perfected Strike","Wild Strike"],"picked":"SKIP","floor":31}],"player_experience":302590,"relics_obtained":[{"floor":9.0,"key":"Red Skull"},{"floor":13.0,"key":"Odd Mushroom"},{"floor":25,"key":"Boot"},{"floor":26,"key":"Anchor"}],"event_choices":[{"cards_removed":["Strike_R"],"damage_healed":0.0,"max_hp_gain":0.0,"max_hp_loss":0.0,"gold_gain":0.0,"event_name":"Living Wall","player_choice":"Forget","floor":2.0,"gold_loss":0.0,"damage_taken":0.0},{"damage_healed":0.0,"max_hp_gain":0.0,"max_hp_loss":0.0,"gold_gain":75.0,"event_name":"World of Goop","player_choice":"Gather Gold","floor":3.0,"gold_loss":0.0,"damage_taken":11.0},{"damage_healed":0.0,"max_hp_gain":0.0,"max_hp_loss":0.0,"gold_gain":0.0,"event_name":"Golden Idol","player_choice":"Take Damage","floor":4.0,"gold_loss":0.0,"damage_taken":26.0,"relics_obtained":["Golden Idol"]},{"damage_healed":0.0,"max_hp_gain":0.0,"max_hp_loss":0.0,"gold_gain":0.0,"event_name":"Mushrooms","player_choice":"Fought Mushrooms","floor":13.0,"gold_loss":0.0,"damage_taken":0.0},{"damage_healed":0.0,"max_hp_gain":0.0,"max_hp_loss":0.0,"gold_gain":0.0,"event_name":"Big Fish","player_choice":"Box","floor":14.0,"gold_loss":0.0,"damage_taken":0.0,"relics_obtained":["Bird Faced Urn"],"cards_obtained":["Regret"]},{"damage_healed":0.0,"max_hp_gain":0.0,"max_hp_loss":0.0,"gold_gain":0.0,"event_name":"The Mausoleum","player_choice":"Opened","floor":22.0,"gold_loss":0.0,"damage_taken":0.0,"relics_obtained":["Happy Flower"],"cards_obtained":["Writhe"]},{"damage_healed":0,"gold_gain":0,"player_choice":"Bought 2 Potions","damage_taken":0,"max_hp_gain":0,"max_hp_loss":0,"event_name":"The Woman in Blue","floor":28,"gold_loss":0}],"is_beta":false,"boss_relics":[{"not_picked":["Runic Dome","Calling Bell"],"picked":"Cursed Key"}],"items_purged_floors":[21],"is_endless":false,"potions_floor_spawned":[7,13,16,24,25,30],"killed_by":"Automaton","ascension_level":17}