{"gold_per_floor":[111,77,77,77,2,2,41,41,64,77,93,108,149,169,169,169],"floor_reached":16,"playtime":834,"items_purged":["Strike_R"],"score":182,"play_id":"b5417b63-018d-44fe-a982-ab7cd4457ec9","local_time":"20190222222439","is_ascension_mode":true,"campfire_choices":[{"data":"Second Wind","floor":6,"key":"SMITH"},{"data":"Bloodletting","floor":8,"key":"SMITH"},{"floor":15,"key":"REST"}],"neow_cost":"NONE","seed_source_timestamp":524883909731950,"circlet_count":0,"master_deck":["Strike_R","Strike_R","Strike_R","Strike_R","Defend_R","Defend_R","Defend_R","Defend_R","Bash","Evolve","Second Wind+1","Bloodletting+1","Shrug It Off","Entrench","Shrug It Off"],"relics":["Burning Blood","NeowsBlessing","Golden Idol","Pen Nib","Red Skull","WingedGreaves"],"potions_floor_usage":[16,16],"damage_taken":[{"damage":0,"enemies":"Small Slimes","floor":1,"turns":1},{"damage":0,"enemies":"Lagavulin","floor":7,"turns":1},{"damage":0,"enemies":"2 Louse","floor":10,"turns":2},{"damage":5,"enemies":"Cultist","floor":11,"turns":4},{"damage":17,"enemies":"Red Slaver","floor":12,"turns":4},{"damage":30,"enemies":"3 Sentries","floor":13,"turns":9},{"damage":29,"enemies":"Gremlin Gang","floor":14,"turns":6},{"damage":38,"enemies":"The Guardian","floor":16,"turns":13}],"seed_played":"-1603938013718272260","potions_obtained":[{"floor":7,"key":"Dexterity Potion"},{"floor":10,"key":"SpeedPotion"},{"floor":14,"key":"Ancient Potion"}],"is_trial":false,"path_per_floor":["M","$","?","?","$","R","E","R","T","M","M","M","E","M","R","B"],"character_chosen":"IRONCLAD","items_purchased":["Second Wind"],"campfire_rested":1,"item_purchase_floors":[2],"current_hp_per_floor":[78,78,58,58,58,58,64,64,64,70,71,60,36,13,37,0],"gold":169,"neow_bonus":"THREE_ENEMY_KILL","is_prod":false,"is_daily":false,"chose_seed":false,"campfire_upgraded":2,"win_rate":0,"timestamp":1550841879,"path_taken":["M","$","?","?","$","R","E","R","T","M","M","M","E","?","R","BOSS"],"build_version":"2019-01-23","purchased_purges":1,"victory":false,"max_hp_per_floor":[80,80,80,80,80,80,80,80,80,80,80,80,80,80,80,80],"card_choices":[{"not_picked":["Armaments","Wild Strike"],"picked":"Evolve","floor":1},{"not_picked":["Carnage","Havoc"],"picked":"Bloodletting","floor":7},{"not_picked":["Thunderclap","Burning Pact"],"picked":"Shrug It Off","floor":10},{"not_picked":["Rage","Armaments","Bloodletting"],"picked":"SKIP","floor":11},{"not_picked":["Fire Breathing","Cleave"],"picked":"Entrench","floor":12},{"not_picked":["Fire Breathing","Clothesline","Spot Weakness"],"picked":"SKIP","floor":13},{"not_picked":["Intimidate","Anger"],"picked":"Shrug It Off","floor":14}],"player_experience":177463,"relics_obtained":[{"floor":7,"key":"Pen Nib"},{"floor":9,"key":"Red Skull"},{"floor":13,"key":"WingedGreaves"}],"event_choices":[{"damage_healed":0,"gold_gain":0,"player_choice":"Take Damage","damage_taken":20,"relics_obtained":["Golden Idol"],"max_hp_gain":0,"max_hp_loss":0,"event_name":"Golden Idol","floor":3,"gold_loss":0},{"damage_healed":0,"gold_gain":0,"player_choice":"Bought 0 Potions","damage_taken":0,"max_hp_gain":0,"max_hp_loss":0,"event_name":"The Woman in Blue","floor":4,"gold_loss":0}],"is_beta":false,"boss_relics":[],"items_purged_floors":[5],"is_endless":false,"potions_floor_spawned":[7,10,14],"killed_by":"The Guardian","ascension_level":7}