{"gold_per_floor":[119,119,136,148,161,161,178,178,178,197,226,150,150,168,168,270,270,282,292,292],"floor_reached":20,"playtime":1578,"items_purged":[],"score":203,"play_id":"5f8a880a-fe4a-4b9f-9320-4955b25b3183","local_time":"20181231174240","is_ascension_mode":false,"campfire_choices":[{"data":"Chill","floor":6,"key":"SMITH"},{"data":"Defragment","floor":8,"key":"SMITH"},{"data":"Strike_B","floor":13,"key":"PURGE"},{"data":"Defend_B","floor":15,"key":"PURGE"}],"neow_cost":"NONE","seed_source_timestamp":224516332500,"circlet_count":0,"master_deck":["Strike_B","Defend_B","Defend_B","Defend_B","Zap","Dualcast","Ball Lightning","Chill+1","Compile Driver","Leap","Defragment+1","White Noise","Multi-Cast","Consume","Hologram","Amplify","Melter","Self Repair"],"relics":["Cracked Core","Bottled Lightning","Peace Pipe","Empty Cage"],"potions_floor_usage":[16,16],"damage_taken":[{"damage":8,"enemies":"Small Slimes","floor":1,"turns":2},{"damage":1,"enemies":"Cultist","floor":3,"turns":3},{"damage":0,"enemies":"2 Louse","floor":4,"turns":2},{"damage":8,"enemies":"Exordium Wildlife","floor":5,"turns":3},{"damage":3,"enemies":"Red Slaver","floor":7,"turns":3},{"damage":0,"enemies":"Exordium Thugs","floor":10,"turns":5},{"damage":0,"enemies":"3 Sentries","floor":11,"turns":4},{"damage":0,"enemies":"Large Slime","floor":14,"turns":5},{"damage":41,"enemies":"Slime Boss","floor":16,"turns":11},{"damage":53,"enemies":"Shell Parasite","floor":18,"turns":12},{"damage":0,"enemies":"Spheric Guardian","floor":19,"turns":2},{"damage":41,"enemies":"Masked Bandits","floor":20,"turns":3}],"seed_played":"-3681073379761279547","potions_obtained":[{"floor":1,"key":"SpeedPotion"},{"floor":3,"key":"FearPotion"},{"floor":5,"key":"Energy Potion"},{"floor":11,"key":"LiquidBronze"},{"floor":16,"key":"PowerPotion"},{"floor":19,"key":"Regen Potion"}],"is_trial":false,"path_per_floor":["M","?","M","M","M","R","M","R","T","M","E","$","R","M","R","B",null,"M","M","?"],"character_chosen":"DEFECT","items_purchased":["Consume"],"campfire_rested":0,"item_purchase_floors":[12],"current_hp_per_floor":[74,74,73,73,65,65,62,62,62,62,62,62,62,62,62,21,82,29,29,0],"gold":292,"neow_bonus":"TEN_PERCENT_HP_BONUS","is_prod":false,"is_daily":false,"chose_seed":false,"campfire_upgraded":2,"win_rate":0.0,"timestamp":1546274560,"path_taken":["M","?","M","M","M","R","M","R","T","M","E","$","R","M","R","BOSS","M","?","?"],"build_version":"2018-12-20","purchased_purges":0,"victory":false,"max_hp_per_floor":[82,82,82,82,82,82,82,82,82,82,82,82,82,82,82,82,82,82,82,82],"card_choices":[{"not_picked":["Aggregate","BootSequence"],"picked":"Ball Lightning","floor":1},{"not_picked":["Cold Snap","FTL"],"picked":"Chill","floor":3},{"not_picked":["Skim","Go for the Eyes"],"picked":"Compile Driver","floor":4},{"not_picked":["Double Energy","Loop"],"picked":"Leap","floor":5},{"not_picked":["FTL","Steam Power"],"picked":"Defragment","floor":7},{"not_picked":["Hologram","Heatsinks"],"picked":"White Noise","floor":10},{"not_picked":["Stack","Barrage"],"picked":"Multi-Cast","floor":11},{"not_picked":["Cold Snap","Stack"],"picked":"Hologram","floor":14},{"not_picked":["Reboot","Seek"],"picked":"Amplify","floor":16},{"not_picked":["Ball Lightning","Steam"],"picked":"Melter","floor":18},{"not_picked":["Cold Snap","Conserve Battery"],"picked":"Self Repair","floor":19}],"player_experience":219636,"relics_obtained":[{"floor":9,"key":"Bottled Lightning"},{"floor":11,"key":"Peace Pipe"}],"event_choices":[{"damage_healed":0,"gold_gain":0,"player_choice":"Got Potions","damage_taken":0,"max_hp_gain":0,"max_hp_loss":0,"event_name":"Lab","floor":2,"gold_loss":0},{"damage_healed":0,"gold_gain":0,"player_choice":"Fought Bandits","damage_taken":0,"max_hp_gain":0,"max_hp_loss":0,"event_name":"Masked Bandits","floor":20,"gold_loss":0}],"is_beta":false,"boss_relics":[{"not_picked":["Runic Pyramid","Philosopher\u0027s Stone"],"picked":"Empty Cage"}],"items_purged_floors":[],"is_endless":false,"potions_floor_spawned":[1,3,5,11,16,19],"killed_by":"Masked Bandits","ascension_level":0}