{"gold_per_floor":[111,130,149,166,184,184,215,215,296,315,334,334,369,369,369,440,440,453,471,471,489,141,141,173,191,191,191,210,225,225,251,251,327,327,337,387,403,48,61,96,96,130,130,80,92,92,92,92,92,92,92],"floor_reached":52,"playtime":3258,"items_purged":["Strike_G"],"score":1903,"play_id":"221bbc00-d935-4687-b766-9729c70b9f8e","local_time":"20190225024015","is_ascension_mode":true,"campfire_choices":[{"floor":6.0,"key":"REST"},{"floor":8.0,"key":"REST"},{"floor":12.0,"key":"REST"},{"floor":15.0,"key":"REST"},{"floor":23,"key":"REST"},{"floor":30,"key":"REST"},{"floor":32,"key":"RECALL"},{"floor":41,"key":"REST"},{"floor":47,"key":"REST"},{"floor":49,"key":"DIG"}],"neow_cost":"NONE","seed_source_timestamp":0,"circlet_count":0,"master_deck":["AscendersBane","Defend_G","Defend_G","Defend_G","Defend_G","Defend_G+1","Strike_G","Survivor","Neutralize","Blade Dance+1","All Out Attack","Blade Dance","Expertise","Venomology","Bouncing Flask+1","Deadly Poison","Noxious Fumes","After Image","Leg Sweep+1","Tools of the Trade+1","Tools of the Trade+1","Eviscerate","Footwork+1","Backflip","Reflex","Underhanded Strike","Grand Finale","Malaise","Burst","Deflect+1","Tactician","Cloak And Dagger+1","Dodge and Roll"],"special_seed":0,"relics":["Fusion Hammer","Pantograph","Ninja Scroll","Nunchaku","Bag of Marbles","Astrolabe","Enchiridion","Vajra","War Paint","Dream Catcher","Busted Crown","Kunai","Molten Egg 2","Orichalcum","Shovel","Bird Faced Urn","Pen Nib"],"potions_floor_usage":[16,16,19,19,24,28,28,28,29,31,33,33,37,39,39,40,40,40,42,45,50,50,50,51,51,51],"damage_taken":[{"damage":7.0,"enemies":"Jaw Worm","floor":1.0,"turns":5.0},{"damage":0.0,"enemies":"2 Louse","floor":2.0,"turns":3.0},{"damage":0.0,"enemies":"Cultist","floor":3.0,"turns":3.0},{"damage":1.0,"enemies":"Blue Slaver","floor":4.0,"turns":4.0},{"damage":9.0,"enemies":"Lots of Slimes","floor":5.0,"turns":4.0},{"damage":54.0,"enemies":"Lagavulin","floor":7.0,"turns":10.0},{"damage":2.0,"enemies":"Gremlin Gang","floor":10.0,"turns":3.0},{"damage":0.0,"enemies":"2 Fungi Beasts","floor":11.0,"turns":2.0},{"damage":10.0,"enemies":"Gremlin Nob","floor":13.0,"turns":3.0},{"damage":9,"enemies":"Slime Boss","floor":16,"turns":6},{"damage":4,"enemies":"Chosen","floor":18,"turns":5},{"damage":11,"enemies":"Spheric Guardian","floor":19,"turns":3},{"damage":11,"enemies":"Snake Plant","floor":21,"turns":4},{"damage":8,"enemies":"Gremlin Leader","floor":24,"turns":7},{"damage":0,"enemies":"Centurion and Healer","floor":25,"turns":5},{"damage":0,"enemies":"Chosen and Byrds","floor":28,"turns":4},{"damage":23,"enemies":"Sentry and Sphere","floor":29,"turns":5},{"damage":5,"enemies":"Slavers","floor":31,"turns":4},{"damage":19,"enemies":"Automaton","floor":33,"turns":9},{"damage":4,"enemies":"Orb Walker","floor":35,"turns":4},{"damage":16,"enemies":"3 Darklings","floor":37,"turns":6},{"damage":24,"enemies":"Writhing Mass","floor":39,"turns":7},{"damage":15,"enemies":"Reptomancer","floor":40,"turns":9},{"damage":0,"enemies":"Nemesis","floor":42,"turns":7},{"damage":0,"enemies":"Transient","floor":45,"turns":6},{"damage":2,"enemies":"Donu and Deca","floor":50,"turns":12},{"damage":58,"enemies":"Time Eater","floor":51,"turns":17}],"seed_played":"2859396310789906052","potions_obtained":[{"floor":4.0,"key":"SpeedPotion"},{"floor":7.0,"key":"Strength Potion"},{"floor":11.0,"key":"Fire Potion"},{"floor":24,"key":"Strength Potion"},{"floor":27,"key":"Regen Potion"},{"floor":29,"key":"LiquidBronze"},{"floor":35,"key":"Weak Potion"}],"is_trial":false,"path_per_floor":["M","M","M","M","M","R","E","R","T","M","M","R","E","?","R","B",null,"M","M","?","M","$","R","E","M","T","?","M","M","R","E","R","B",null,"M","?","M","$","M","E","R","E","T","?","M","?","R","T","R","B","B",null],"character_chosen":"THE_SILENT","items_purchased":["Vajra","Reflex","Underhanded Strike","Kunai","Regen Potion"],"campfire_rested":8,"item_purchase_floors":[22,22,22,38,38],"current_hp_per_floor":[52,52,52,51,42,61,7,26,26,24,24,43,33,15,34,50,62,58,47,26,15,15,34,26,26,26,26,40,31,50,45,45,47,61,57,51,35,35,26,11,30,30,30,30,30,30,49,49,49,66,16],"gold":92,"neow_bonus":"BOSS_RELIC","is_prod":false,"is_daily":false,"chose_seed":false,"campfire_upgraded":0,"win_rate":0,"timestamp":1551030015,"path_taken":["M","M","M","M","M","R","E","R","T","M","M","R","E","?","R","BOSS","M","M","?","M","$","R","E","M","T","?","M","?","R","E","R","BOSS","M","?","M","$","?","E","R","E","T","?","?","?","R","?","R","BOSS","BOSS"],"build_version":"2019-01-23","purchased_purges":1,"victory":true,"max_hp_per_floor":[66,66,66,66,66,66,66,66,66,66,66,66,66,66,66,66,66,66,66,66,66,66,66,66,66,66,66,66,66,66,66,66,66,66,66,66,66,66,66,66,66,66,66,66,66,66,66,66,66,66,66],"card_choices":[{"not_picked":["Flying Knee","Heel Hook"],"picked":"Blade Dance","floor":1.0},{"not_picked":["Poisoned Stab","Setup"],"picked":"All Out Attack","floor":2.0},{"not_picked":["Sucker Punch","Deadly Poison"],"picked":"Blade Dance","floor":3.0},{"not_picked":["Heel Hook","Dagger Throw"],"picked":"Expertise","floor":5.0},{"not_picked":["Endless Agony","Slice"],"picked":"Venomology","floor":7.0},{"not_picked":["Prepared","Deflect"],"picked":"Bouncing Flask","floor":10.0},{"not_picked":["Skewer","Blade Dance"],"picked":"Deadly Poison","floor":11.0},{"not_picked":["Skewer","Sucker Punch"],"picked":"Noxious Fumes","floor":13.0},{"not_picked":["Grand Finale","Wraith Form v2"],"picked":"After Image","floor":16},{"not_picked":["Deflect","Expertise"],"picked":"Eviscerate","floor":18},{"not_picked":["Bouncing Flask","Blade Dance"],"picked":"Footwork","floor":19},{"not_picked":["Noxious Fumes","Dash+1"],"picked":"Backflip","floor":21},{"not_picked":["Footwork","Flying Knee"],"picked":"Grand Finale","floor":24},{"not_picked":["All Out Attack","Slice","Poisoned Stab"],"picked":"SKIP","floor":29},{"not_picked":["Infinite Blades","Heel Hook"],"picked":"Malaise","floor":31},{"not_picked":["Wraith Form v2","Night Terror"],"picked":"Burst","floor":33},{"not_picked":[],"picked":"Deflect+1","floor":35},{"not_picked":["Caltrops"],"picked":"SKIP","floor":37},{"not_picked":[],"picked":"Tactician","floor":41},{"not_picked":[],"picked":"Cloak And Dagger+1","floor":42},{"not_picked":[],"picked":"Dodge and Roll","floor":47}],"player_experience":4396381,"relics_obtained":[{"floor":7.0,"key":"Pantograph"},{"floor":9.0,"key":"Ninja Scroll"},{"floor":13.0,"key":"Nunchaku"},{"floor":20,"key":"Enchiridion"},{"floor":24,"key":"War Paint"},{"floor":31,"key":"Dream Catcher"},{"floor":40,"key":"Molten Egg 2"},{"floor":42,"key":"Orichalcum"},{"floor":43,"key":"Shovel"},{"floor":48,"key":"Bird Faced Urn"},{"floor":49,"key":"Pen Nib"}],"event_choices":[{"damage_healed":0.0,"max_hp_gain":0.0,"max_hp_loss":0.0,"gold_gain":0.0,"event_name":"Scrap Ooze","player_choice":"Success","floor":14.0,"gold_loss":0.0,"damage_taken":18.0,"relics_obtained":["Bag of Marbles"]},{"damage_healed":0,"gold_gain":0,"player_choice":"Obtained Book","damage_taken":21,"max_hp_gain":0,"max_hp_loss":0,"event_name":"Cursed Tome","floor":20,"gold_loss":0},{"damage_healed":0,"gold_gain":0,"player_choice":"Got Potions","damage_taken":0,"max_hp_gain":0,"max_hp_loss":0,"event_name":"Lab","floor":27,"gold_loss":0},{"damage_healed":0,"gold_gain":50,"player_choice":"Touch","damage_taken":6,"max_hp_gain":0,"max_hp_loss":0,"event_name":"FaceTrader","floor":36,"gold_loss":0},{"damage_healed":0,"gold_gain":0,"player_choice":"Upgraded Two","damage_taken":0,"max_hp_gain":0,"max_hp_loss":0,"event_name":"Designer","floor":44,"gold_loss":50,"cards_upgraded":["Footwork","Bouncing Flask"]},{"damage_healed":0,"gold_gain":0,"player_choice":"Ignored","damage_taken":0,"max_hp_gain":0,"max_hp_loss":0,"event_name":"Mysterious Sphere","floor":46,"gold_loss":0}],"is_beta":false,"boss_relics":[{"not_picked":["Black Star","Runic Pyramid"],"picked":"Astrolabe"},{"not_picked":["Coffee Dripper","Eternal Feather"],"picked":"Busted Crown"}],"items_purged_floors":[22],"is_endless":false,"potions_floor_spawned":[4,7,11,18,24,29,35,39],"ascension_level":20}