{"gold_per_floor":[117,131,149,164,181,191,191,218,218,218,37,49,14,45,45,148,148,167,267,217,217,94,94,19,19,19,19,45,63,63,44,44,142,142,157,176,176,176,176,176,44,63,63,75,90,117,130,130,130,130],"floor_reached":51,"playtime":1654,"items_purged":["Decay"],"score":805,"play_id":"6507af75-8175-4ecc-b221-391efd2c78eb","local_time":"20190202031929","is_ascension_mode":false,"campfire_choices":[{"data":"Flex","floor":7.0,"key":"SMITH"},{"data":"Bash","floor":10.0,"key":"SMITH"},{"data":"Mayhem","floor":15.0,"key":"SMITH"},{"floor":23,"key":"REST"},{"data":"1","floor":25,"key":"LIFT"},{"data":"2","floor":32,"key":"LIFT"},{"data":"3","floor":40,"key":"LIFT"},{"data":"Perfected Strike","floor":49,"key":"SMITH"}],"neow_cost":"NONE","seed_source_timestamp":202089476725200,"circlet_count":0,"master_deck":["Strike_R","Strike_R","Strike_R","Strike_R","Strike_R","Defend_R","Defend_R","Defend_R","Defend_R","Bash+1","Twin Strike","Flex+1","Anger","Anger","Shrug It Off","Ghostly Armor","Mayhem+1","Twin Strike","Metallicize","Demon Form","Wild Strike","Infernal Blade+1","Twin Strike","Injury","Pommel Strike","Exhume","Corruption","Warcry","Reaper","Perfected Strike+1","Wild Strike","Feel No Pain","Evolve","Parasite","Perfected Strike","Perfected Strike","Parasite","Evolve+1","Writhe"],"special_seed":0,"relics":["Burning Blood","Bag of Marbles","Magic Flower","WingedGreaves","Darkstone Periapt","Calling Bell","Juzu Bracelet","Gremlin Horn","Girya","Dead Branch","Shuriken","Nilry\u0027s Codex","The Courier","Singing Bowl","Philosopher\u0027s Stone","Mango","Turnip"],"potions_floor_usage":[50,50,50],"damage_taken":[{"damage":1.0,"enemies":"Cultist","floor":1.0,"turns":3.0},{"damage":9.0,"enemies":"Small Slimes","floor":2.0,"turns":3.0},{"damage":0.0,"enemies":"2 Louse","floor":3.0,"turns":2.0},{"damage":10.0,"enemies":"Looter","floor":4.0,"turns":2.0},{"damage":7.0,"enemies":"Blue Slaver","floor":5.0,"turns":2.0},{"damage":13.0,"enemies":"Exordium Thugs","floor":6.0,"turns":4.0},{"damage":8.0,"enemies":"Gremlin Nob","floor":8.0,"turns":3.0},{"damage":0.0,"enemies":"Large Slime","floor":12.0,"turns":4.0},{"damage":17.0,"enemies":"Lagavulin","floor":14.0,"turns":5.0},{"damage":22.0,"enemies":"Slime Boss","floor":16.0,"turns":9.0},{"damage":26.0,"enemies":"Shell Parasite","floor":18.0,"turns":6.0},{"damage":15.0,"enemies":"Colosseum Slavers","floor":19.0,"turns":3.0},{"damage":24.0,"enemies":"Colosseum Nobs","floor":19.0,"turns":6.0},{"damage":15,"enemies":"Gremlin Leader","floor":28,"turns":5},{"damage":10,"enemies":"Spheric Guardian","floor":29,"turns":3},{"damage":16,"enemies":"Champ","floor":33,"turns":7},{"damage":37,"enemies":"3 Shapes","floor":35,"turns":9},{"damage":27,"enemies":"3 Darklings","floor":36,"turns":5},{"damage":21,"enemies":"Writhing Mass","floor":42,"turns":4},{"damage":0,"enemies":"Sphere and 2 Shapes","floor":44,"turns":2},{"damage":33,"enemies":"Jaw Worm Horde","floor":45,"turns":2},{"damage":23,"enemies":"Nemesis","floor":46,"turns":5},{"damage":24,"enemies":"Writhing Mass","floor":47,"turns":4},{"damage":15,"enemies":"Donu and Deca","floor":50,"turns":5}],"seed_played":"-8257104696972178812","potions_obtained":[{"floor":2.0,"key":"SpeedPotion"},{"floor":5.0,"key":"Poison Potion"},{"floor":12.0,"key":"Dexterity Potion"},{"floor":16.0,"key":"PowerPotion"},{"floor":19.0,"key":"Poison Potion"},{"floor":29,"key":"GamblersBrew"},{"floor":45,"key":"PowerPotion"}],"is_trial":false,"path_per_floor":["M","M","M","M","M","M","R","E","T","R","$","M","$","E","R","B",null,"M","?","?","?","$","R","?","R","T","?","E","M","T","$","R","B",null,"M","M","?","$","?","R","$","M","T","M","M","E","M","?","R","B",null],"character_chosen":"IRONCLAD","items_purchased":["Mayhem","Metallicize","Twin Strike","Warcry","Wild Strike","Feel No Pain","Evolve"],"campfire_rested":1,"item_purchase_floors":[11,13,22,31,41,41,41],"current_hp_per_floor":[80,77,80,76,75,68,68,66,66,66,66,75,75,67,67,54,98,81,60,60,44,44,73,73,73,73,79,73,72,72,72,72,65,104,104,88,88,88,88,88,88,94,108,128,127,130,124,142,142,142],"gold":130,"neow_bonus":"RANDOM_COMMON_RELIC","is_prod":false,"is_daily":false,"chose_seed":false,"campfire_upgraded":4,"win_rate":0,"timestamp":1549045169,"path_taken":["M","M","M","M","M","M","R","E","T","R","$","M","?","E","R","BOSS","M","?","?","?","$","R","?","R","T","?","E","M","?","?","R","BOSS","M","M","?","$","?","R","$","M","T","M","M","E","M","?","R","BOSS"],"build_version":"2019-01-23","purchased_purges":1,"victory":true,"max_hp_per_floor":[80,80,80,80,80,80,80,80,80,80,80,80,80,80,80,80,98,98,98,98,98,98,98,98,98,98,104,104,104,104,104,104,104,104,104,106,106,106,106,106,106,112,126,128,130,130,136,142,142,142],"card_choices":[{"not_picked":["Cleave","Flex"],"picked":"Twin Strike","floor":1.0},{"not_picked":["Spot Weakness","Sword Boomerang"],"picked":"Flex","floor":2.0},{"not_picked":["Cleave","Thunderclap"],"picked":"Anger","floor":3.0},{"not_picked":["Uppercut","Heavy Blade"],"picked":"Anger","floor":4.0},{"not_picked":["Sword Boomerang","Seeing Red"],"picked":"Shrug It Off","floor":5.0},{"not_picked":["Whirlwind","Flex"],"picked":"Anger","floor":6.0},{"not_picked":["Armaments","Juggernaut"],"picked":"Ghostly Armor","floor":8.0},{"not_picked":["Shockwave","Flame Barrier"],"picked":"Twin Strike","floor":12.0},{"not_picked":["Havoc","Iron Wave"],"picked":"True Grit","floor":14.0},{"not_picked":["Juggernaut","Exhume"],"picked":"Demon Form","floor":16.0},{"not_picked":["Burning Pact+1","True Grit"],"picked":"Wild Strike","floor":18.0},{"not_picked":["Combust","Flex"],"picked":"Infernal Blade+1","floor":19.0},{"not_picked":["Rupture","Power Through"],"picked":"Exhume","floor":28},{"not_picked":["Blood for Blood","Disarm"],"picked":"Corruption","floor":29},{"not_picked":["Juggernaut","Bludgeon"],"picked":"Reaper","floor":33},{"not_picked":["Twin Strike","Clash+1"],"picked":"Perfected Strike","floor":35},{"not_picked":["Clash","Warcry","Flex"],"picked":"Singing Bowl","floor":36},{"not_picked":["Dual Wield+1","Sword Boomerang+1"],"picked":"Perfected Strike","floor":42},{"not_picked":["Bloodletting","Second Wind","Heavy Blade"],"picked":"Singing Bowl","floor":44},{"not_picked":["Ghostly Armor","Clothesline+1","Double Tap"],"picked":"Singing Bowl","floor":45},{"not_picked":["Sword Boomerang+1","Shockwave+1"],"picked":"Perfected Strike","floor":46},{"not_picked":["Flex","Dropkick"],"picked":"Evolve+1","floor":47}],"player_experience":4190452,"relics_obtained":[{"floor":8.0,"key":"Magic Flower"},{"floor":9.0,"key":"WingedGreaves"},{"floor":14.0,"key":"Darkstone Periapt"},{"floor":17.0,"key":"Juzu Bracelet"},{"floor":17.0,"key":"Gremlin Horn"},{"floor":17.0,"key":"Girya"},{"floor":19.0,"key":"Dead Branch"},{"floor":19.0,"key":"Shuriken"},{"floor":21.0,"key":"Nilry\u0027s Codex"},{"floor":28,"key":"The Courier"},{"floor":30,"key":"Singing Bowl"},{"floor":43,"key":"Mango"},{"floor":46,"key":"Turnip"}],"event_choices":[{"damage_healed":0.0,"max_hp_gain":0.0,"max_hp_loss":0.0,"gold_gain":0.0,"event_name":"Colosseum","player_choice":"Fight","floor":19.0,"gold_loss":0.0,"damage_taken":0.0},{"damage_healed":0.0,"max_hp_gain":0.0,"max_hp_loss":0.0,"gold_gain":0.0,"event_name":"Colosseum","player_choice":"Fought Nobs","floor":19.0,"gold_loss":0.0,"damage_taken":0.0},{"damage_healed":0.0,"max_hp_gain":0.0,"max_hp_loss":0.0,"gold_gain":0.0,"event_name":"The Joust","player_choice":"Bet on Murderer","floor":20.0,"gold_loss":50.0,"damage_taken":0.0},{"damage_healed":0.0,"max_hp_gain":0.0,"max_hp_loss":0.0,"gold_gain":0.0,"event_name":"Cursed Tome","player_choice":"Obtained Book","floor":21.0,"gold_loss":0.0,"damage_taken":16.0},{"cards_removed":["Injury"],"damage_healed":0,"gold_gain":0,"player_choice":"Gave Gold","damage_taken":0,"max_hp_gain":0,"max_hp_loss":0,"event_name":"Beggar","floor":24,"gold_loss":75},{"damage_healed":0,"gold_gain":0,"cards_transformed":["Clumsy","Anger"],"player_choice":"Became Test Subject","damage_taken":0,"max_hp_gain":0,"max_hp_loss":0,"event_name":"Drug Dealer","floor":27,"gold_loss":0,"cards_obtained":["Injury","Pommel Strike"]},{"cards_removed":["True Grit"],"damage_healed":0,"gold_gain":0,"player_choice":"Removed Skill","damage_taken":0,"max_hp_gain":0,"max_hp_loss":0,"event_name":"Falling","floor":37,"gold_loss":0},{"damage_healed":0,"gold_gain":0,"player_choice":"Ignored","damage_taken":0,"max_hp_gain":0,"max_hp_loss":0,"event_name":"Tomb of Lord Red Mask","floor":39,"gold_loss":0},{"damage_healed":34,"gold_gain":0,"player_choice":"Writhe","damage_taken":0,"max_hp_gain":0,"max_hp_loss":0,"event_name":"Winding Halls","floor":48,"gold_loss":0,"cards_obtained":["Writhe"]}],"is_beta":false,"boss_relics":[{"not_picked":["Black Blood","Ectoplasm"],"picked":"Calling Bell"},{"not_picked":["Empty Cage","Lizard Tail"],"picked":"Philosopher\u0027s Stone"}],"items_purged_floors":[22],"is_endless":false,"potions_floor_spawned":[2,5,12,16,19,19,28,29,36,42,45],"ascension_level":0}