{"gold_per_floor":[115,40,40,40,40,40,56,99,99,117,117,130,168,184,184,279,279,292,292,292,306,31,31,156,156,156,156,196,231,231,246,246,339,339,360,360,384,178,178,178,219,219,219,219,233,233,269,292,292,292],"floor_reached":50,"playtime":2099,"items_purged":["Defend_G","Unload"],"score":1288,"play_id":"9f503d1b-bdaf-4e63-a5af-6b39d0546fe5","local_time":"20190313021738","is_ascension_mode":true,"campfire_choices":[{"data":"Dagger Spray","floor":6.0,"key":"SMITH"},{"data":"Bane","floor":11.0,"key":"SMITH"},{"data":"Well Laid Plans","floor":15.0,"key":"SMITH"},{"data":"Apotheosis","floor":23.0,"key":"SMITH"},{"floor":25.0,"key":"REST"},{"floor":30.0,"key":"DIG"},{"floor":32.0,"key":"REST"},{"floor":40.0,"key":"DIG"},{"floor":42.0,"key":"REST"},{"floor":44.0,"key":"RECALL"},{"floor":46.0,"key":"REST"},{"floor":49,"key":"REST"}],"neow_cost":"NONE","seed_source_timestamp":461592849755000,"circlet_count":0,"master_deck":["AscendersBane","Survivor","Neutralize+1","Dagger Spray+1","Well Laid Plans+1","Deadly Poison","Bane+1","Dash","Backflip","Tactician","A Thousand Cuts","Underhanded Strike","RitualDagger","Apotheosis+1","Concentrate+1","Phantasmal Killer","Tactician","A Thousand Cuts","Storm of Steel","Tools of the Trade","Adrenaline","Burst","Purity","Well Laid Plans+1"],"special_seed":0,"relics":["Ring of the Snake","NeowsBlessing","Dodecahedron","Golden Idol","Orichalcum","Bottled Tornado","Whetstone","Busted Crown","WingedGreaves","Ninja Scroll","Bag of Marbles","MutagenicStrength","The Specimen","Shovel","Tingsha","Pandora\u0027s Box","Anchor","Smiling Mask"],"potions_floor_usage":[50,50],"damage_taken":[{"damage":0.0,"enemies":"Jaw Worm","floor":1.0,"turns":1.0},{"damage":0.0,"enemies":"Small Slimes","floor":7.0,"turns":1.0},{"damage":0.0,"enemies":"Lagavulin","floor":8.0,"turns":2.0},{"damage":6.0,"enemies":"2 Louse","floor":10.0,"turns":3.0},{"damage":0.0,"enemies":"Large Slime","floor":12.0,"turns":5.0},{"damage":0.0,"enemies":"Gremlin Nob","floor":13.0,"turns":4.0},{"damage":0.0,"enemies":"2 Fungi Beasts","floor":14.0,"turns":2.0},{"damage":0.0,"enemies":"The Guardian","floor":16.0,"turns":12.0},{"damage":4.0,"enemies":"3 Byrds","floor":18.0,"turns":5.0},{"damage":14.0,"enemies":"Spheric Guardian","floor":21.0,"turns":6.0},{"damage":1.0,"enemies":"Colosseum Slavers","floor":24.0,"turns":5.0},{"damage":21.0,"enemies":"Colosseum Nobs","floor":24.0,"turns":5.0},{"damage":3.0,"enemies":"Slavers","floor":28.0,"turns":4.0},{"damage":6.0,"enemies":"Book of Stabbing","floor":29.0,"turns":3.0},{"damage":9.0,"enemies":"Cultist and Chosen","floor":31.0,"turns":6.0},{"damage":15.0,"enemies":"Automaton","floor":33.0,"turns":10.0},{"damage":1.0,"enemies":"Orb Walker","floor":35.0,"turns":2.0},{"damage":5.0,"enemies":"3 Darklings","floor":37.0,"turns":3.0},{"damage":41.0,"enemies":"Reptomancer","floor":41.0,"turns":5.0},{"damage":18.0,"enemies":"Sphere and 2 Shapes","floor":45.0,"turns":5.0},{"damage":6.0,"enemies":"Nemesis","floor":47.0,"turns":3.0},{"damage":0,"enemies":"Maw","floor":48,"turns":5},{"damage":40,"enemies":"Donu and Deca","floor":50,"turns":4}],"seed_played":"34821637383072939","potions_obtained":[{"floor":8.0,"key":"GhostInAJar"},{"floor":12.0,"key":"Dexterity Potion"},{"floor":16.0,"key":"PowerPotion"},{"floor":18.0,"key":"Weak Potion"},{"floor":28.0,"key":"FearPotion"},{"floor":29.0,"key":"LiquidBronze"},{"floor":31.0,"key":"SteroidPotion"},{"floor":37.0,"key":"EssenceOfSteel"},{"floor":47.0,"key":"SkillPotion"}],"is_trial":false,"path_per_floor":["M","?","?","?","?","R","M","E","T","M","R","M","E","M","R","B",null,"M","?","?","M","$","R","?","R","T","?","E","E","R","M","R","B",null,"M","?","M","$","?","R","E","R","T","R","M","R","E","M","R","B"],"character_chosen":"THE_SILENT","items_purchased":["Apotheosis","Purity"],"campfire_rested":5,"item_purchase_floors":[22,38],"current_hp_per_floor":[59,59,48,25,47,47,47,47,47,41,41,41,41,41,41,41,60,56,56,50,36,36,36,14,33,33,33,30,24,24,15,34,19,54,53,53,48,48,48,48,7,26,26,26,8,27,21,21,40,0],"gold":292,"neow_bonus":"THREE_ENEMY_KILL","is_prod":false,"is_daily":false,"chose_seed":false,"campfire_upgraded":4,"win_rate":0,"timestamp":1552411058,"path_taken":["M","?","?","?","?","R","M","E","T","M","R","M","E","M","R","BOSS","M","?","?","M","$","R","?","R","T","?","E","E","R","M","R","BOSS","M","?","M","$","?","R","E","R","T","R","?","R","E","M","R","BOSS"],"build_version":"2019-01-23","purchased_purges":2,"victory":false,"max_hp_per_floor":[66,66,66,66,66,66,66,66,66,66,66,66,66,66,66,66,66,66,66,66,66,66,66,66,66,66,66,66,66,66,66,66,66,66,66,66,66,66,66,66,66,66,66,66,66,66,66,66,66,66],"card_choices":[{"not_picked":["PiercingWail","Deadly Poison"],"picked":"Dagger Spray","floor":1.0},{"not_picked":["Sucker Punch","Storm of Steel"],"picked":"Well Laid Plans","floor":7.0},{"not_picked":["Dagger Throw","Flying Knee"],"picked":"Deadly Poison","floor":8.0},{"not_picked":["Leg Sweep","Skewer"],"picked":"Bane","floor":10.0},{"not_picked":["Concentrate","Dagger Spray"],"picked":"Dash","floor":12.0},{"not_picked":["Concentrate","Flying Knee"],"picked":"Backflip","floor":13.0},{"not_picked":["Choke","Finisher"],"picked":"Tactician","floor":14.0},{"not_picked":["After Image","Venomology"],"picked":"A Thousand Cuts","floor":16.0},{"not_picked":[],"picked":"Underhanded Strike","floor":18.0},{"not_picked":["Distraction"],"picked":"SKIP","floor":21.0},{"not_picked":["Cloak And Dagger"],"picked":"SKIP","floor":28.0},{"not_picked":[],"picked":"Concentrate+1","floor":29.0},{"not_picked":["Dagger Spray+1"],"picked":"SKIP","floor":31.0},{"not_picked":[],"picked":"Phantasmal Killer","floor":33.0},{"not_picked":["Concentrate"],"picked":"SKIP","floor":35.0},{"not_picked":["Choke"],"picked":"SKIP","floor":37.0},{"not_picked":[],"picked":"Well Laid Plans+1","floor":41.0},{"not_picked":["Sucker Punch+1"],"picked":"SKIP","floor":45.0},{"not_picked":["Well Laid Plans"],"picked":"SKIP","floor":47.0},{"not_picked":["Deadly Poison"],"picked":"SKIP","floor":48}],"player_experience":4525257,"relics_obtained":[{"floor":8.0,"key":"Orichalcum"},{"floor":9.0,"key":"Bottled Tornado"},{"floor":13.0,"key":"Whetstone"},{"floor":24.0,"key":"WingedGreaves"},{"floor":24.0,"key":"Ninja Scroll"},{"floor":26.0,"key":"Bag of Marbles"},{"floor":28.0,"key":"The Specimen"},{"floor":29.0,"key":"Shovel"},{"floor":30.0,"key":"Tingsha"},{"floor":40.0,"key":"Anchor"},{"floor":47.0,"key":"Smiling Mask"}],"event_choices":[{"cards_removed":["Strike_G"],"damage_healed":0.0,"max_hp_gain":0.0,"max_hp_loss":0.0,"gold_gain":0.0,"event_name":"The Cleric","player_choice":"Card Removal","floor":2.0,"gold_loss":75.0,"damage_taken":0.0},{"damage_healed":0.0,"max_hp_gain":0.0,"max_hp_loss":0.0,"gold_gain":0.0,"event_name":"Scrap Ooze","player_choice":"Success","floor":3.0,"gold_loss":0.0,"damage_taken":11.0,"relics_obtained":["Dodecahedron"]},{"damage_healed":0.0,"max_hp_gain":0.0,"max_hp_loss":0.0,"gold_gain":0.0,"event_name":"Golden Idol","player_choice":"Take Damage","floor":4.0,"gold_loss":0.0,"damage_taken":23.0,"relics_obtained":["Golden Idol"]},{"damage_healed":22.0,"max_hp_gain":0.0,"max_hp_loss":0.0,"gold_gain":0.0,"event_name":"Big Fish","player_choice":"Banana","floor":5.0,"gold_loss":0.0,"damage_taken":0.0},{"damage_healed":0.0,"max_hp_gain":0.0,"max_hp_loss":0.0,"gold_gain":0.0,"event_name":"The Mausoleum","player_choice":"Ignored","floor":19.0,"gold_loss":0.0,"damage_taken":0.0},{"damage_healed":0.0,"max_hp_gain":0.0,"max_hp_loss":0.0,"gold_gain":0.0,"event_name":"Nest","player_choice":"Joined the Cult","floor":20.0,"gold_loss":0.0,"damage_taken":6.0,"cards_obtained":["RitualDagger"]},{"damage_healed":0.0,"max_hp_gain":0.0,"max_hp_loss":0.0,"gold_gain":0.0,"event_name":"Colosseum","player_choice":"Fight","floor":24.0,"gold_loss":0.0,"damage_taken":0.0},{"damage_healed":0.0,"max_hp_gain":0.0,"max_hp_loss":0.0,"gold_gain":0.0,"event_name":"Colosseum","player_choice":"Fought Nobs","floor":24.0,"gold_loss":0.0,"damage_taken":0.0},{"damage_healed":0.0,"max_hp_gain":0.0,"max_hp_loss":0.0,"gold_gain":0.0,"event_name":"Drug Dealer","player_choice":"Inject Mutagens","floor":27.0,"gold_loss":0.0,"damage_taken":0.0,"relics_obtained":["MutagenicStrength"]},{"damage_healed":0.0,"max_hp_gain":0.0,"max_hp_loss":0.0,"gold_gain":0.0,"event_name":"Tomb of Lord Red Mask","player_choice":"Ignored","floor":36.0,"gold_loss":0.0,"damage_taken":0.0},{"cards_removed":["Bullet Time"],"damage_healed":0.0,"max_hp_gain":0.0,"max_hp_loss":0.0,"gold_gain":0.0,"event_name":"Wheel of Change","player_choice":"Card Removal","floor":39.0,"gold_loss":0.0,"damage_taken":0.0}],"is_beta":false,"boss_relics":[{"not_picked":["Lizard Tail","Coffee Dripper"],"picked":"Busted Crown"},{"not_picked":["HoveringKite","Orrery"],"picked":"Pandora\u0027s Box"}],"items_purged_floors":[22,38],"is_endless":false,"potions_floor_spawned":[8,12,16,18,24,28,29,31,37,47],"killed_by":"Donu and Deca","ascension_level":20}