{"gold_per_floor":[112,112,130,180,21,21,48,67,67,81,95,95,127,145,145,221,221,221,221,66,66,0,0,0,0,0,0,0,0,0,0,0,0,0,0,0,0,0,0,0,0,0,0,0,0,0,0,0,0,0],"floor_reached":50,"playtime":2671,"items_purged":["Strike_R"],"score":962,"play_id":"d1b49136-710c-4b7b-aaca-0a5adfc82204","local_time":"20190310164056","is_ascension_mode":true,"campfire_choices":[{"data":"Wild Strike","floor":6.0,"key":"SMITH"},{"data":"Feed","floor":12.0,"key":"SMITH"},{"data":"Shockwave","floor":15.0,"key":"SMITH"},{"data":"Armaments","floor":25.0,"key":"SMITH"},{"data":"Metallicize","floor":27.0,"key":"SMITH"},{"floor":32.0,"key":"REST"},{"data":"Dual Wield","floor":40.0,"key":"SMITH"},{"floor":49.0,"key":"REST"}],"neow_cost":"NONE","seed_source_timestamp":299406321234612,"circlet_count":0,"master_deck":["AscendersBane","Strike_R","Defend_R","Defend_R","Defend_R","Defend_R","Bash","Ghostly Armor","Wild Strike+1","Metallicize+1","Warcry","Cleave","Iron Wave","Feed+1","Clothesline","Evolve","Shockwave+1","Immolate","Shrug It Off","Dual Wield+1","Inflame","Inflame","Dual Wield+1","Armaments+1","Juggernaut","Double Tap","Whirlwind+1","Wild Strike+1","Infernal Blade+1","Battle Trance","Uppercut"],"special_seed":0,"relics":["Burning Blood","NeowsBlessing","Ginger","Thread and Needle","Bird Faced Urn","Singing Bowl","Ectoplasm","Smiling Mask","Bottled Tornado","Art of War","Omamori","PreservedInsect","Astrolabe","Red Mask","Prayer Wheel"],"potions_floor_usage":[50,50],"damage_taken":[{"damage":0.0,"enemies":"Jaw Worm","floor":1.0,"turns":1.0},{"damage":0.0,"enemies":"Cultist","floor":3.0,"turns":1.0},{"damage":0.0,"enemies":"Lagavulin","floor":7.0,"turns":1.0},{"damage":3.0,"enemies":"Small Slimes","floor":8.0,"turns":4.0},{"damage":11.0,"enemies":"Gremlin Gang","floor":10.0,"turns":3.0},{"damage":7.0,"enemies":"Exordium Thugs","floor":11.0,"turns":5.0},{"damage":11.0,"enemies":"3 Sentries","floor":13.0,"turns":8.0},{"damage":4.0,"enemies":"Blue Slaver","floor":14.0,"turns":5.0},{"damage":27.0,"enemies":"The Guardian","floor":16.0,"turns":16.0},{"damage":18.0,"enemies":"Spheric Guardian","floor":18.0,"turns":6.0},{"damage":8.0,"enemies":"Shell Parasite","floor":19.0,"turns":8.0},{"damage":35.0,"enemies":"Shelled Parasite and Fungi","floor":21.0,"turns":9.0},{"damage":43.0,"enemies":"Book of Stabbing","floor":23.0,"turns":6.0},{"damage":11.0,"enemies":"Centurion and Healer","floor":24.0,"turns":7.0},{"damage":2.0,"enemies":"Snake Plant","floor":28.0,"turns":8.0},{"damage":30.0,"enemies":"Slavers","floor":30.0,"turns":3.0},{"damage":49.0,"enemies":"Automaton","floor":33.0,"turns":11.0},{"damage":28.0,"enemies":"3 Darklings","floor":35.0,"turns":5.0},{"damage":0.0,"enemies":"3 Shapes","floor":38.0,"turns":6.0},{"damage":0.0,"enemies":"3 Darklings","floor":41.0,"turns":6.0},{"damage":33.0,"enemies":"4 Shapes","floor":42.0,"turns":8.0},{"damage":20.0,"enemies":"Spire Growth","floor":44.0,"turns":5.0},{"damage":13.0,"enemies":"3 Darklings","floor":45.0,"turns":3.0},{"damage":4.0,"enemies":"Jaw Worm Horde","floor":48.0,"turns":2.0},{"damage":162,"enemies":"Awakened One","floor":50,"turns":13}],"seed_played":"3914419013165617375","potions_obtained":[{"floor":1.0,"key":"Fire Potion"},{"floor":7.0,"key":"BloodPotion"},{"floor":13.0,"key":"SkillPotion"},{"floor":21.0,"key":"Energy Potion"},{"floor":24.0,"key":"Energy Potion"},{"floor":30.0,"key":"Poison Potion"},{"floor":38.0,"key":"Regen Potion"},{"floor":41.0,"key":"Energy Potion"},{"floor":44.0,"key":"SteroidPotion"}],"is_trial":false,"path_per_floor":["M","?","M","?","$","R","E","M","T","M","M","R","E","M","R","B",null,"M","M","$","M","?","E","M","R","T","R","M","T","E","?","R","B",null,"M","?","?","M","$","R","M","M","T","M","M","?","$","M","R","B"],"character_chosen":"IRONCLAD","items_purchased":["Metallicize","Warcry","Dual Wield","Inflame"],"campfire_rested":2,"item_purchase_floors":[5,5,20,20],"current_hp_per_floor":[74,69,75,75,75,75,75,75,75,70,71,71,70,80,80,63,78,70,78,78,61,61,41,48,48,48,48,70,70,56,56,88,61,96,78,78,78,102,102,102,112,95,95,91,92,92,92,98,126,0],"gold":0,"neow_bonus":"THREE_ENEMY_KILL","is_prod":false,"is_daily":false,"chose_seed":false,"campfire_upgraded":6,"win_rate":0,"timestamp":1552203656,"path_taken":["M","?","M","?","$","R","E","?","T","?","M","R","E","M","R","BOSS","M","M","$","M","?","E","M","R","T","R","?","?","E","?","R","BOSS","M","?","?","M","$","R","M","M","T","M","M","?","$","M","R","BOSS"],"build_version":"2019-01-23","purchased_purges":1,"victory":false,"max_hp_per_floor":[75,75,75,75,75,75,75,75,75,75,75,75,79,83,83,83,83,83,89,89,93,93,93,97,97,97,97,101,101,107,107,107,107,107,109,109,104,110,110,110,112,118,118,120,124,124,124,126,126,126],"card_choices":[{"not_picked":["Body Slam","Clash"],"picked":"Ghostly Armor","floor":1.0},{"not_picked":["Power Through","Pummel"],"picked":"Wild Strike","floor":3.0},{"not_picked":["Dropkick","Warcry"],"picked":"Cleave","floor":7.0},{"not_picked":["Thunderclap","Armaments"],"picked":"Iron Wave","floor":8.0},{"not_picked":["Headbutt","Shockwave"],"picked":"Feed","floor":10.0},{"not_picked":["Body Slam","Dropkick"],"picked":"Clothesline","floor":11.0},{"not_picked":["Clothesline","Burning Pact"],"picked":"Evolve","floor":13.0},{"not_picked":["Cleave","Thunderclap"],"picked":"Shockwave","floor":14.0},{"not_picked":["Dark Embrace","Fiend Fire"],"picked":"Immolate","floor":16.0},{"not_picked":["Pummel","Clash"],"picked":"Shrug It Off","floor":18.0},{"not_picked":["Wild Strike","Havoc","Cleave+1"],"picked":"Singing Bowl","floor":19.0},{"not_picked":["Warcry","Twin Strike"],"picked":"Inflame","floor":21.0},{"not_picked":["Iron Wave","Armaments"],"picked":"Dual Wield+1","floor":23.0},{"not_picked":["Twin Strike","Warcry"],"picked":"Armaments","floor":24.0},{"not_picked":["Cleave+1","Rage"],"picked":"Juggernaut","floor":28.0},{"not_picked":["Wild Strike+1","Headbutt","Havoc"],"picked":"Singing Bowl","floor":30.0},{"not_picked":["Limit Break","Berserk"],"picked":"Double Tap","floor":33.0},{"not_picked":["Inflame","Body Slam","Armaments"],"picked":"Singing Bowl","floor":35.0},{"not_picked":["Rupture+1","Fire Breathing","Clothesline"],"picked":"Singing Bowl","floor":38.0},{"not_picked":["Second Wind","Blood for Blood","Clash"],"picked":"Singing Bowl","floor":41.0},{"not_picked":["Sentinel","Headbutt","Feel No Pain+1"],"picked":"Singing Bowl","floor":42.0},{"not_picked":["Bloodletting","Pommel Strike","Havoc+1"],"picked":"Singing Bowl","floor":44.0},{"not_picked":["Rupture","True Grit"],"picked":"Battle Trance","floor":44.0},{"not_picked":["Havoc","Blood for Blood+1","Clothesline"],"picked":"Singing Bowl","floor":45.0},{"not_picked":["Iron Wave","Searing Blow","Warcry"],"picked":"Singing Bowl","floor":45.0},{"not_picked":["Warcry","Hemokinesis","Clash"],"picked":"Singing Bowl","floor":48.0},{"not_picked":["Dual Wield","Carnage+1"],"picked":"Uppercut","floor":48.0}],"player_experience":670522,"relics_obtained":[{"floor":7.0,"key":"Thread and Needle"},{"floor":9.0,"key":"Bird Faced Urn"},{"floor":13.0,"key":"Singing Bowl"},{"floor":23.0,"key":"Bottled Tornado"},{"floor":26.0,"key":"Art of War"},{"floor":29.0,"key":"Omamori"},{"floor":30.0,"key":"PreservedInsect"},{"floor":43.0,"key":"Prayer Wheel"}],"event_choices":[{"damage_healed":0.0,"max_hp_gain":0.0,"max_hp_loss":0.0,"gold_gain":0.0,"event_name":"Scrap Ooze","player_choice":"Success","floor":2.0,"gold_loss":0.0,"damage_taken":5.0,"relics_obtained":["Ginger"]},{"damage_healed":0.0,"max_hp_gain":0.0,"max_hp_loss":0.0,"gold_gain":50.0,"event_name":"Golden Shrine","player_choice":"Pray","floor":4.0,"gold_loss":0.0,"damage_taken":0.0},{"damage_healed":0.0,"max_hp_gain":0.0,"max_hp_loss":0.0,"gold_gain":0.0,"event_name":"WeMeetAgain","player_choice":"Paid Gold","floor":22.0,"gold_loss":66.0,"damage_taken":0.0,"relics_obtained":["Smiling Mask"]},{"damage_healed":0.0,"max_hp_gain":0.0,"max_hp_loss":0.0,"gold_gain":0.0,"event_name":"Forgotten Altar","player_choice":"Smashed Altar","floor":31.0,"gold_loss":0.0,"damage_taken":0.0,"cards_obtained":["Decay"]},{"damage_healed":0.0,"max_hp_gain":0.0,"max_hp_loss":0.0,"gold_gain":0.0,"event_name":"Tomb of Lord Red Mask","player_choice":"Paid","floor":36.0,"gold_loss":0.0,"damage_taken":0.0,"relics_obtained":["Red Mask"]},{"damage_healed":0.0,"max_hp_gain":0.0,"max_hp_loss":5.0,"gold_gain":0.0,"event_name":"Winding Halls","player_choice":"Max HP","floor":37.0,"gold_loss":0.0,"damage_taken":0.0},{"damage_healed":0.0,"max_hp_gain":0.0,"max_hp_loss":0.0,"gold_gain":0.0,"event_name":"Mysterious Sphere","player_choice":"Ignored","floor":46.0,"gold_loss":0.0,"damage_taken":0.0}],"is_beta":false,"boss_relics":[{"not_picked":["Lizard Tail","Runic Cube"],"picked":"Ectoplasm"},{"not_picked":["Runic Dome","Runic Pyramid"],"picked":"Astrolabe"}],"items_purged_floors":[5],"is_endless":false,"potions_floor_spawned":[1,7,13,16,21,24,30,38,41,42,44],"killed_by":"Awakened One","ascension_level":15}