{"gold_per_floor":[118,118,135,135,154,187,187,219,219,219,230,242,242,268,268,341,341,360,414,329,3,21,21,33,33,33,67,167,167,185,110,110,181,181,201,212,212,312,69,69,69,69,69,69,83,83,117,128,128,128],"floor_reached":50,"playtime":2852,"items_purged":["Strike_R"],"score":1100,"play_id":"6469e73b-6e2d-49a7-a852-69f09b2c81cb","local_time":"20190313223518","is_ascension_mode":true,"campfire_choices":[{"floor":7.0,"key":"REST"},{"floor":10.0,"key":"REST"},{"data":"Perfected Strike","floor":13.0,"key":"SMITH"},{"data":"Armaments","floor":15.0,"key":"SMITH"},{"floor":23.0,"key":"REST"},{"floor":25.0,"key":"REST"},{"floor":29.0,"key":"REST"},{"floor":32.0,"key":"REST"},{"data":"Body Slam","floor":40.0,"key":"SMITH"},{"data":"Barricade","floor":42.0,"key":"SMITH"},{"floor":46.0,"key":"REST"},{"floor":49.0,"key":"REST"}],"neow_cost":"NONE","seed_source_timestamp":0,"circlet_count":0,"master_deck":["AscendersBane","Strike_R","Strike_R","Defend_R+1","Defend_R+1","Defend_R","Defend_R","Bash","Battle Trance","Perfected Strike+1","Shrug It Off","Offering","Twin Strike+1","Wild Strike","Twin Strike+1","Power Through","Armaments+1","Double Tap","True Grit","Feel No Pain","Second Wind","Battle Trance","Body Slam+1","Wild Strike","Barricade+1","Battle Trance","Feel No Pain","Metallicize+1","Perfected Strike","Juggernaut","Dual Wield+1","Madness","Madness","Flame Barrier","Master of Strategy","Master of Strategy","Inflame","Inflame+1","Parasite","True Grit+1","Armaments+1"],"special_seed":0,"relics":["Burning Blood","Red Skull","War Paint","Gremlin Horn","Dream Catcher","Happy Flower","Sozu","Bronze Scales","Singing Bowl","Dodecahedron","Blue Candle","Turnip","Matryoshka","Mark of Pain","WingedGreaves","Whetstone","Smiling Mask","Orichalcum","Meat on the Bone"],"potions_floor_usage":[],"damage_taken":[{"damage":9.0,"enemies":"Small Slimes","floor":1.0,"turns":5.0},{"damage":11.0,"enemies":"Jaw Worm","floor":3.0,"turns":5.0},{"damage":7.0,"enemies":"Cultist","floor":5.0,"turns":4.0},{"damage":18.0,"enemies":"Gremlin Nob","floor":6.0,"turns":4.0},{"damage":22.0,"enemies":"Lagavulin","floor":8.0,"turns":5.0},{"damage":6.0,"enemies":"Blue Slaver","floor":11.0,"turns":2.0},{"damage":3.0,"enemies":"Looter","floor":12.0,"turns":2.0},{"damage":12.0,"enemies":"3 Sentries","floor":14.0,"turns":6.0},{"damage":61.0,"enemies":"The Guardian","floor":16.0,"turns":11.0},{"damage":15.0,"enemies":"2 Thieves","floor":18.0,"turns":3.0},{"damage":15.0,"enemies":"Chosen","floor":22.0,"turns":6.0},{"damage":18.0,"enemies":"3 Cultists","floor":24.0,"turns":4.0},{"damage":28.0,"enemies":"Book of Stabbing","floor":27.0,"turns":5.0},{"damage":11.0,"enemies":"Colosseum Slavers","floor":28.0,"turns":5.0},{"damage":33.0,"enemies":"Colosseum Nobs","floor":28.0,"turns":4.0},{"damage":6.0,"enemies":"Centurion and Healer","floor":30.0,"turns":5.0},{"damage":6.0,"enemies":"Automaton","floor":33.0,"turns":13.0},{"damage":21.0,"enemies":"3 Darklings","floor":35.0,"turns":5.0},{"damage":15.0,"enemies":"3 Shapes","floor":36.0,"turns":4.0},{"damage":0.0,"enemies":"Mind Bloom Boss Battle","floor":38.0,"turns":6.0},{"damage":15.0,"enemies":"Sphere and 2 Shapes","floor":45.0,"turns":5.0},{"damage":50.0,"enemies":"Reptomancer","floor":47.0,"turns":7.0},{"damage":15.0,"enemies":"Writhing Mass","floor":48.0,"turns":4.0},{"damage":67,"enemies":"Time Eater","floor":50,"turns":4}],"seed_played":"-2529622438523161762","potions_obtained":[{"floor":1.0,"key":"Weak Potion"},{"floor":8.0,"key":"BloodPotion"},{"floor":16.0,"key":"EssenceOfSteel"}],"is_trial":false,"path_per_floor":["M","?","M","?","M","E","R","E","T","R","M","M","R","E","R","B",null,"M","T","?","$","M","R","M","R","T","E","?","R","M","?","R","B",null,"M","M","?","?","$","R","?","R","T","?","M","R","E","M","R","B"],"character_chosen":"IRONCLAD","items_purchased":["Feel No Pain","Second Wind","Battle Trance","Body Slam","Whetstone","Flame Barrier"],"campfire_rested":8,"item_purchase_floors":[21,21,21,21,39,39],"current_hp_per_floor":[65,65,60,49,48,36,58,42,42,64,64,67,67,68,68,13,60,51,51,51,51,44,67,57,79,79,57,27,51,51,51,75,75,80,67,58,43,51,51,51,46,46,46,46,37,62,20,23,49,0],"gold":128,"neow_bonus":"RANDOM_COMMON_RELIC","is_prod":false,"is_daily":false,"chose_seed":false,"campfire_upgraded":4,"win_rate":0,"timestamp":1552484118,"path_taken":["M","?","M","?","M","E","R","E","T","R","M","M","R","E","R","BOSS","M","?","?","$","M","R","M","R","T","E","?","R","M","?","R","BOSS","M","M","?","?","$","R","?","R","T","?","M","R","E","?","R","BOSS"],"build_version":"2019-01-23","purchased_purges":1,"victory":false,"max_hp_per_floor":[75,75,75,75,75,75,75,75,75,75,75,75,75,75,75,75,75,75,75,75,75,77,77,79,79,79,79,81,81,81,81,81,81,81,83,83,83,85,85,85,85,85,85,85,85,85,87,87,87,87],"card_choices":[{"not_picked":["Dual Wield","Reckless Charge"],"picked":"Battle Trance","floor":1.0},{"not_picked":["Armaments","Havoc"],"picked":"Perfected Strike","floor":3.0},{"not_picked":["Havoc","Headbutt"],"picked":"Shrug It Off","floor":5.0},{"not_picked":["Armaments","Juggernaut"],"picked":"Offering","floor":6.0},{"not_picked":["Flex","Dark Embrace"],"picked":"Twin Strike","floor":8.0},{"not_picked":["Havoc","Shrug It Off"],"picked":"Wild Strike","floor":10.0},{"not_picked":["Headbutt","Hemokinesis"],"picked":"Twin Strike","floor":11.0},{"not_picked":["Uppercut","Twin Strike"],"picked":"Power Through","floor":12.0},{"not_picked":["Flex","Wild Strike"],"picked":"Armaments","floor":14.0},{"not_picked":["Impervious","Immolate"],"picked":"Double Tap","floor":16.0},{"not_picked":["Clash+1","Warcry"],"picked":"True Grit","floor":18.0},{"not_picked":["Wild Strike","Havoc","Limit Break"],"picked":"Singing Bowl","floor":22.0},{"not_picked":["Sentinel","Body Slam"],"picked":"Wild Strike","floor":23.0},{"not_picked":["Warcry","Clash","Fire Breathing"],"picked":"Singing Bowl","floor":24.0},{"not_picked":["Sentinel","Warcry"],"picked":"Barricade","floor":25.0},{"not_picked":["Rage","Warcry"],"picked":"Battle Trance","floor":27.0},{"not_picked":["Clash","Cleave+1","Sever Soul+1"],"picked":"Singing Bowl","floor":28.0},{"not_picked":["Heavy Blade","Clothesline"],"picked":"Feel No Pain","floor":29.0},{"not_picked":["Power Through","Clothesline"],"picked":"Metallicize+1","floor":30.0},{"not_picked":["Combust","Corruption+1"],"picked":"Perfected Strike","floor":32.0},{"not_picked":["Immolate","Exhume"],"picked":"Juggernaut","floor":33.0},{"not_picked":["Sword Boomerang","Carnage","Clash+1"],"picked":"Singing Bowl","floor":35.0},{"not_picked":["Bloodletting","Reckless Charge+1"],"picked":"Dual Wield+1","floor":36.0},{"not_picked":["Shrug It Off","Anger+1","Armaments"],"picked":"Singing Bowl","floor":38.0},{"not_picked":["Panacea","Mind Blast"],"picked":"Master of Strategy","floor":41.0},{"not_picked":["The Bomb","Jack Of All Trades"],"picked":"Master of Strategy","floor":41.0},{"not_picked":["Warcry","Intimidate"],"picked":"Inflame","floor":45.0},{"not_picked":["Iron Wave","Headbutt"],"picked":"Inflame+1","floor":46.0},{"not_picked":["Feed","Dual Wield","Second Wind"],"picked":"Singing Bowl","floor":47.0},{"not_picked":["Dropkick","Headbutt"],"picked":"True Grit+1","floor":48.0},{"not_picked":["Shrug It Off","Second Wind"],"picked":"Armaments+1","floor":49.0}],"player_experience":308223,"relics_obtained":[{"floor":6.0,"key":"War Paint"},{"floor":8.0,"key":"Gremlin Horn"},{"floor":9.0,"key":"Dream Catcher"},{"floor":14.0,"key":"Happy Flower"},{"floor":19.0,"key":"Bronze Scales"},{"floor":26.0,"key":"Dodecahedron"},{"floor":27.0,"key":"Blue Candle"},{"floor":28.0,"key":"Turnip"},{"floor":28.0,"key":"Matryoshka"},{"floor":38.0,"key":"WingedGreaves"},{"floor":43.0,"key":"Smiling Mask"},{"floor":43.0,"key":"Orichalcum"},{"floor":47.0,"key":"Meat on the Bone"}],"event_choices":[{"damage_healed":0.0,"max_hp_gain":0.0,"max_hp_loss":0.0,"gold_gain":0.0,"event_name":"Liars Game","player_choice":"Ignored","floor":2.0,"gold_loss":0.0,"damage_taken":0.0},{"damage_healed":0.0,"max_hp_gain":0.0,"max_hp_loss":0.0,"gold_gain":0.0,"event_name":"Wheel of Change","player_choice":"Damaged","floor":4.0,"gold_loss":0.0,"damage_taken":11.0},{"damage_healed":0.0,"max_hp_gain":0.0,"max_hp_loss":0.0,"gold_gain":0.0,"event_name":"Addict","player_choice":"Obtained Relic","floor":20.0,"gold_loss":85.0,"damage_taken":0.0,"relics_obtained":["Singing Bowl"]},{"damage_healed":0.0,"max_hp_gain":0.0,"max_hp_loss":0.0,"gold_gain":0.0,"event_name":"Colosseum","player_choice":"Fight","floor":28.0,"gold_loss":0.0,"damage_taken":0.0},{"damage_healed":0.0,"max_hp_gain":0.0,"max_hp_loss":0.0,"gold_gain":0.0,"event_name":"Colosseum","player_choice":"Fought Nobs","floor":28.0,"gold_loss":0.0,"damage_taken":0.0},{"cards_removed":["Strike_R"],"damage_healed":0.0,"max_hp_gain":0.0,"max_hp_loss":0.0,"gold_gain":0.0,"event_name":"Beggar","player_choice":"Gave Gold","floor":31.0,"gold_loss":75.0,"damage_taken":0.0},{"damage_healed":0.0,"max_hp_gain":0.0,"max_hp_loss":0.0,"gold_gain":0.0,"event_name":"Winding Halls","player_choice":"Embrace Madness","floor":37.0,"gold_loss":0.0,"damage_taken":15.0,"cards_obtained":["Madness","Madness"]},{"damage_healed":0.0,"max_hp_gain":0.0,"max_hp_loss":0.0,"gold_gain":0.0,"event_name":"MindBloom","player_choice":"Fight","floor":38.0,"gold_loss":0.0,"damage_taken":0.0},{"damage_healed":0.0,"max_hp_gain":0.0,"max_hp_loss":0.0,"gold_gain":0.0,"event_name":"SensoryStone","player_choice":"Memory 2","floor":41.0,"gold_loss":0.0,"damage_taken":5.0},{"cards_removed":["Strike_R"],"damage_healed":0.0,"max_hp_gain":0.0,"max_hp_loss":0.0,"gold_gain":0.0,"event_name":"Bonfire Elementals","player_choice":"Offered Basic","floor":44.0,"gold_loss":0.0,"damage_taken":0.0}],"is_beta":false,"boss_relics":[{"not_picked":["Velvet Choker","Ectoplasm"],"picked":"Sozu"},{"not_picked":["Busted Crown","Black Blood"],"picked":"Mark of Pain"}],"items_purged_floors":[21],"is_endless":false,"potions_floor_spawned":[1,8,16,24,28,33,36,45,48],"killed_by":"Time Eater","ascension_level":17}