{"gold_per_floor":[119,129,5,23,23,48,48,62,133,133,133,133,133,144,144,222,222,239,239,239,253,253,253,253,281,352,364,364,390,154,170,170,170],"floor_reached":33,"playtime":5458,"items_purged":[],"score":524,"play_id":"6edba63a-e265-49a7-a4e3-3262856c361f","local_time":"20190310221532","is_ascension_mode":true,"campfire_choices":[{"data":"Heavy Blade","floor":7.0,"key":"SMITH"},{"data":"True Grit","floor":11.0,"key":"SMITH"},{"floor":15.0,"key":"REST"},{"floor":23.0,"key":"REST"},{"data":"Heavy Blade","floor":28.0,"key":"SMITH"},{"floor":32.0,"key":"REST"}],"neow_cost":"NONE","seed_source_timestamp":603039187385255,"circlet_count":0,"master_deck":["AscendersBane","Strike_R","Strike_R+1","Strike_R","Strike_R","Strike_R","Defend_R","Defend_R","Defend_R+1","Defend_R","Bash+1","Armaments","Pommel Strike","Spot Weakness","Carnage","Clothesline","Heavy Blade+1","True Grit+1","Reaper","Heavy Blade+1","J.A.X.","Thunderclap","Clothesline+1","Burning Pact","Clothesline"],"special_seed":0,"relics":["Burning Blood","Oddly Smooth Stone","Nunchaku","Pantograph","Omamori","Snecko Eye","WarpedTongs","Kunai","Meat on the Bone","Darkstone Periapt","Matryoshka","Juzu Bracelet"],"potions_floor_usage":[],"damage_taken":[{"damage":2.0,"enemies":"2 Louse","floor":1.0,"turns":4.0},{"damage":6.0,"enemies":"Jaw Worm","floor":2.0,"turns":3.0},{"damage":12.0,"enemies":"Small Slimes","floor":4.0,"turns":3.0},{"damage":34.0,"enemies":"Lagavulin","floor":6.0,"turns":6.0},{"damage":7.0,"enemies":"3 Louse","floor":8.0,"turns":4.0},{"damage":12.0,"enemies":"Lots of Slimes","floor":14.0,"turns":3.0},{"damage":50.0,"enemies":"Hexaghost","floor":16.0,"turns":10.0},{"damage":43.0,"enemies":"Spheric Guardian","floor":18.0,"turns":6.0},{"damage":14.0,"enemies":"2 Thieves","floor":21.0,"turns":3.0},{"damage":31.0,"enemies":"Slavers","floor":25.0,"turns":3.0},{"damage":9.0,"enemies":"Snake Plant","floor":27.0,"turns":2.0},{"damage":35.0,"enemies":"Book of Stabbing","floor":29.0,"turns":5.0},{"damage":21.0,"enemies":"Chosen and Byrds","floor":31.0,"turns":5.0},{"damage":84,"enemies":"Champ","floor":33,"turns":9}],"seed_played":"6611946924755538487","potions_obtained":[{"floor":4.0,"key":"EssenceOfSteel"},{"floor":8.0,"key":"Explosive Potion"},{"floor":14.0,"key":"Weak Potion"},{"floor":18.0,"key":"LiquidBronze"},{"floor":27.0,"key":"Block Potion"},{"floor":29.0,"key":"BloodPotion"}],"is_trial":false,"path_per_floor":["M","M","$","M","?","E","R","M","T","?","R","?","?","M","R","B",null,"M","?","?","M","?","R","?","E","T","M","R","E","$","M","R","B"],"character_chosen":"IRONCLAD","items_purchased":["Spot Weakness","Carnage","Juzu Bracelet","Regen Potion"],"campfire_rested":3,"item_purchase_floors":[3,3,30,30],"current_hp_per_floor":[72,72,72,66,66,38,38,37,37,37,37,14,14,8,30,11,59,22,22,22,22,22,44,44,35,35,44,44,28,28,55,75,0],"gold":170,"neow_bonus":"RANDOM_COMMON_RELIC","is_prod":false,"is_daily":false,"chose_seed":false,"campfire_upgraded":3,"win_rate":0,"timestamp":1552223732,"path_taken":["M","M","$","M","?","E","R","M","T","?","R","?","?","?","R","BOSS","M","?","?","?","?","R","?","E","T","?","R","E","$","M","R","BOSS"],"build_version":"2019-01-23","purchased_purges":0,"victory":false,"max_hp_per_floor":[75,75,75,75,75,75,75,75,75,75,75,75,75,75,75,75,75,75,75,75,75,75,75,75,75,75,75,75,75,75,75,75,75],"card_choices":[{"not_picked":["Wild Strike","Anger"],"picked":"Armaments","floor":1.0},{"not_picked":["Intimidate","Combust"],"picked":"Pommel Strike","floor":2.0},{"not_picked":["Searing Blow","Thunderclap"],"picked":"Clothesline","floor":4.0},{"not_picked":["Twin Strike","Cleave"],"picked":"Heavy Blade","floor":6.0},{"not_picked":["Clash","Havoc"],"picked":"True Grit","floor":8.0},{"not_picked":["Dark Embrace","Twin Strike","Armaments"],"picked":"SKIP","floor":14.0},{"not_picked":["Bludgeon","Impervious"],"picked":"Reaper","floor":16.0},{"not_picked":["Searing Blow","Wild Strike"],"picked":"Heavy Blade","floor":18.0},{"not_picked":["Sword Boomerang","Cleave"],"picked":"Thunderclap","floor":21.0},{"not_picked":["Bloodletting","Burning Pact"],"picked":"Clothesline+1","floor":25.0},{"not_picked":["Flex","Warcry"],"picked":"Burning Pact","floor":27.0},{"not_picked":["Twin Strike","Flex","Armaments"],"picked":"SKIP","floor":29.0},{"not_picked":["Burning Pact","Iron Wave"],"picked":"Clothesline","floor":31.0}],"player_experience":279560,"relics_obtained":[{"floor":6.0,"key":"Nunchaku"},{"floor":9.0,"key":"Pantograph"},{"floor":25.0,"key":"Meat on the Bone"},{"floor":26.0,"key":"Darkstone Periapt"},{"floor":29.0,"key":"Matryoshka"}],"event_choices":[{"damage_healed":0.0,"max_hp_gain":0.0,"max_hp_loss":0.0,"gold_gain":0.0,"event_name":"Living Wall","player_choice":"Grow","floor":5.0,"gold_loss":0.0,"damage_taken":0.0,"cards_upgraded":["Bash"]},{"damage_healed":0.0,"max_hp_gain":0.0,"max_hp_loss":0.0,"gold_gain":0.0,"event_name":"Big Fish","player_choice":"Box","floor":10.0,"gold_loss":0.0,"damage_taken":0.0,"relics_obtained":["Omamori"],"cards_obtained":["Regret"]},{"damage_healed":0.0,"max_hp_gain":0.0,"max_hp_loss":0.0,"gold_gain":0.0,"event_name":"Shining Light","player_choice":"Entered Light","floor":12.0,"gold_loss":0.0,"damage_taken":23.0,"cards_upgraded":["Defend_R","Strike_R"]},{"damage_healed":0.0,"max_hp_gain":0.0,"max_hp_loss":0.0,"gold_gain":0.0,"cards_transformed":["Regret"],"event_name":"Transmorgrifier","player_choice":"Transformed","floor":13.0,"gold_loss":0.0,"damage_taken":0.0,"cards_obtained":["Doubt"]},{"damage_healed":0.0,"max_hp_gain":0.0,"max_hp_loss":0.0,"gold_gain":0.0,"event_name":"Drug Dealer","player_choice":"Obtain J.A.X.","floor":19.0,"gold_loss":0.0,"damage_taken":0.0,"cards_obtained":["J.A.X."]},{"damage_healed":0.0,"max_hp_gain":0.0,"max_hp_loss":0.0,"gold_gain":0.0,"event_name":"Accursed Blacksmith","player_choice":"Rummage","floor":20.0,"gold_loss":0.0,"damage_taken":0.0,"relics_obtained":["WarpedTongs"],"cards_obtained":["Pain"]},{"damage_healed":0.0,"max_hp_gain":0.0,"max_hp_loss":0.0,"gold_gain":0.0,"event_name":"The Mausoleum","player_choice":"Opened","floor":22.0,"gold_loss":0.0,"damage_taken":0.0,"relics_obtained":["Kunai"],"cards_obtained":["Writhe"]},{"cards_removed":["Writhe"],"damage_healed":0.0,"max_hp_gain":0.0,"max_hp_loss":0.0,"gold_gain":0.0,"event_name":"Purifier","player_choice":"Purged","floor":24.0,"gold_loss":0.0,"damage_taken":0.0}],"is_beta":false,"boss_relics":[{"not_picked":["Busted Crown","Coffee Dripper"],"picked":"Snecko Eye"}],"items_purged_floors":[],"is_endless":false,"potions_floor_spawned":[4,8,14,18,27,29],"killed_by":"Champ","ascension_level":17}