{"gold_per_floor":[116,131,150,150,229,247,247,247,247,172,172,97,141,156,156,251,251,270,270,14,34,34,34,48,48,96,96,112,131,170,170,170,260,260,276,294,294,19,19,19,60,60,85,85,123,144,157,170,170,170,170,170,170,4,40,40],"floor_reached":57,"playtime":3078,"items_purged":["Strike_G","Defend_G"],"score":2710,"play_id":"586c3268-9772-464c-a62e-97639e613fdc","local_time":"20190319032143","is_ascension_mode":true,"campfire_choices":[{"data":"Tactician","floor":7,"key":"SMITH"},{"data":"Expertise","floor":11,"key":"SMITH"},{"data":"Concentrate","floor":15,"key":"SMITH"},{"data":"Venomology","floor":23,"key":"SMITH"},{"data":"Venomology","floor":25,"key":"SMITH"},{"data":"Well Laid Plans","floor":27,"key":"SMITH"},{"data":"Crippling Poison","floor":32,"key":"SMITH"},{"floor":40,"key":"RECALL"},{"data":"Backflip","floor":42,"key":"SMITH"},{"data":"Madness","floor":49,"key":"SMITH"},{"data":"Calculated Gamble","floor":53,"key":"SMITH"}],"neow_cost":"PERCENT_DAMAGE","seed_source_timestamp":441624694262700,"circlet_count":0,"master_deck":["AscendersBane","Defend_G","Survivor","Neutralize+1","Tactician+1","Bouncing Flask+1","Dagger Throw","Expertise+1","Venomology+1","Venomology+1","Concentrate+1","Venomology+1","Venomology+1","Well Laid Plans+1","Backflip+1","Night Terror+1","PiercingWail+1","Crippling Poison+1","Grand Finale","Venomology","Madness+1","Madness","Calculated Gamble+1","Expertise","Acrobatics"],"relics":["Ring of the Snake","Golden Idol","Kunai","Gremlin Horn","War Paint","Coffee Dripper","Toy Ornithopter","Potion Belt","Whetstone","Empty Cage","Strawberry","Gambling Chip","Letter Opener"],"potions_floor_usage":[13,13,14,16,16,16,18,18,21,21,21,21,21,21,24,24,24,24,24,28,28,28,29,29,29,29,29,29,29,30,30,30,30,30,30,30,30,30,33,33,33,33,33,33,33,33,33,33,33,33,33,33,35,35,35,35,35,35,36,36,36,36,41,41,41,41,41,41,41,41,45,45,45,45,45,45,45,45,45,46,46,46,46,46,46,46,47,47,47,47,48,48,48,48,48,50,50,50,50,50,50,50,50,51,51,51,51,51,55,55,55,55,55,55,55,55,56,56,56,56,56,56,56],"damage_taken":[{"damage":0,"enemies":"Cultist","floor":1,"turns":3},{"damage":0,"enemies":"2 Louse","floor":2,"turns":6},{"damage":0,"enemies":"Jaw Worm","floor":3,"turns":5},{"damage":2,"enemies":"2 Fungi Beasts","floor":6,"turns":4},{"damage":2,"enemies":"Lagavulin","floor":13,"turns":6},{"damage":0,"enemies":"Looter","floor":14,"turns":3},{"damage":15,"enemies":"Hexaghost","floor":16,"turns":6},{"damage":14,"enemies":"Spheric Guardian","floor":18,"turns":4},{"damage":0,"enemies":"2 Thieves","floor":21,"turns":1},{"damage":28,"enemies":"Cultist and Chosen","floor":24,"turns":6},{"damage":0,"enemies":"Sentry and Sphere","floor":28,"turns":4},{"damage":0,"enemies":"Chosen and Byrds","floor":29,"turns":4},{"damage":38,"enemies":"Slavers","floor":30,"turns":6},{"damage":41,"enemies":"Champ","floor":33,"turns":9},{"damage":21,"enemies":"3 Shapes","floor":35,"turns":2},{"damage":20,"enemies":"3 Darklings","floor":36,"turns":3},{"damage":6,"enemies":"Nemesis","floor":41,"turns":5},{"damage":36,"enemies":"Giant Head","floor":45,"turns":7},{"damage":27,"enemies":"Jaw Worm Horde","floor":46,"turns":3},{"damage":10,"enemies":"4 Shapes","floor":47,"turns":2},{"damage":11,"enemies":"Sphere and 2 Shapes","floor":48,"turns":3},{"damage":46,"enemies":"Donu and Deca","floor":50,"turns":5},{"damage":65,"enemies":"Time Eater","floor":51,"turns":9},{"damage":20,"enemies":"Shield and Spear","floor":55,"turns":4},{"damage":70,"enemies":"The Heart","floor":56,"turns":6}],"seed_played":"6391925031117882813","potions_obtained":[{"floor":1,"key":"Block Potion"},{"floor":3,"key":"Weak Potion"},{"floor":6,"key":"Regen Potion"},{"floor":21,"key":"Fire Potion"},{"floor":24,"key":"Energy Potion"},{"floor":30,"key":"Regen Potion"},{"floor":33,"key":"GamblersBrew"},{"floor":36,"key":"SpeedPotion"}],"is_trial":false,"path_per_floor":["M","M","M","?","T","M","R","?","T","$","R","?","E","M","R","B",null,"M","?","$","M","$","R","M","R","T","R","M","M","E","?","R","B",null,"M","M","?","$","?","R","E","R","T","?","E","M","M","M","R","B","B",null,"R","$","E","B",null],"character_chosen":"THE_SILENT","items_purchased":["Toy Ornithopter","Well Laid Plans","Venomology","Acrobatics","AttackPotion","AttackPotion"],"campfire_rested":0,"item_purchase_floors":[20,20,38,54,54,54],"current_hp_per_floor":[44,44,44,44,44,42,42,42,42,42,42,42,55,55,55,40,55,41,41,41,60,60,60,47,47,47,47,60,60,55,55,55,60,60,54,50,50,50,39,39,67,67,67,67,67,67,67,67,67,46,6,52,52,52,67,32],"gold":40,"neow_bonus":"TRANSFORM_TWO_CARDS","is_prod":false,"is_daily":false,"chose_seed":true,"campfire_upgraded":10,"win_rate":0,"timestamp":1552933303,"path_taken":["M","?","M","?","?","M","R","?","T","?","R","?","E","M","R","BOSS","M","?","$","M","?","R","M","R","T","R","M","?","E","?","R","BOSS","M","M","?","$","?","R","E","R","T","?","E","M","M","M","R","BOSS","BOSS","R","$","E","BOSS"],"build_version":"2019-01-23","purchased_purges":2,"victory":true,"max_hp_per_floor":[66,66,66,60,60,60,60,60,60,60,60,60,60,60,60,60,60,60,60,60,60,60,60,60,60,60,60,60,60,60,60,60,60,60,60,60,60,60,60,60,67,67,67,67,67,67,67,67,67,67,67,67,67,67,67,67],"card_choices":[{"not_picked":["Choke","Eviscerate"],"picked":"Dagger Throw","floor":1},{"not_picked":["Dodge and Roll","Bane"],"picked":"Expertise","floor":2},{"not_picked":["Dagger Throw","Dodge and Roll","Distraction"],"picked":"SKIP","floor":3},{"not_picked":["Blade Dance","Outmaneuver","Poisoned Stab"],"picked":"SKIP","floor":6},{"not_picked":["Outmaneuver","Blur"],"picked":"Venomology","floor":13},{"not_picked":["Backstab","Dagger Throw"],"picked":"Concentrate","floor":14},{"not_picked":["After Image","Malaise"],"picked":"Venomology","floor":16},{"not_picked":["Heel Hook+1","Dash","Sucker Punch"],"picked":"SKIP","floor":18},{"not_picked":["Well Laid Plans","Dodge and Roll","Outmaneuver"],"picked":"SKIP","floor":21},{"not_picked":["Deflect","Quick Slash"],"picked":"Backflip","floor":24},{"not_picked":["Concentrate+1","Escape Plan"],"picked":"Night Terror","floor":28},{"not_picked":["Terror","Outmaneuver"],"picked":"PiercingWail+1","floor":29},{"not_picked":["Slice","Terror+1"],"picked":"Crippling Poison","floor":30},{"not_picked":["Glass Knife","A Thousand Cuts"],"picked":"Grand Finale","floor":33},{"not_picked":["Skewer","Caltrops","Dagger Throw"],"picked":"SKIP","floor":35},{"not_picked":["Blade Dance","Bane","Tactician+1"],"picked":"SKIP","floor":36},{"not_picked":["Flying Knee","Flechettes","Sucker Punch"],"picked":"SKIP","floor":41},{"not_picked":["Outmaneuver","Dagger Throw"],"picked":"Calculated Gamble","floor":45},{"not_picked":["Dagger Spray","Flechettes"],"picked":"Expertise","floor":46},{"not_picked":["Outmaneuver+1","Deflect+1","Poisoned Stab"],"picked":"SKIP","floor":47},{"not_picked":["Outmaneuver+1","Deflect+1","Poisoned Stab"],"picked":"SKIP","floor":47},{"not_picked":["Infinite Blades+1","Outmaneuver","Poisoned Stab"],"picked":"SKIP","floor":48},{"not_picked":["Poisoned Stab","Slice","Finisher"],"picked":"SKIP","floor":55}],"player_experience":4569662,"relics_obtained":[{"floor":5,"key":"Kunai"},{"floor":9,"key":"Gremlin Horn"},{"floor":13,"key":"War Paint"},{"floor":26,"key":"Potion Belt"},{"floor":30,"key":"Whetstone"},{"floor":41,"key":"Strawberry"},{"floor":45,"key":"Gambling Chip"},{"floor":55,"key":"Letter Opener"}],"event_choices":[{"damage_healed":0,"gold_gain":0,"player_choice":"Lose Max HP","damage_taken":0,"relics_obtained":["Golden Idol"],"max_hp_gain":0,"max_hp_loss":6,"event_name":"Golden Idol","floor":4,"gold_loss":0},{"damage_healed":0,"gold_gain":0,"cards_transformed":["Defend_G"],"player_choice":"Change","damage_taken":0,"max_hp_gain":0,"max_hp_loss":0,"event_name":"Living Wall","floor":8,"gold_loss":0,"cards_obtained":["Venomology"]},{"cards_removed":["Strike_G"],"damage_healed":0,"gold_gain":0,"player_choice":"Card Removal","damage_taken":0,"max_hp_gain":0,"max_hp_loss":0,"event_name":"The Cleric","floor":12,"gold_loss":75},{"damage_healed":0,"gold_gain":0,"player_choice":"Copied","damage_taken":0,"max_hp_gain":0,"max_hp_loss":0,"event_name":"Duplicator","floor":19,"gold_loss":0,"cards_obtained":["Venomology"]},{"damage_healed":0,"gold_gain":0,"player_choice":"Forge","damage_taken":0,"max_hp_gain":0,"max_hp_loss":0,"event_name":"Accursed Blacksmith","floor":31,"gold_loss":0,"cards_upgraded":["Night Terror"]},{"cards_removed":["Strike_G"],"damage_healed":0,"gold_gain":0,"player_choice":"Removed Attack","damage_taken":0,"max_hp_gain":0,"max_hp_loss":0,"event_name":"Falling","floor":37,"gold_loss":0},{"damage_healed":0,"gold_gain":0,"player_choice":"Embrace Madness","damage_taken":11,"max_hp_gain":0,"max_hp_loss":0,"event_name":"Winding Halls","floor":39,"gold_loss":0,"cards_obtained":["Madness","Madness"]},{"damage_healed":0,"gold_gain":0,"player_choice":"Ignored","damage_taken":0,"max_hp_gain":0,"max_hp_loss":0,"event_name":"Tomb of Lord Red Mask","floor":44,"gold_loss":0}],"is_beta":false,"boss_relics":[{"not_picked":["Calling Bell","Sozu"],"picked":"Coffee Dripper"},{"not_picked":["Pandora\u0027s Box","Fusion Hammer"],"picked":"Empty Cage"}],"items_purged_floors":[10,38],"is_endless":false,"potions_floor_spawned":[1,3,6,21,24,30,33,36,41,48],"ascension_level":20}