{"gold_per_floor":[116,133,98,110,126,126,138,63,89,89,108,125,125,125,125,221,271,287,287,287,301,328,328],"floor_reached":23,"playtime":1326,"items_purged":["Strike_B"],"score":183,"play_id":"e7fa4ed3-dcb0-41a7-88da-a4eb9ac2b894","local_time":"20181231180506","is_ascension_mode":false,"campfire_choices":[{"floor":6,"key":"REST"},{"data":"Rainbow","floor":13,"key":"SMITH"},{"floor":15,"key":"REST"}],"neow_cost":"NONE","seed_source_timestamp":1824324646300,"circlet_count":0,"master_deck":["Strike_B","Defend_B","Defend_B","Defend_B","Defend_B","Zap","Dualcast","Forethought","Loop","Go for the Eyes","Stack","Redo","Ball Lightning","Rainbow+1","Redo+1","All For One","Electrodynamics","Ball Lightning","Hologram+1","Defragment+1"],"relics":["Cracked Core","Boot","Tiny House","Bronze Scales"],"potions_floor_usage":[23],"damage_taken":[{"damage":1,"enemies":"Cultist","floor":1,"turns":3},{"damage":5,"enemies":"Small Slimes","floor":2,"turns":3},{"damage":0,"enemies":"2 Louse","floor":4,"turns":3},{"damage":26,"enemies":"Exordium Thugs","floor":5,"turns":5},{"damage":3,"enemies":"3 Louse","floor":7,"turns":3},{"damage":9,"enemies":"Blue Slaver","floor":11,"turns":2},{"damage":6,"enemies":"Large Slime","floor":12,"turns":5},{"damage":71,"enemies":"Hexaghost","floor":16,"turns":12},{"damage":0,"enemies":"3 Byrds","floor":18,"turns":2},{"damage":19,"enemies":"Spheric Guardian","floor":21,"turns":4},{"damage":37,"enemies":"Gremlin Leader","floor":23,"turns":5}],"seed_played":"1350446398847439977","potions_obtained":[{"floor":2,"key":"FearPotion"},{"floor":4,"key":"Dexterity Potion"},{"floor":7,"key":"Strength Potion"}],"is_trial":false,"path_per_floor":["M","M","?","M","M","R","M","$","T","?","M","M","R","?","R","B",null,"M","?","?","M","T","E"],"character_chosen":"DEFECT","items_purchased":[],"campfire_rested":2,"item_purchase_floors":[],"current_hp_per_floor":[74,69,75,75,49,71,68,68,68,68,59,53,53,53,75,4,80,80,64,49,30,30,0],"gold":328,"neow_bonus":"RANDOM_COLORLESS","is_prod":false,"is_daily":false,"chose_seed":false,"campfire_upgraded":1,"win_rate":0.0,"timestamp":1546275906,"path_taken":["M","M","?","M","M","R","M","$","T","?","?","M","R","?","R","BOSS","M","?","?","M","?","E"],"build_version":"2018-12-20","purchased_purges":1,"victory":false,"max_hp_per_floor":[75,75,75,75,75,75,75,75,75,75,75,75,75,75,75,75,80,80,80,85,85,85,85],"card_choices":[{"not_picked":["Chill","Conserve Battery"],"picked":"Loop","floor":1},{"not_picked":["Beam Cell","Hologram"],"picked":"Go for the Eyes","floor":2},{"not_picked":["Consume","Force Field"],"picked":"Stack","floor":4},{"not_picked":["Ball Lightning","Static Discharge"],"picked":"Redo","floor":5},{"not_picked":["Barrage","Steam Power"],"picked":"Ball Lightning","floor":7},{"not_picked":["Chaos","Blizzard"],"picked":"Rainbow","floor":11},{"not_picked":["Reinforced Body","Go for the Eyes"],"picked":"Redo","floor":12},{"not_picked":["Buffer","Thunder Strike"],"picked":"Electrodynamics","floor":16},{"not_picked":["Gash","FTL"],"picked":"Ball Lightning","floor":17},{"not_picked":["Compile Driver","Force Field"],"picked":"Hologram+1","floor":18},{"not_picked":["Hello World","Chaos"],"picked":"Defragment+1","floor":21}],"player_experience":221214,"relics_obtained":[{"floor":9,"key":"Boot"},{"floor":22,"key":"Bronze Scales"}],"event_choices":[{"damage_healed":18,"gold_gain":0,"player_choice":"Healed","damage_taken":0,"max_hp_gain":0,"max_hp_loss":0,"event_name":"The Cleric","floor":3,"gold_loss":35},{"cards_removed":["Strike_B"],"damage_healed":0,"gold_gain":0,"player_choice":"Purged","damage_taken":0,"max_hp_gain":0,"max_hp_loss":0,"event_name":"Purifier","floor":10,"gold_loss":0},{"damage_healed":0,"gold_gain":0,"cards_transformed":["Strike_B"],"player_choice":"Transformed","damage_taken":0,"max_hp_gain":0,"max_hp_loss":0,"event_name":"Transmorgrifier","floor":14,"gold_loss":0,"cards_obtained":["All For One"]},{"damage_healed":0,"gold_gain":0,"player_choice":"Obtained Book","damage_taken":16,"max_hp_gain":0,"max_hp_loss":0,"event_name":"Cursed Tome","floor":19,"gold_loss":0},{"damage_healed":0,"gold_gain":0,"player_choice":"Shed Blood","damage_taken":20,"max_hp_gain":5,"max_hp_loss":0,"event_name":"Forgotten Altar","floor":20,"gold_loss":0}],"is_beta":false,"boss_relics":[{"not_picked":["Coffee Dripper","Eternal Feather"],"picked":"Tiny House"}],"items_purged_floors":[8],"is_endless":false,"potions_floor_spawned":[2,4,7,11,12,21],"killed_by":"Gremlin Leader","ascension_level":0}