{"gold_per_floor":[116,132,57,75,75,75,106,75,102,137,37,47,64,91,91,91],"floor_reached":16,"playtime":1442,"items_purged":["Strike_R","Strike_R"],"score":165,"play_id":"dd0367ac-6d46-4cd8-b2d6-d70ded0457a2","local_time":"20190226133547","is_ascension_mode":true,"campfire_choices":[{"data":"True Grit","floor":6,"key":"SMITH"},{"floor":15,"key":"REST"}],"neow_cost":"NONE","seed_source_timestamp":12332565103983,"circlet_count":0,"master_deck":["Strike_R","Strike_R","Defend_R","Defend_R","Defend_R","Defend_R","Bash","True Grit+1","Body Slam","Dropkick"],"relics":["Burning Blood","PreservedInsect","Anchor","Happy Flower","Boot","Turnip"],"potions_floor_usage":[12,13,14,16],"damage_taken":[{"damage":6,"enemies":"Cultist","floor":1,"turns":3},{"damage":5,"enemies":"Jaw Worm","floor":2,"turns":3},{"damage":0,"enemies":"Small Slimes","floor":4,"turns":3},{"damage":17,"enemies":"Gremlin Nob","floor":7,"turns":4},{"damage":24,"enemies":"Exordium Thugs","floor":8,"turns":5},{"damage":31,"enemies":"Lagavulin","floor":10,"turns":5},{"damage":0,"enemies":"3 Louse","floor":12,"turns":3},{"damage":12,"enemies":"Large Slime","floor":13,"turns":4},{"damage":5,"enemies":"3 Sentries","floor":14,"turns":6},{"damage":52,"enemies":"Hexaghost","floor":16,"turns":14}],"seed_played":"-1832135967677930740","potions_obtained":[{"floor":2,"key":"Energy Potion"},{"floor":4,"key":"AttackPotion"},{"floor":8,"key":"Swift Potion"},{"floor":12,"key":"Explosive Potion"}],"is_trial":false,"path_per_floor":["M","M","$","M","?","R","E","M","T","E","$","M","M","E","R","B"],"character_chosen":"IRONCLAD","items_purchased":[],"campfire_rested":1,"item_purchase_floors":[],"current_hp_per_floor":[72,73,73,79,79,79,68,50,50,25,25,31,25,26,50,0],"gold":91,"neow_bonus":"RANDOM_COMMON_RELIC","is_prod":false,"is_daily":false,"chose_seed":false,"campfire_upgraded":1,"win_rate":0,"timestamp":1551155747,"path_taken":["M","M","$","?","?","R","E","M","T","E","?","M","?","E","R","BOSS"],"build_version":"2019-01-23","purchased_purges":2,"victory":false,"max_hp_per_floor":[80,80,80,80,80,80,80,80,80,80,80,80,80,80,80,80],"card_choices":[{"not_picked":["Ghostly Armor","Infernal Blade"],"picked":"True Grit","floor":1},{"not_picked":["Reckless Charge","Burning Pact"],"picked":"Body Slam","floor":2},{"not_picked":["Feel No Pain","Dual Wield"],"picked":"Dropkick","floor":4},{"not_picked":["Disarm","Heavy Blade","True Grit"],"picked":"SKIP","floor":7},{"not_picked":["Reckless Charge","Pommel Strike","Thunderclap"],"picked":"SKIP","floor":8},{"not_picked":["Cleave","Flex","Wild Strike"],"picked":"SKIP","floor":10},{"not_picked":["Spot Weakness","Pommel Strike","Brutality"],"picked":"SKIP","floor":12},{"not_picked":["Sentinel","Reckless Charge","Clash"],"picked":"SKIP","floor":13},{"not_picked":["Double Tap","Shrug It Off","Sword Boomerang"],"picked":"SKIP","floor":14}],"player_experience":192650,"relics_obtained":[{"floor":7,"key":"Anchor"},{"floor":9,"key":"Happy Flower"},{"floor":10,"key":"Boot"},{"floor":14,"key":"Turnip"}],"event_choices":[{"cards_removed":["Strike_R"],"damage_healed":0,"gold_gain":0,"player_choice":"Forget","damage_taken":0,"max_hp_gain":0,"max_hp_loss":0,"event_name":"Living Wall","floor":5,"gold_loss":0}],"is_beta":false,"boss_relics":[],"items_purged_floors":[3,11],"is_endless":false,"potions_floor_spawned":[2,4,8,12],"killed_by":"Hexaghost","ascension_level":7}