{"gold_per_floor":[117,31,31,31,44,72,89,89,141,160,160,190,206,220,220,324,324,338,353,453,472,488,488,502,520,544,6,17,17,37,37,37,37],"floor_reached":33,"playtime":1869,"items_purged":["Normality"],"score":418,"play_id":"797aa5b9-2308-4c9c-87b1-6f0afca341e5","local_time":"20190304191136","is_ascension_mode":true,"campfire_choices":[{"data":"Flex","floor":8.0,"key":"SMITH"},{"data":"Seeing Red","floor":11.0,"key":"SMITH"},{"data":"Power Through","floor":15.0,"key":"SMITH"},{"floor":23.0,"key":"REST"},{"floor":29,"key":"REST"},{"data":"Barricade","floor":32,"key":"SMITH"}],"neow_cost":"NONE","seed_source_timestamp":31531908065480,"circlet_count":0,"master_deck":["Strike_R+1","Strike_R+1","Strike_R+1","Strike_R+1","Strike_R+1","Defend_R+1","Defend_R+1","Defend_R+1","Defend_R+1","Bash+1","Shrug It Off","Flex+1","Power Through+1","Evolve","Seeing Red+1","Body Slam+1","Thunderclap+1","Immolate+1","Flex+1","Perfected Strike+1","Perfected Strike+1","Perfected Strike+1","Barricade+1","Feel No Pain","Whirlwind+1","Clash+1","Offering","Blind","Spot Weakness","Heavy Blade+1"],"special_seed":0,"relics":["Burning Blood","NeowsBlessing","Boot","Happy Flower","Lantern","Molten Egg 2","Cursed Key","Bird Faced Urn","Shuriken","Art of War"],"potions_floor_usage":[30,33],"damage_taken":[{"damage":0.0,"enemies":"Cultist","floor":1.0,"turns":1.0},{"damage":0.0,"enemies":"Small Slimes","floor":5.0,"turns":1.0},{"damage":0.0,"enemies":"Gremlin Nob","floor":6.0,"turns":1.0},{"damage":4.0,"enemies":"Jaw Worm","floor":7.0,"turns":3.0},{"damage":42.0,"enemies":"Large Slime","floor":10.0,"turns":6.0},{"damage":12.0,"enemies":"Lagavulin","floor":12.0,"turns":5.0},{"damage":6.0,"enemies":"Looter","floor":13.0,"turns":2.0},{"damage":6.0,"enemies":"Exordium Thugs","floor":14.0,"turns":4.0},{"damage":40.0,"enemies":"Hexaghost","floor":16.0,"turns":10.0},{"damage":4.0,"enemies":"Spheric Guardian","floor":18.0,"turns":4.0},{"damage":8.0,"enemies":"2 Thieves","floor":19.0,"turns":4.0},{"damage":14.0,"enemies":"Colosseum Slavers","floor":20.0,"turns":2.0},{"damage":26.0,"enemies":"Colosseum Nobs","floor":20.0,"turns":5.0},{"damage":8.0,"enemies":"Snecko","floor":21.0,"turns":4.0},{"damage":33.0,"enemies":"Shelled Parasite and Fungi","floor":22.0,"turns":5.0},{"damage":15.0,"enemies":"3 Cultists","floor":24.0,"turns":4.0},{"damage":19,"enemies":"Chosen and Byrds","floor":25,"turns":5},{"damage":6,"enemies":"Centurion and Healer","floor":28,"turns":3},{"damage":10,"enemies":"3 Cultists","floor":30,"turns":3},{"damage":69,"enemies":"Champ","floor":33,"turns":9}],"seed_played":"4058474905916077717","potions_obtained":[{"floor":1.0,"key":"EntropicBrew"},{"floor":5.0,"key":"BloodPotion"},{"floor":7.0,"key":"SkillPotion"},{"floor":13.0,"key":"Fire Potion"},{"floor":16.0,"key":"BloodPotion"},{"floor":19.0,"key":"PowerPotion"},{"floor":20.0,"key":"SkillPotion"},{"floor":25,"key":"BloodPotion"},{"floor":28,"key":"Fire Potion"},{"floor":30,"key":"Ancient Potion"}],"is_trial":false,"path_per_floor":["M","?","$","?","M","E","M","R","T","M","R","E","M","M","R","B",null,"M","M","?","M","M","R","M","M","T","$","M","R","M","?","R","B"],"character_chosen":"IRONCLAD","items_purchased":["Feel No Pain","Whirlwind+1","Clash+1","Offering","Blind","Spot Weakness"],"campfire_rested":2,"item_purchase_floors":[27,27,27,27,27,27],"current_hp_per_floor":[78,78,78,78,80,80,80,80,80,52,52,46,46,46,46,12,63,73,71,43,43,18,42,35,26,26,26,28,52,56,56,56,0],"gold":37,"neow_bonus":"THREE_ENEMY_KILL","is_prod":false,"is_daily":false,"chose_seed":false,"campfire_upgraded":4,"win_rate":0,"timestamp":1551694296,"path_taken":["M","?","?","?","?","E","M","R","T","M","R","E","?","M","R","BOSS","M","M","?","M","M","R","M","M","T","$","M","R","M","?","R","BOSS"],"build_version":"2019-01-23","purchased_purges":1,"victory":false,"max_hp_per_floor":[80,80,80,80,80,80,80,80,80,80,80,80,80,80,80,80,80,80,80,80,80,80,80,80,80,80,80,80,80,80,80,80,80],"card_choices":[{"not_picked":["Searing Blow","Flex"],"picked":"Shrug It Off","floor":1.0},{"not_picked":["Heavy Blade","Sentinel"],"picked":"Flex","floor":5.0},{"not_picked":["Intimidate","Seeing Red"],"picked":"Power Through","floor":6.0},{"not_picked":["Warcry","True Grit"],"picked":"Evolve","floor":7.0},{"not_picked":["Dual Wield","Headbutt"],"picked":"Seeing Red","floor":10.0},{"not_picked":["Perfected Strike","Combust"],"picked":"Body Slam","floor":12.0},{"not_picked":["Flex","Clash+1"],"picked":"Thunderclap+1","floor":13.0},{"not_picked":["Brutality","Armaments","Disarm"],"picked":"SKIP","floor":14.0},{"not_picked":["Exhume","Limit Break"],"picked":"Immolate+1","floor":16.0},{"not_picked":["True Grit","Inflame"],"picked":"Flex+1","floor":18.0},{"not_picked":["Intimidate","Searing Blow+1"],"picked":"Perfected Strike+1","floor":19.0},{"not_picked":["Armaments","Pommel Strike+1"],"picked":"Perfected Strike+1","floor":20.0},{"not_picked":["Whirlwind+1","Havoc"],"picked":"Perfected Strike+1","floor":21.0},{"not_picked":["Body Slam+1","Iron Wave+1","Sword Boomerang+1"],"picked":"SKIP","floor":22.0},{"not_picked":["Havoc+1","Clothesline+1"],"picked":"Barricade","floor":24.0},{"not_picked":["Hemokinesis+1","Clothesline+1","True Grit"],"picked":"SKIP","floor":25},{"not_picked":["Rupture","Iron Wave+1"],"picked":"Heavy Blade+1","floor":28},{"not_picked":["Sentinel","Sword Boomerang+1","Havoc"],"picked":"SKIP","floor":30}],"player_experience":225028,"relics_obtained":[{"floor":6.0,"key":"Happy Flower"},{"floor":9.0,"key":"Lantern"},{"floor":12.0,"key":"Molten Egg 2"},{"floor":20.0,"key":"Bird Faced Urn"},{"floor":20.0,"key":"Shuriken"},{"floor":26,"key":"Art of War"}],"event_choices":[{"damage_healed":0.0,"max_hp_gain":0.0,"max_hp_loss":0.0,"gold_gain":0.0,"event_name":"WeMeetAgain","player_choice":"Paid Gold","floor":2.0,"gold_loss":86.0,"damage_taken":0.0,"relics_obtained":["Boot"]},{"damage_healed":0.0,"max_hp_gain":0.0,"max_hp_loss":0.0,"gold_gain":0.0,"event_name":"Upgrade Shrine","player_choice":"Upgraded","floor":4.0,"gold_loss":0.0,"damage_taken":0.0,"cards_upgraded":["Bash"]},{"damage_healed":0.0,"max_hp_gain":0.0,"max_hp_loss":0.0,"gold_gain":0.0,"event_name":"Colosseum","player_choice":"Fight","floor":20.0,"gold_loss":0.0,"damage_taken":0.0},{"damage_healed":0.0,"max_hp_gain":0.0,"max_hp_loss":0.0,"gold_gain":0.0,"event_name":"Colosseum","player_choice":"Fought Nobs","floor":20.0,"gold_loss":0.0,"damage_taken":0.0},{"damage_healed":0,"gold_gain":0,"player_choice":"Simplicity","damage_taken":0,"max_hp_gain":0,"max_hp_loss":0,"event_name":"Back to Basics","floor":31,"gold_loss":0,"cards_upgraded":["Strike_R","Strike_R","Strike_R","Strike_R","Strike_R","Defend_R","Defend_R","Defend_R","Defend_R"]}],"is_beta":false,"boss_relics":[{"not_picked":["Runic Pyramid","Runic Dome"],"picked":"Cursed Key"}],"items_purged_floors":[27],"is_endless":false,"potions_floor_spawned":[1,5,7,13,16,19,20,25,28,30],"killed_by":"Champ","ascension_level":9}