{"gold_per_floor":[367,367,60,60,60,60,104,104,104,135,135,151,76,96,96,185,185,201,201,218,218,244,244,244],"floor_reached":24,"playtime":435,"items_purged":["Strike_R"],"score":450,"play_id":"079ef28f-d3ea-4c21-8b04-9389e1b40314","local_time":"20190312020032","is_ascension_mode":true,"campfire_choices":[{"data":"Searing Blow+1","floor":6.0,"key":"SMITH"},{"data":"Searing Blow+2","floor":8.0,"key":"SMITH"},{"data":"Searing Blow+3","floor":11.0,"key":"SMITH"},{"data":"Searing Blow+4","floor":15.0,"key":"SMITH"},{"data":"Searing Blow+5","floor":23.0,"key":"SMITH"}],"neow_cost":"PERCENT_DAMAGE","seed_source_timestamp":375893165805700,"circlet_count":0,"master_deck":["AscendersBane","Strike_R","Strike_R","Strike_R","Strike_R","Defend_R","Defend_R","Defend_R","Defend_R","Bash","Shrug It Off","Perfected Strike","Searing Blow+6","Headbutt","Bludgeon","Warcry+1","True Grit"],"special_seed":0,"relics":["Burning Blood","Bloody Idol","Lee\u0027s Waffle","Red Skull","Lantern","Pen Nib","Runic Pyramid","Red Mask"],"potions_floor_usage":[],"damage_taken":[{"damage":11.0,"enemies":"Jaw Worm","floor":1.0,"turns":5.0},{"damage":32.0,"enemies":"Gremlin Nob","floor":7.0,"turns":4.0},{"damage":17.0,"enemies":"3 Sentries","floor":10.0,"turns":8.0},{"damage":1.0,"enemies":"2 Louse","floor":12.0,"turns":3.0},{"damage":0.0,"enemies":"Cultist","floor":14.0,"turns":2.0},{"damage":30.0,"enemies":"Hexaghost","floor":16.0,"turns":3.0},{"damage":6.0,"enemies":"Spheric Guardian","floor":18.0,"turns":3.0},{"damage":15.0,"enemies":"3 Byrds","floor":20.0,"turns":5.0},{"damage":69.0,"enemies":"Masked Bandits","floor":22.0,"turns":6.0},{"damage":28,"enemies":"Book of Stabbing","floor":24,"turns":4}],"seed_played":"-2217472659777435653","potions_obtained":[{"floor":7.0,"key":"EntropicBrew"},{"floor":12.0,"key":"GamblersBrew"},{"floor":20.0,"key":"Regen Potion"}],"is_trial":false,"path_per_floor":["M","?","$","?","?","R","E","R","T","E","R","M","$","M","R","B",null,"M","?","M","?","?","R","E"],"character_chosen":"IRONCLAD","items_purchased":["Perfected Strike","Lee\u0027s Waffle","Searing Blow"],"campfire_rested":0,"item_purchase_floors":[3,3,3],"current_hp_per_floor":[45,19,82,82,82,82,56,56,56,45,45,50,50,56,56,32,70,70,70,66,66,23,23,0],"gold":244,"neow_bonus":"TWO_FIFTY_GOLD","is_prod":false,"is_daily":false,"chose_seed":false,"campfire_upgraded":5,"win_rate":0,"timestamp":1552323632,"path_taken":["M","?","$","?","?","R","E","R","T","E","R","M","?","?","R","BOSS","M","?","M","?","?","R","E"],"build_version":"2019-01-23","purchased_purges":1,"victory":false,"max_hp_per_floor":[75,75,82,82,82,82,82,82,82,82,82,82,82,82,82,82,82,82,82,82,82,82,82,82],"card_choices":[{"not_picked":["Cleave","Reckless Charge"],"picked":"Shrug It Off","floor":1.0},{"not_picked":["Twin Strike","Havoc","Combust"],"picked":"SKIP","floor":7.0},{"not_picked":["Shockwave","Havoc"],"picked":"Headbutt","floor":10.0},{"not_picked":["Flex","Wild Strike","Anger"],"picked":"SKIP","floor":12.0},{"not_picked":["Iron Wave","Wild Strike","Flex"],"picked":"SKIP","floor":14.0},{"not_picked":["Reaper","Limit Break"],"picked":"Bludgeon","floor":16.0},{"not_picked":["Perfected Strike","Thunderclap","Clash"],"picked":"SKIP","floor":18.0},{"not_picked":["Headbutt","Evolve"],"picked":"Warcry+1","floor":20.0},{"not_picked":["Entrench","Iron Wave+1"],"picked":"True Grit","floor":22.0}],"player_experience":4513799,"relics_obtained":[{"floor":7.0,"key":"Red Skull"},{"floor":9.0,"key":"Lantern"},{"floor":10.0,"key":"Pen Nib"},{"floor":22.0,"key":"Red Mask"}],"event_choices":[{"damage_healed":0.0,"max_hp_gain":0.0,"max_hp_loss":0.0,"gold_gain":0.0,"event_name":"Golden Idol","player_choice":"Take Damage","floor":2.0,"gold_loss":0.0,"damage_taken":26.0,"relics_obtained":["Golden Idol"]},{"damage_healed":0.0,"max_hp_gain":0.0,"max_hp_loss":0.0,"gold_gain":0.0,"event_name":"Living Wall","player_choice":"Grow","floor":4.0,"gold_loss":0.0,"damage_taken":0.0,"cards_upgraded":["Searing Blow"]},{"damage_healed":0.0,"max_hp_gain":0.0,"max_hp_loss":0.0,"gold_gain":0.0,"event_name":"The Cleric","player_choice":"Leave","floor":5.0,"gold_loss":0.0,"damage_taken":0.0},{"damage_healed":0.0,"max_hp_gain":0.0,"max_hp_loss":0.0,"gold_gain":0.0,"event_name":"Forgotten Altar","player_choice":"Gave Idol","floor":19.0,"relics_lost":["Golden Idol"],"gold_loss":0.0,"damage_taken":0.0,"relics_obtained":["Bloody Idol"]},{"damage_healed":0.0,"max_hp_gain":0.0,"max_hp_loss":0.0,"gold_gain":0.0,"event_name":"The Mausoleum","player_choice":"Ignored","floor":21.0,"gold_loss":0.0,"damage_taken":0.0},{"damage_healed":0.0,"max_hp_gain":0.0,"max_hp_loss":0.0,"gold_gain":0.0,"event_name":"Masked Bandits","player_choice":"Fought Bandits","floor":22.0,"gold_loss":0.0,"damage_taken":0.0}],"is_beta":false,"boss_relics":[{"not_picked":["Fusion Hammer","Orrery"],"picked":"Runic Pyramid"}],"items_purged_floors":[13],"is_endless":false,"potions_floor_spawned":[7,12,20],"killed_by":"Book of Stabbing","ascension_level":20}