{"gold_per_floor":[112,112,112,11,27,58,58,133,185,185,185,185,202,221,221,292,292,309,45,0,0,11,41,41,41,41,57,68,68,80,90,90,169,169,181,181,56,56,69,94,206,245,307,319,331,374,386,193,193,193,193,193,193,18,43,43],"floor_reached":57,"playtime":2962,"items_purged":["Defend_G","Strike_G","Strike_G","Strike_G","Strike_G"],"score":3308,"play_id":"7ad89daa-1922-421d-b599-78c944e9aca7","local_time":"20190221023044","is_ascension_mode":true,"campfire_choices":[{"data":"Skewer","floor":11,"key":"SMITH"},{"data":"Noxious Fumes","floor":15,"key":"SMITH"},{"floor":25,"key":"REST"},{"floor":29,"key":"REST"},{"data":"Tactician","floor":32,"key":"SMITH"},{"data":"Acrobatics","floor":44,"key":"SMITH"},{"floor":49,"key":"RECALL"},{"data":"Footwork","floor":53,"key":"SMITH"}],"neow_cost":"NONE","seed_source_timestamp":560136148439500,"circlet_count":0,"master_deck":["AscendersBane","Defend_G","Defend_G","Defend_G","Defend_G","Survivor","Neutralize","Backflip","Escape Plan","Venomology","Noxious Fumes+1","Noxious Fumes","Adrenaline","Backflip","Footwork+1","Tactician+1","Acrobatics+1","Prepared","Grand Finale","Reflex+1","Acrobatics","Malaise","Tactician+1","Prepared+1","Blur+1"],"relics":["Ring of the Snake","NeowsBlessing","Happy Flower","Gremlin Horn","Bag of Preparation","Mercury Hourglass","Black Star","Snake Skull","Shuriken","Ornamental Fan","Pantograph","Orrery","MawBank","Mummified Hand","Gambling Chip","Question Card","Toxic Egg 2","Molten Egg 2","Sundial","Blue Candle"],"potions_floor_usage":[16,16,16,23,28,28,28,31,33,33,33,33,40,40,40,42,42,46,46,46,51,56,56],"damage_taken":[{"damage":0,"enemies":"Cultist","floor":1,"turns":1},{"damage":0,"enemies":"Small Slimes","floor":5,"turns":1},{"damage":0,"enemies":"3 Sentries","floor":6,"turns":2},{"damage":0,"enemies":"Jaw Worm","floor":13,"turns":3},{"damage":8,"enemies":"Blue Slaver","floor":14,"turns":3},{"damage":21,"enemies":"Hexaghost","floor":16,"turns":9},{"damage":7,"enemies":"3 Byrds","floor":18,"turns":4},{"damage":5,"enemies":"2 Thieves","floor":22,"turns":4},{"damage":22,"enemies":"Book of Stabbing","floor":23,"turns":6},{"damage":18,"enemies":"Snake Plant","floor":27,"turns":3},{"damage":9,"enemies":"Shelled Parasite and Fungi","floor":28,"turns":4},{"damage":0,"enemies":"Centurion and Healer","floor":30,"turns":6},{"damage":11,"enemies":"Snake Plant","floor":31,"turns":5},{"damage":2,"enemies":"Automaton","floor":33,"turns":10},{"damage":1,"enemies":"3 Shapes","floor":35,"turns":5},{"damage":0,"enemies":"Orb Walker","floor":39,"turns":4},{"damage":16,"enemies":"Reptomancer","floor":40,"turns":6},{"damage":7,"enemies":"Mind Bloom Boss Battle","floor":41,"turns":8},{"damage":33,"enemies":"Giant Head","floor":42,"turns":8},{"damage":0,"enemies":"Nemesis","floor":46,"turns":1},{"damage":0,"enemies":"Donu and Deca","floor":50,"turns":3},{"damage":0,"enemies":"Awakened One","floor":51,"turns":4},{"damage":0,"enemies":"Shield and Spear","floor":55,"turns":1},{"damage":1,"enemies":"The Heart","floor":56,"turns":6}],"seed_played":"6938339963579812522","potions_obtained":[{"floor":6,"key":"Weak Potion"},{"floor":18,"key":"SteroidPotion"},{"floor":23,"key":"PowerPotion"},{"floor":30,"key":"Ancient Potion"},{"floor":31,"key":"GamblersBrew"},{"floor":33,"key":"Fruit Juice"},{"floor":35,"key":"Ancient Potion"},{"floor":41,"key":"Strength Potion"},{"floor":42,"key":"GamblersBrew"}],"is_trial":false,"path_per_floor":["M","?","?","$","M","E","?","?","T","T","R","?","M","M","R","B",null,"M","$","?","?","M","E","?","R","T","M","M","R","M","M","R","B",null,"M","?","$","$","M","E","?","E","T","R","?","E","T","$","R","B","B",null,"R","$","E","B",null],"character_chosen":"THE_SILENT","items_purchased":["Backflip","Snake Skull","Block Potion"],"campfire_rested":2,"item_purchase_floors":[4,19,48],"current_hp_per_floor":[59,64,53,53,53,53,53,42,42,42,42,42,42,34,34,13,57,50,50,50,50,45,23,23,44,44,26,17,38,38,27,27,70,75,74,74,74,74,74,58,69,43,43,43,43,43,43,43,43,68,76,76,76,76,76,75],"gold":43,"neow_bonus":"THREE_ENEMY_KILL","is_prod":false,"is_daily":false,"chose_seed":false,"campfire_upgraded":5,"win_rate":0,"timestamp":1550683844,"path_taken":["M","?","?","?","?","E","?","?","T","?","R","?","M","?","R","BOSS","M","$","?","?","?","E","?","R","T","M","M","R","M","M","R","BOSS","M","?","?","$","M","E","?","E","T","R","?","E","?","?","R","BOSS","BOSS","R","$","E","BOSS"],"build_version":"2019-01-23","purchased_purges":5,"victory":true,"max_hp_per_floor":[66,71,71,71,71,71,71,71,71,71,71,71,71,71,71,71,71,71,71,71,71,71,71,71,71,71,71,71,71,71,71,71,76,76,76,76,76,76,76,76,76,76,76,76,76,76,76,76,76,76,76,76,76,76,76,76],"card_choices":[{"not_picked":["Dagger Spray","Prepared","Riddle With Holes"],"picked":"SKIP","floor":1},{"not_picked":["Prepared","Deflect"],"picked":"Escape Plan","floor":5},{"not_picked":["Eviscerate","Catalyst"],"picked":"Skewer","floor":6},{"not_picked":["Dodge and Roll","Caltrops"],"picked":"Noxious Fumes","floor":13},{"not_picked":["Sucker Punch","Skewer"],"picked":"Noxious Fumes","floor":14},{"not_picked":["Doppelganger","Venomology"],"picked":"Adrenaline","floor":16},{"not_picked":["Poisoned Stab","Deadly Poison","Predator"],"picked":"SKIP","floor":18},{"not_picked":["Prepared","Deadly Poison"],"picked":"Footwork","floor":22},{"not_picked":["Dagger Throw","Bane","Flying Knee"],"picked":"SKIP","floor":23},{"not_picked":["Dagger Throw","Sucker Punch","Blade Dance"],"picked":"SKIP","floor":27},{"not_picked":["Dagger Throw","Sucker Punch","Blade Dance"],"picked":"SKIP","floor":27},{"not_picked":["Finisher+1","Blur"],"picked":"Tactician","floor":28},{"not_picked":["All Out Attack","Deflect+1"],"picked":"Acrobatics","floor":30},{"not_picked":["Deadly Poison","Deflect"],"picked":"Prepared","floor":31},{"not_picked":["Bullet Time","Die Die Die"],"picked":"Grand Finale","floor":33},{"not_picked":["Deadly Poison","Prepared"],"picked":"Reflex+1","floor":34},{"not_picked":["Dagger Spray","Bouncing Flask"],"picked":"Acrobatics","floor":35},{"not_picked":["Dagger Throw","Accuracy+1"],"picked":"Malaise","floor":39},{"not_picked":["Infinite Blades+1","Storm of Steel","Slice+1"],"picked":"SKIP","floor":40},{"not_picked":["Cloak And Dagger","Eviscerate"],"picked":"Tactician+1","floor":41},{"not_picked":["Expertise","Outmaneuver","Dodge and Roll"],"picked":"SKIP","floor":42},{"not_picked":["Flechettes+1","Predator","All Out Attack"],"picked":"Prepared","floor":46},{"not_picked":["Corpse Explosion+1","Poisoned Stab+1","All Out Attack+1"],"picked":"Blur+1","floor":55}],"player_experience":4364706,"relics_obtained":[{"floor":6,"key":"Gremlin Horn"},{"floor":9,"key":"Bag of Preparation"},{"floor":10,"key":"Mercury Hourglass"},{"floor":23,"key":"Shuriken"},{"floor":23,"key":"Ornamental Fan"},{"floor":26,"key":"Pantograph"},{"floor":40,"key":"MawBank"},{"floor":40,"key":"Mummified Hand"},{"floor":41,"key":"Gambling Chip"},{"floor":42,"key":"Question Card"},{"floor":46,"key":"Toxic Egg 2"},{"floor":46,"key":"Molten Egg 2"},{"floor":47,"key":"Sundial"},{"floor":55,"key":"Blue Candle"}],"event_choices":[{"damage_healed":0,"gold_gain":0,"player_choice":"Donut","damage_taken":0,"max_hp_gain":5,"max_hp_loss":0,"event_name":"Big Fish","floor":2,"gold_loss":0},{"damage_healed":0,"gold_gain":0,"player_choice":"Success","damage_taken":11,"relics_obtained":["Happy Flower"],"max_hp_gain":0,"max_hp_loss":0,"event_name":"Scrap Ooze","floor":3,"gold_loss":0},{"damage_healed":0,"gold_gain":0,"player_choice":"Ignored","damage_taken":0,"max_hp_gain":0,"max_hp_loss":0,"event_name":"Liars Game","floor":7,"gold_loss":0},{"damage_healed":0,"gold_gain":75,"player_choice":"Gather Gold","damage_taken":11,"max_hp_gain":0,"max_hp_loss":0,"event_name":"World of Goop","floor":8,"gold_loss":0},{"damage_healed":0,"gold_gain":0,"cards_transformed":["Strike_G"],"player_choice":"Transformed","damage_taken":0,"max_hp_gain":0,"max_hp_loss":0,"event_name":"Transmorgrifier","floor":12,"gold_loss":0,"cards_obtained":["Venomology"]},{"damage_healed":0,"gold_gain":0,"player_choice":"Paid Fearfully","damage_taken":0,"max_hp_gain":0,"max_hp_loss":0,"event_name":"Masked Bandits","floor":20,"gold_loss":45},{"damage_healed":0,"gold_gain":0,"player_choice":"Read","damage_taken":0,"max_hp_gain":0,"max_hp_loss":0,"event_name":"The Library","floor":21,"gold_loss":0,"cards_obtained":["Backflip"]},{"damage_healed":0,"gold_gain":0,"player_choice":"Ignored","damage_taken":0,"max_hp_gain":0,"max_hp_loss":0,"event_name":"Beggar","floor":24,"gold_loss":0},{"damage_healed":0,"gold_gain":0,"player_choice":"0 cards matched","damage_taken":0,"max_hp_gain":0,"max_hp_loss":0,"event_name":"Match and Keep!","floor":36,"gold_loss":0,"cards_obtained":[]},{"damage_healed":0,"gold_gain":0,"player_choice":"Fight","damage_taken":0,"max_hp_gain":0,"max_hp_loss":0,"event_name":"MindBloom","floor":41,"gold_loss":0},{"cards_removed":["Skewer"],"damage_healed":0,"gold_gain":0,"player_choice":"Removed Attack","damage_taken":0,"max_hp_gain":0,"max_hp_loss":0,"event_name":"Falling","floor":45,"gold_loss":0}],"is_beta":false,"boss_relics":[{"not_picked":["Sozu","Velvet Choker"],"picked":"Black Star"},{"not_picked":["Fusion Hammer","Philosopher\u0027s Stone"],"picked":"Orrery"}],"items_purged_floors":[4,19,37,48,54],"is_endless":false,"potions_floor_spawned":[6,18,23,30,31,33,35,41,42],"ascension_level":20}