{"gold_per_floor":[362,372,372,547,29,29,29,63,63,80,80,80,80,80,80,176,176,195,229,229,249,33,33,45,70,70,89,89,108,127,139,139,241,241,256,256,15,32,44,44,78,78,105,123,123,178,178,195,195,195,195,195,6,40,40],"floor_reached":56,"playtime":5314,"items_purged":["Doubt","Regret","Writhe"],"score":1225,"play_id":"f9bd0e0a-5e9e-47e5-b364-31ac9d2e8c3f","local_time":"20190308085309","is_ascension_mode":false,"campfire_choices":[{"floor":6.0,"key":"REST"},{"floor":13.0,"key":"REST"},{"floor":15.0,"key":"REST"},{"floor":23.0,"key":"REST"},{"floor":28.0,"key":"RECALL"},{"data":"Machine Learning","floor":32.0,"key":"SMITH"},{"data":"Core Surge","floor":40.0,"key":"SMITH"},{"data":"Electrodynamics","floor":42.0,"key":"SMITH"},{"data":"Good Instincts","floor":45.0,"key":"SMITH"},{"data":"Madness","floor":49.0,"key":"SMITH"},{"data":"Blizzard","floor":52.0,"key":"SMITH"}],"neow_cost":"PERCENT_DAMAGE","seed_source_timestamp":0,"circlet_count":0,"master_deck":["Strike_B","Defend_B","Defend_B","Zap+1","Dualcast+1","Reinforced Body+1","Recycle","Blizzard+1","Good Instincts+1","Glacier","Coolheaded+1","Machine Learning+1","Reinforced Body+1","Buffer+1","Reinforced Body+1","Blizzard","Coolheaded","Compile Driver+1","Loop+1","Auto Shields","Redo+1","BootSequence","BootSequence","Core Surge+1","Chaos","Redo","Madness+1","Redo+1","Steam+1","Electrodynamics+1","Leap","Sweeping Beam+1","Leap","Coolheaded"],"special_seed":0,"relics":["Cracked Core","TheAbacus","Potion Belt","Symbiotic Virus","War Paint","Lantern","Mercury Hourglass","Astrolabe","Red Mask","Tiny Chest","Centennial Puzzle","Busted Crown","Membership Card","Oddly Smooth Stone","Bag of Marbles","Mango","Runic Capacitor","Bag of Preparation"],"potions_floor_usage":[55,55,55,55],"damage_taken":[{"damage":1.0,"enemies":"2 Louse","floor":1.0,"turns":3.0},{"damage":1.0,"enemies":"Jaw Worm","floor":2.0,"turns":3.0},{"damage":32.0,"enemies":"Gremlin Nob","floor":8.0,"turns":5.0},{"damage":1.0,"enemies":"Small Slimes","floor":10.0,"turns":3.0},{"damage":19.0,"enemies":"The Guardian","floor":16.0,"turns":16.0},{"damage":1.0,"enemies":"Shell Parasite","floor":18.0,"turns":8.0},{"damage":9.0,"enemies":"Masked Bandits","floor":19.0,"turns":6.0},{"damage":0.0,"enemies":"3 Byrds","floor":21.0,"turns":6.0},{"damage":0.0,"enemies":"Cultist and Chosen","floor":24.0,"turns":7.0},{"damage":0.0,"enemies":"Sentry and Sphere","floor":27.0,"turns":8.0},{"damage":0.0,"enemies":"Snake Plant","floor":29.0,"turns":4.0},{"damage":0.0,"enemies":"Cultist and Chosen","floor":30.0,"turns":9.0},{"damage":0.0,"enemies":"3 Cultists","floor":31.0,"turns":5.0},{"damage":0.0,"enemies":"Champ","floor":33.0,"turns":15.0},{"damage":0.0,"enemies":"3 Shapes","floor":35.0,"turns":4.0},{"damage":0.0,"enemies":"Orb Walker","floor":38.0,"turns":4.0},{"damage":0.0,"enemies":"4 Shapes","floor":39.0,"turns":6.0},{"damage":9.0,"enemies":"Nemesis","floor":41.0,"turns":11.0},{"damage":5.0,"enemies":"Writhing Mass","floor":44.0,"turns":5.0},{"damage":32.0,"enemies":"2 Orb Walkers","floor":46.0,"turns":6.0},{"damage":0.0,"enemies":"Sphere and 2 Shapes","floor":48.0,"turns":4.0},{"damage":66.0,"enemies":"Donu and Deca","floor":50.0,"turns":14.0},{"damage":36.0,"enemies":"Shield and Spear","floor":54.0,"turns":10.0},{"damage":36,"enemies":"The Heart","floor":55,"turns":9}],"seed_played":"-7930726982661821281","potions_obtained":[{"floor":8.0,"key":"Fire Potion"},{"floor":16.0,"key":"LiquidBronze"},{"floor":19.0,"key":"LiquidBronze"},{"floor":24.0,"key":"LiquidBronze"},{"floor":27.0,"key":"LiquidBronze"},{"floor":29.0,"key":"SteroidPotion"},{"floor":33.0,"key":"Explosive Potion"},{"floor":41.0,"key":"Fire Potion"}],"is_trial":false,"path_per_floor":["M","M","?","?","$","R","?","E","T","M","?","$","R","?","R","B",null,"M","?","?","M","$","R","M","T","T","M","R","M","M","M","R","B",null,"M","?","$","M","M","R","E","R","T","M","R","?","?","M","R","B",null,"R","$","E","B",null],"character_chosen":"DEFECT","items_purchased":["TheAbacus","Potion Belt","Good Instincts","Tiny Chest","Membership Card","Madness","Runic Capacitor","Dexterity Potion"],"campfire_rested":4,"item_purchase_floors":[5,5,5,22,37,37,53,53],"current_hp_per_floor":[53,52,52,52,52,74,74,42,42,41,26,26,48,41,63,44,75,74,65,51,51,51,75,75,75,75,75,75,75,75,75,75,75,80,80,80,80,80,80,80,71,71,71,66,66,48,72,72,72,6,94,94,94,58,22],"gold":40,"neow_bonus":"TWO_FIFTY_GOLD","is_prod":false,"is_daily":false,"chose_seed":false,"campfire_upgraded":6,"win_rate":0,"timestamp":1552002789,"path_taken":["M","M","?","?","$","R","?","E","T","M","?","$","R","?","R","BOSS","M","?","?","M","?","R","M","?","T","?","R","M","M","?","R","BOSS","M","?","$","?","M","R","E","R","T","M","R","?","?","M","R","BOSS","R","$","E","BOSS"],"build_version":"2019-01-23","purchased_purges":3,"victory":true,"max_hp_per_floor":[75,75,75,75,75,75,75,75,75,75,75,75,75,75,75,75,75,75,75,80,80,80,80,80,80,80,80,80,80,80,80,80,80,80,80,80,80,80,80,80,80,80,80,80,80,94,94,94,94,94,94,94,94,94,94],"card_choices":[{"not_picked":["Beam Cell","Ball Lightning"],"picked":"Reinforced Body","floor":1.0},{"not_picked":["Rebound","Hologram"],"picked":"Recycle","floor":2.0},{"not_picked":["Sunder","Ball Lightning"],"picked":"Glacier","floor":8.0},{"not_picked":["Beam Cell","Darkness"],"picked":"Coolheaded","floor":10.0},{"not_picked":["Seek","Thunder Strike"],"picked":"Machine Learning","floor":16.0},{"not_picked":["Stack+1","Reinforced Body"],"picked":"Blizzard","floor":18.0},{"not_picked":["Darkness","Go for the Eyes+1"],"picked":"Coolheaded","floor":19.0},{"not_picked":["Turbo","Steam"],"picked":"Compile Driver+1","floor":21.0},{"not_picked":["Gash","Hologram"],"picked":"Loop+1","floor":24.0},{"not_picked":["Leap","Steam"],"picked":"Auto Shields","floor":27.0},{"not_picked":["Auto Shields","Conserve Battery"],"picked":"Redo+1","floor":29.0},{"not_picked":["Beam Cell","Skim"],"picked":"BootSequence","floor":30.0},{"not_picked":["Skim","Sweeping Beam"],"picked":"BootSequence","floor":31.0},{"not_picked":["All For One","Thunder Strike"],"picked":"Core Surge","floor":33.0},{"not_picked":[],"picked":"Chaos","floor":35.0},{"not_picked":[],"picked":"Redo+1","floor":38.0},{"not_picked":[],"picked":"Steam+1","floor":39.0},{"not_picked":[],"picked":"Electrodynamics","floor":41.0},{"not_picked":[],"picked":"Leap","floor":44.0},{"not_picked":[],"picked":"Sweeping Beam+1","floor":46.0},{"not_picked":[],"picked":"Leap","floor":48.0},{"not_picked":[],"picked":"Coolheaded","floor":54.0}],"player_experience":1045337,"relics_obtained":[{"floor":8.0,"key":"War Paint"},{"floor":9.0,"key":"Lantern"},{"floor":19.0,"key":"Red Mask"},{"floor":25.0,"key":"Centennial Puzzle"},{"floor":41.0,"key":"Oddly Smooth Stone"},{"floor":43.0,"key":"Bag of Marbles"},{"floor":46.0,"key":"Mango"},{"floor":54.0,"key":"Bag of Preparation"}],"event_choices":[{"damage_healed":0.0,"max_hp_gain":0.0,"max_hp_loss":0.0,"gold_gain":0.0,"cards_transformed":["Strike_B"],"event_name":"Living Wall","player_choice":"Change","floor":3.0,"gold_loss":0.0,"damage_taken":0.0,"cards_obtained":["Blizzard"]},{"damage_healed":0.0,"max_hp_gain":0.0,"max_hp_loss":0.0,"gold_gain":175.0,"event_name":"Liars Game","player_choice":"AGREE","floor":4.0,"gold_loss":0.0,"damage_taken":0.0,"cards_obtained":["Doubt"]},{"damage_healed":0.0,"max_hp_gain":0.0,"max_hp_loss":0.0,"gold_gain":0.0,"event_name":"Big Fish","player_choice":"Box","floor":7.0,"gold_loss":0.0,"damage_taken":0.0,"relics_obtained":["Symbiotic Virus"],"cards_obtained":["Regret"]},{"damage_healed":0.0,"max_hp_gain":0.0,"max_hp_loss":0.0,"gold_gain":0.0,"event_name":"Shining Light","player_choice":"Entered Light","floor":11.0,"gold_loss":0.0,"damage_taken":15.0,"cards_upgraded":["Dualcast","Coolheaded"]},{"damage_healed":0.0,"max_hp_gain":0.0,"max_hp_loss":0.0,"gold_gain":0.0,"event_name":"Scrap Ooze","player_choice":"Success","floor":14.0,"gold_loss":0.0,"damage_taken":7.0,"relics_obtained":["Mercury Hourglass"]},{"damage_healed":0.0,"max_hp_gain":0.0,"max_hp_loss":0.0,"gold_gain":0.0,"event_name":"Masked Bandits","player_choice":"Fought Bandits","floor":19.0,"gold_loss":0.0,"damage_taken":0.0},{"damage_healed":0.0,"max_hp_gain":5.0,"max_hp_loss":0.0,"gold_gain":0.0,"event_name":"Forgotten Altar","player_choice":"Shed Blood","floor":20.0,"gold_loss":0.0,"damage_taken":19.0},{"damage_healed":0.0,"max_hp_gain":0.0,"max_hp_loss":0.0,"gold_gain":0.0,"cards_transformed":["Strike_B"],"event_name":"Transmorgrifier","player_choice":"Transformed","floor":36.0,"gold_loss":0.0,"damage_taken":0.0,"cards_obtained":["Redo"]},{"damage_healed":0.0,"max_hp_gain":0.0,"max_hp_loss":0.0,"gold_gain":0.0,"event_name":"Mysterious Sphere","player_choice":"Fight","floor":46.0,"gold_loss":0.0,"damage_taken":0.0},{"damage_healed":24.0,"max_hp_gain":0.0,"max_hp_loss":0.0,"gold_gain":0.0,"event_name":"Winding Halls","player_choice":"Writhe","floor":47.0,"gold_loss":0.0,"damage_taken":0.0,"cards_obtained":["Writhe"]}],"is_beta":false,"boss_relics":[{"not_picked":["Black Star","Coffee Dripper"],"picked":"Astrolabe"},{"not_picked":["Pandora\u0027s Box","Lizard Tail"],"picked":"Busted Crown"}],"items_purged_floors":[5,22,53],"is_endless":false,"potions_floor_spawned":[8,16,19,24,27,29,33,41,44],"ascension_level":0}