{"gold_per_floor":[109,34,34,46,46,46,7,26,73,101,120,140,44,56,56,132,132,151,151,64,81,81,81,99,99,170,170,183,203,267,278,278,278],"floor_reached":33,"playtime":896,"items_purged":["Doubt"],"score":538,"play_id":"c3bb570e-ceb9-412c-9f28-b31eb4af6f8d","local_time":"20190211030346","daily_mods":["Diverse"],"is_ascension_mode":true,"campfire_choices":[{"floor":6,"key":"REST"},{"data":"Deadly Poison","floor":15,"key":"SMITH"},{"data":"Inflame","floor":23,"key":"SMITH"},{"data":"Heatsinks","floor":25,"key":"SMITH"},{"data":"Shockwave","floor":27,"key":"SMITH"},{"data":"Noxious Fumes","floor":32,"key":"SMITH"}],"neow_cost":"","seed_source_timestamp":0,"circlet_count":0,"master_deck":["AscendersBane","Strike_R","Strike_R","Strike_R","Strike_R","Strike_R","Defend_R","Defend_R+1","Defend_R","Defend_R","Bash","Parasite","Decay","Dash+1","Twin Strike","Seeing Red","Heatsinks+1","Deadly Poison+1","Self Repair","Backflip","Deadly Poison","Violence","Shrug It Off","Inflame+1","Shockwave+1","Noxious Fumes+1","Body Slam","Metallicize"],"relics":["Burning Blood","PrismaticShard","Calling Bell","Lantern","Mummified Hand","FossilizedHelix","Bird Faced Urn","Bronze Scales","Letter Opener","Coffee Dripper","Sundial","Tiny Chest"],"potions_floor_usage":[11,12,16,33,33],"damage_taken":[{"damage":9,"enemies":"Jaw Worm","floor":1,"turns":6},{"damage":0,"enemies":"2 Louse","floor":4,"turns":3},{"damage":0,"enemies":"Cultist","floor":8,"turns":4},{"damage":27,"enemies":"3 Sentries","floor":10,"turns":10},{"damage":0,"enemies":"Exordium Thugs","floor":11,"turns":3},{"damage":18,"enemies":"Gremlin Gang","floor":12,"turns":4},{"damage":0,"enemies":"Looter","floor":14,"turns":3},{"damage":30,"enemies":"The Guardian","floor":16,"turns":10},{"damage":7,"enemies":"Shell Parasite","floor":18,"turns":4},{"damage":21,"enemies":"Chosen","floor":21,"turns":5},{"damage":8,"enemies":"Snake Plant","floor":24,"turns":3},{"damage":13,"enemies":"Cultist and Chosen","floor":28,"turns":6},{"damage":19,"enemies":"Shelled Parasite and Fungi","floor":29,"turns":5},{"damage":43,"enemies":"Book of Stabbing","floor":30,"turns":5},{"damage":0,"enemies":"Snecko","floor":31,"turns":4},{"damage":106,"enemies":"Champ","floor":33,"turns":10}],"seed_played":"-6021391971322011799","potions_obtained":[{"floor":1,"key":"Poison Potion"},{"floor":10,"key":"Block Potion"},{"floor":12,"key":"FearPotion"},{"floor":14,"key":"BloodPotion"},{"floor":18,"key":"SpeedPotion"}],"is_trial":true,"path_per_floor":["M","$","?","M","?","R","$","M","T","E","M","M","$","M","R","B",null,"M","?","$","M","$","R","M","R","T","R","M","M","E","M","R","B"],"character_chosen":"IRONCLAD","items_purchased":["Seeing Red","Self Repair","Backflip","Inflame"],"campfire_rested":1,"item_purchase_floors":[7,13,13,20],"current_hp_per_floor":[65,65,39,45,22,44,44,50,50,31,39,29,29,46,46,33,65,75,75,75,67,67,67,67,67,67,67,73,73,51,72,72,0],"gold":278,"neow_bonus":"","is_prod":false,"is_daily":false,"chose_seed":false,"campfire_upgraded":5,"win_rate":0,"timestamp":1549821826,"path_taken":["M","$","?","M","?","R","?","M","T","E","M","M","$","M","R","BOSS","M","?","$","M","?","R","M","R","T","R","M","M","E","?","R","BOSS"],"build_version":"2019-01-23","purchased_purges":1,"victory":false,"max_hp_per_floor":[75,75,75,75,75,75,75,75,75,75,75,75,75,75,75,75,75,75,75,75,75,75,75,75,75,75,75,75,75,75,75,75,75],"card_choices":[{"not_picked":["Leg Sweep","Bane"],"picked":"Dash","floor":1},{"not_picked":["Thunderclap","Hemokinesis"],"picked":"Twin Strike","floor":4},{"not_picked":["Panache","Twin Strike"],"picked":"Heatsinks","floor":8},{"not_picked":["Entrench","Streamline","Stack"],"picked":"SKIP","floor":10},{"not_picked":["Clash","Dagger Spray"],"picked":"Deadly Poison","floor":11},{"not_picked":["Setup","Compile Driver","Anger"],"picked":"SKIP","floor":12},{"not_picked":["Phantasmal Killer","Twin Strike"],"picked":"Deadly Poison","floor":14},{"not_picked":["Glass Knife","Reboot"],"picked":"Violence","floor":16},{"not_picked":["Redo+1","Bane"],"picked":"Shrug It Off","floor":18},{"not_picked":["Whirlwind","Intimidate","Blizzard"],"picked":"SKIP","floor":21},{"not_picked":["Stack","Outmaneuver"],"picked":"Shockwave","floor":24},{"not_picked":["Acrobatics","Barrage"],"picked":"Noxious Fumes","floor":28},{"not_picked":["Stack","Dagger Spray","Scrape"],"picked":"SKIP","floor":29},{"not_picked":["Body Slam","Sucker Punch","Turbo"],"picked":"SKIP","floor":30},{"not_picked":["Sucker Punch","Turbo"],"picked":"Body Slam","floor":30},{"not_picked":["Sunder","Blur"],"picked":"Metallicize","floor":31}],"player_experience":4259999,"relics_obtained":[{"floor":0,"key":"Lantern"},{"floor":0,"key":"Mummified Hand"},{"floor":0,"key":"FossilizedHelix"},{"floor":9,"key":"Bronze Scales"},{"floor":10,"key":"Letter Opener"},{"floor":26,"key":"Sundial"},{"floor":30,"key":"Tiny Chest"}],"event_choices":[{"damage_healed":0,"gold_gain":0,"player_choice":"Success","damage_taken":26,"relics_obtained":["Bird Faced Urn"],"max_hp_gain":0,"max_hp_loss":0,"event_name":"Scrap Ooze","floor":3,"gold_loss":0},{"damage_healed":0,"gold_gain":0,"player_choice":"Entered Light","damage_taken":23,"max_hp_gain":0,"max_hp_loss":0,"event_name":"Shining Light","floor":5,"gold_loss":0,"cards_upgraded":["Defend_R","Dash"]},{"damage_healed":0,"gold_gain":0,"player_choice":"Got Potions","damage_taken":0,"max_hp_gain":0,"max_hp_loss":0,"event_name":"Lab","floor":19,"gold_loss":0}],"is_beta":false,"boss_relics":[{"not_picked":["Lizard Tail","Eternal Feather"],"picked":"Coffee Dripper"}],"items_purged_floors":[2],"is_endless":false,"potions_floor_spawned":[1,10,12,14,18,29,30],"killed_by":"Champ","ascension_level":20}