{"gold_per_floor":[116,136,151,161,171,171,185,46,46,57,132,149,163,193,193,193],"floor_reached":16,"playtime":571,"items_purged":[],"score":147,"play_id":"893e03ba-68cf-4279-9c36-ee6248063c28","local_time":"20190305125923","is_ascension_mode":true,"campfire_choices":[{"data":"Combust","floor":6.0,"key":"SMITH"},{"floor":15,"key":"REST"}],"neow_cost":"CURSE","seed_source_timestamp":11016407787600,"circlet_count":0,"master_deck":["AscendersBane","Strike_R","Strike_R","Strike_R","Strike_R","Strike_R","Defend_R","Defend_R","Defend_R","Defend_R","Bash","Shame","Feel No Pain","Combust+1","Heavy Blade","Bloodletting","Immolate","Demon Form","Evolve","Battle Trance","Seeing Red"],"special_seed":0,"relics":["Burning Blood","Thread and Needle","Matryoshka","Tiny Chest"],"potions_floor_usage":[16],"damage_taken":[{"damage":8.0,"enemies":"Small Slimes","floor":1.0,"turns":4.0},{"damage":5.0,"enemies":"2 Louse","floor":2.0,"turns":2.0},{"damage":1.0,"enemies":"Cultist","floor":3.0,"turns":3.0},{"damage":25.0,"enemies":"Exordium Thugs","floor":4.0,"turns":5.0},{"damage":12.0,"enemies":"Red Slaver","floor":5.0,"turns":3.0},{"damage":2.0,"enemies":"3 Louse","floor":7.0,"turns":3.0},{"damage":8.0,"enemies":"Large Slime","floor":10.0,"turns":4.0},{"damage":8,"enemies":"Blue Slaver","floor":12,"turns":4},{"damage":17,"enemies":"Looter","floor":13,"turns":3},{"damage":57,"enemies":"The Guardian","floor":16,"turns":7}],"seed_played":"-4749328902729417735","potions_obtained":[{"floor":3.0,"key":"Explosive Potion"},{"floor":5.0,"key":"GamblersBrew"},{"floor":7.0,"key":"Strength Potion"}],"is_trial":false,"path_per_floor":["M","M","M","M","M","R","M","$","T","M","?","M","M","?","R","B"],"character_chosen":"IRONCLAD","items_purchased":["Demon Form"],"campfire_rested":1,"item_purchase_floors":[8],"current_hp_per_floor":[70,71,76,57,51,51,55,55,55,53,42,40,29,29,53,0],"gold":193,"neow_bonus":"ONE_RARE_RELIC","is_prod":false,"is_daily":false,"chose_seed":false,"campfire_upgraded":1,"win_rate":0,"timestamp":1551758363,"path_taken":["M","M","M","M","M","R","M","$","T","M","?","M","M","?","R","BOSS"],"build_version":"2019-01-23","purchased_purges":0,"victory":false,"max_hp_per_floor":[80,80,80,80,80,80,80,80,80,80,80,80,80,80,80,80],"card_choices":[{"not_picked":["True Grit","Anger"],"picked":"Feel No Pain","floor":1.0},{"not_picked":["Pommel Strike","Thunderclap"],"picked":"Combust","floor":2.0},{"not_picked":["Heavy Blade","Entrench","Perfected Strike"],"picked":"SKIP","floor":3.0},{"not_picked":["Entrench","Perfected Strike"],"picked":"Heavy Blade","floor":3.0},{"not_picked":["Cleave","Clash"],"picked":"Bloodletting","floor":4.0},{"not_picked":["Warcry","Body Slam"],"picked":"Immolate","floor":5.0},{"not_picked":["Clash","Wild Strike","Anger"],"picked":"SKIP","floor":7.0},{"not_picked":["Body Slam","Dark Embrace"],"picked":"Evolve","floor":10.0},{"not_picked":["Cleave","Thunderclap"],"picked":"Battle Trance","floor":12},{"not_picked":["Havoc","Heavy Blade"],"picked":"Seeing Red","floor":13}],"player_experience":232412,"relics_obtained":[{"floor":9.0,"key":"Matryoshka"}],"event_choices":[{"damage_healed":0.0,"max_hp_gain":0.0,"max_hp_loss":0.0,"gold_gain":75.0,"event_name":"World of Goop","player_choice":"Gather Gold","floor":11.0,"gold_loss":0.0,"damage_taken":11.0},{"damage_healed":0,"gold_gain":0,"player_choice":"Gave Potion","damage_taken":0,"relics_obtained":["Tiny Chest"],"max_hp_gain":0,"max_hp_loss":0,"event_name":"WeMeetAgain","floor":14,"gold_loss":0}],"is_beta":false,"boss_relics":[],"items_purged_floors":[],"is_endless":false,"potions_floor_spawned":[3,5,7],"killed_by":"The Guardian","ascension_level":10}