{"gold_per_floor":[117,267,20,32,44,77,92,118,118,118,128,160,171,198,198,273,273,291,291,310,78,78,78,104,117,164,176,176,193,207,233,233,305,355,371,261,275,275,275,275,289,289,289,389,389,409,106,133,133,133,133],"floor_reached":51,"playtime":2102,"items_purged":["Doubt","Strike_G+1","Strike_G+1"],"score":1494,"play_id":"c1a789f3-0e09-4b1e-a14c-bd82890b3be4","local_time":"20190222034106","is_ascension_mode":true,"campfire_choices":[{"data":"Bane","floor":10.0,"key":"SMITH"},{"data":"Terror","floor":15.0,"key":"SMITH"},{"data":"1","floor":23.0,"key":"LIFT"},{"data":"2","floor":28,"key":"LIFT"},{"floor":32,"key":"REST"},{"data":"3","floor":40,"key":"LIFT"},{"floor":42,"key":"RECALL"},{"floor":49,"key":"REST"}],"neow_cost":"NONE","seed_source_timestamp":651620532299100,"circlet_count":0,"master_deck":["AscendersBane","Defend_G+1","Defend_G+1","Defend_G+1","Strike_G+1","Strike_G+1","Survivor","Neutralize","Poisoned Stab","Dagger Spray","Bane+1","Adrenaline","Poisoned Stab","Backflip+1","Masterful Stab","Terror+1","Grand Finale","Backstab","Blade Dance+1","Well Laid Plans+1","Caltrops+1","Backflip","Cloak And Dagger","Quick Slash+1","Backflip","Footwork","Adrenaline","Outmaneuver+1","Crippling Poison+1","Bane","Dark Shackles","Blind","PiercingWail+1","Catalyst","Expertise+1"],"special_seed":0,"relics":["Empty Cage","Membership Card","Meat on the Bone","Bottled Lightning","Paper Crane","Happy Flower","Shuriken","Sozu","Girya","Shovel","Strawberry","Ancient Tea Set","Tiny House","Prayer Wheel","Snake Skull","Strange Spoon","Anchor"],"potions_floor_usage":[],"damage_taken":[{"damage":2.0,"enemies":"Small Slimes","floor":1.0,"turns":6.0},{"damage":0.0,"enemies":"Jaw Worm","floor":4.0,"turns":6.0},{"damage":0.0,"enemies":"Cultist","floor":5.0,"turns":3.0},{"damage":31.0,"enemies":"Lagavulin","floor":6.0,"turns":8.0},{"damage":6.0,"enemies":"Lots of Slimes","floor":7.0,"turns":3.0},{"damage":13.0,"enemies":"Gremlin Nob","floor":8.0,"turns":4.0},{"damage":1.0,"enemies":"Looter","floor":11.0,"turns":2.0},{"damage":27.0,"enemies":"3 Sentries","floor":12.0,"turns":9.0},{"damage":0.0,"enemies":"Red Slaver","floor":13.0,"turns":2.0},{"damage":18.0,"enemies":"Gremlin Nob","floor":14.0,"turns":4.0},{"damage":11.0,"enemies":"Slime Boss","floor":16.0,"turns":7.0},{"damage":10.0,"enemies":"2 Thieves","floor":18.0,"turns":3.0},{"damage":0.0,"enemies":"Chosen","floor":20.0,"turns":3.0},{"damage":21.0,"enemies":"Slavers","floor":24.0,"turns":5.0},{"damage":15.0,"enemies":"Shelled Parasite and Fungi","floor":25.0,"turns":4.0},{"damage":7.0,"enemies":"Centurion and Healer","floor":27.0,"turns":4.0},{"damage":18,"enemies":"Snecko","floor":29,"turns":4},{"damage":24,"enemies":"Snake Plant","floor":30,"turns":3},{"damage":14,"enemies":"Gremlin Leader","floor":31,"turns":4},{"damage":22,"enemies":"Collector","floor":33,"turns":6},{"damage":5,"enemies":"3 Shapes","floor":35,"turns":11},{"damage":0,"enemies":"3 Darklings","floor":37,"turns":4},{"damage":0,"enemies":"Maw","floor":41,"turns":5},{"damage":8,"enemies":"Mind Bloom Boss Battle","floor":44,"turns":6},{"damage":8,"enemies":"Sphere and 2 Shapes","floor":46,"turns":8},{"damage":5,"enemies":"Giant Head","floor":48,"turns":5},{"damage":59,"enemies":"Time Eater","floor":50,"turns":12},{"damage":24,"enemies":"Donu and Deca","floor":51,"turns":2}],"seed_played":"8364741706256389505","potions_obtained":[{"floor":5.0,"key":"AttackPotion"},{"floor":6.0,"key":"AttackPotion"},{"floor":13.0,"key":"Weak Potion"},{"floor":14.0,"key":"SneckoOil"},{"floor":16.0,"key":"Dexterity Potion"}],"is_trial":false,"path_per_floor":["M","?","$","M","M","E","M","E","T","R","M","E","M","E","R","B",null,"M","?","M","$","?","R","E","M","T","M","R","M","M","E","R","B",null,"M","?","M","?","?","R","M","R","T","?","?","M","$","E","R","B","B"],"character_chosen":"THE_SILENT","items_purchased":["Membership Card","Well Laid Plans","Girya","Snake Skull","Strange Spoon","Catalyst"],"campfire_rested":2,"item_purchase_floors":[3,21,21,47,47,47],"current_hp_per_floor":[57,57,57,57,57,26,32,31,31,31,42,27,39,33,33,34,58,48,48,48,48,48,48,39,36,43,48,48,42,30,28,49,39,70,65,65,65,65,65,65,65,65,65,57,47,51,51,46,69,22,0],"gold":133,"neow_bonus":"BOSS_RELIC","is_prod":false,"is_daily":false,"chose_seed":false,"campfire_upgraded":2,"win_rate":0,"timestamp":1550774466,"path_taken":["M","?","$","M","M","E","M","E","T","R","M","E","M","E","R","BOSS","M","?","M","$","?","R","E","M","T","M","R","M","M","E","R","BOSS","M","?","?","?","?","R","?","R","T","?","?","M","$","E","R","BOSS","BOSS"],"build_version":"2019-01-23","purchased_purges":3,"victory":false,"max_hp_per_floor":[66,66,66,66,66,66,66,66,66,66,66,66,66,66,66,66,66,66,66,66,66,66,66,66,66,73,73,73,73,73,73,73,73,78,78,78,78,78,78,78,78,78,78,78,78,78,78,78,78,78,78],"card_choices":[{"not_picked":["Underhanded Strike","Infinite Blades"],"picked":"Poisoned Stab","floor":1.0},{"not_picked":["Deflect","Endless Agony"],"picked":"Dagger Spray","floor":4.0},{"not_picked":["Quick Slash","Blade Dance"],"picked":"Bane","floor":5.0},{"not_picked":["Blade Dance","Acrobatics"],"picked":"Adrenaline","floor":6.0},{"not_picked":["Catalyst","Dagger Throw"],"picked":"Dash","floor":7.0},{"not_picked":["Blade Dance","Sucker Punch","Tactician"],"picked":"SKIP","floor":8.0},{"not_picked":["Cloak And Dagger","Bane"],"picked":"Poisoned Stab","floor":11.0},{"not_picked":["Cloak And Dagger","Accuracy"],"picked":"Backflip","floor":12.0},{"not_picked":["Bane","Choke"],"picked":"Masterful Stab","floor":13.0},{"not_picked":["Poisoned Stab","All Out Attack"],"picked":"Terror","floor":14.0},{"not_picked":["A Thousand Cuts","Doppelganger"],"picked":"Grand Finale","floor":16.0},{"not_picked":["Caltrops","Slice+1"],"picked":"Backstab","floor":18.0},{"not_picked":["PiercingWail","Leg Sweep"],"picked":"Blade Dance+1","floor":20.0},{"not_picked":["Dagger Throw+1","Reflex"],"picked":"Caltrops+1","floor":24.0},{"not_picked":["Terror","Tactician"],"picked":"Backflip","floor":25.0},{"not_picked":["Heel Hook+1","Noxious Fumes"],"picked":"Cloak And Dagger","floor":27.0},{"not_picked":["Flechettes","Envenom"],"picked":"Quick Slash+1","floor":29},{"not_picked":["Dodge and Roll","Outmaneuver"],"picked":"Backflip","floor":30},{"not_picked":["Sucker Punch","Well Laid Plans"],"picked":"Footwork","floor":31},{"not_picked":["Bullet Time","Glass Knife"],"picked":"Adrenaline","floor":33},{"not_picked":["Deadly Poison","Venomology"],"picked":"Outmaneuver+1","floor":35},{"not_picked":["Prepared","Quick Slash"],"picked":"Crippling Poison","floor":37},{"not_picked":["Blade Dance","Cloak And Dagger"],"picked":"Bane","floor":41},{"not_picked":["Deep Breath","Forethought"],"picked":"Dark Shackles","floor":45},{"not_picked":["Deep Breath","Flash of Steel"],"picked":"Blind","floor":45},{"not_picked":["Quick Slash","Deflect+1"],"picked":"PiercingWail+1","floor":46},{"not_picked":["Well Laid Plans","Doppelganger","Bane"],"picked":"SKIP","floor":46},{"not_picked":["Infinite Blades","All Out Attack"],"picked":"Expertise+1","floor":48}],"player_experience":4379767,"relics_obtained":[{"floor":6.0,"key":"Meat on the Bone"},{"floor":8.0,"key":"Bottled Lightning"},{"floor":9.0,"key":"Paper Crane"},{"floor":12.0,"key":"Happy Flower"},{"floor":14.0,"key":"Shuriken"},{"floor":24.0,"key":"Shovel"},{"floor":26.0,"key":"Strawberry"},{"floor":31,"key":"Ancient Tea Set"},{"floor":44,"key":"Prayer Wheel"},{"floor":48,"key":"Anchor"}],"event_choices":[{"damage_healed":0.0,"max_hp_gain":0.0,"max_hp_loss":0.0,"gold_gain":150.0,"event_name":"Liars Game","player_choice":"AGREE","floor":2.0,"gold_loss":0.0,"damage_taken":0.0,"cards_obtained":["Doubt"]},{"damage_healed":0.0,"max_hp_gain":0.0,"max_hp_loss":0.0,"gold_gain":0.0,"event_name":"Back to Basics","player_choice":"Simplicity","floor":19.0,"gold_loss":0.0,"damage_taken":0.0,"cards_upgraded":["Defend_G","Defend_G","Defend_G","Defend_G","Strike_G","Strike_G","Strike_G","Strike_G"]},{"damage_healed":0.0,"max_hp_gain":0.0,"max_hp_loss":0.0,"gold_gain":0.0,"event_name":"Lab","player_choice":"Got Potions","floor":22.0,"gold_loss":0.0,"damage_taken":0.0},{"cards_removed":["Defend_G"],"damage_healed":0,"gold_gain":0,"player_choice":"Upgrade and Remove","damage_taken":0,"max_hp_gain":0,"max_hp_loss":0,"event_name":"Designer","floor":36,"gold_loss":110,"cards_upgraded":["Well Laid Plans"]},{"cards_removed":["Dash"],"damage_healed":0,"gold_gain":0,"player_choice":"Removed Attack","damage_taken":0,"max_hp_gain":0,"max_hp_loss":0,"event_name":"Falling","floor":38,"gold_loss":0},{"damage_healed":0,"gold_gain":0,"player_choice":"Forge","damage_taken":0,"max_hp_gain":0,"max_hp_loss":0,"event_name":"Accursed Blacksmith","floor":39,"gold_loss":0,"cards_upgraded":["Crippling Poison"]},{"damage_healed":0,"gold_gain":0,"player_choice":"Fight","damage_taken":0,"max_hp_gain":0,"max_hp_loss":0,"event_name":"MindBloom","floor":44,"gold_loss":0},{"damage_healed":0,"gold_gain":0,"player_choice":"Memory 3","damage_taken":10,"max_hp_gain":0,"max_hp_loss":0,"event_name":"SensoryStone","floor":45,"gold_loss":0}],"is_beta":false,"boss_relics":[{"not_picked":["Calling Bell","Black Star"],"picked":"Sozu"},{"not_picked":["Velvet Choker","White Beast Statue"],"picked":"Tiny House"}],"items_purged_floors":[3,21,47],"is_endless":false,"potions_floor_spawned":[5,6,13,14,16,25,29,31,37,44],"killed_by":"Donu and Deca","ascension_level":20}