{"gold_per_floor":[131,160,188,250,274,286,315,358,447,459,471,483,495,541,553,642,654,677,614,626,558],"floor_reached":21,"playtime":820,"items_purged":[],"score":355,"play_id":"b7d87908-4489-45cb-b7fa-ff7a8d51e7da","local_time":"20190319124807","is_ascension_mode":true,"campfire_choices":[{"data":"Armaments","floor":6.0,"key":"SMITH"},{"floor":10,"key":"REST"},{"data":"Whirlwind","floor":12,"key":"SMITH"},{"data":"Seeing Red","floor":15,"key":"SMITH"}],"neow_cost":"NONE","seed_source_timestamp":10736868988209,"circlet_count":0,"master_deck":["AscendersBane","Strike_R","Defend_R","Defend_R","Defend_R","Bash","Iron Wave","Anger","Feel No Pain","Armaments+1","Limit Break","Whirlwind+1","Seeing Red+1","Dark Embrace","Headbutt+1","Feed+1","Second Wind+1","Heavy Blade+1","Writhe"],"special_seed":0,"relics":["Burning Blood","MawBank","Bag of Preparation","Paper Frog","Bird Faced Urn","Astrolabe","Juzu Bracelet"],"potions_floor_usage":[16,21],"damage_taken":[{"damage":11.0,"enemies":"Jaw Worm","floor":1.0,"turns":5.0},{"damage":7.0,"enemies":"Cultist","floor":2.0,"turns":4.0},{"damage":15.0,"enemies":"Small Slimes","floor":3.0,"turns":3.0},{"damage":4.0,"enemies":"2 Fungi Beasts","floor":5.0,"turns":4.0},{"damage":3.0,"enemies":"Large Slime","floor":7.0,"turns":6.0},{"damage":51,"enemies":"Gremlin Nob","floor":8,"turns":5},{"damage":22,"enemies":"3 Sentries","floor":14,"turns":8},{"damage":45,"enemies":"Slime Boss","floor":16,"turns":11},{"damage":50,"enemies":"Spheric Guardian","floor":18,"turns":8},{"damage":25,"enemies":"2 Thieves","floor":21,"turns":3}],"seed_played":"-1919626742652722575","potions_obtained":[{"floor":2.0,"key":"SneckoOil"},{"floor":8,"key":"Dexterity Potion"},{"floor":18,"key":"AttackPotion"}],"is_trial":false,"path_per_floor":["M","M","M","?","M","R","M","E","T","R","?","R","?","E","R","B",null,"M","?","?","M"],"character_chosen":"IRONCLAD","items_purchased":[],"campfire_rested":1,"item_purchase_floors":[],"current_hp_per_floor":[63,62,53,53,55,55,58,13,13,35,35,35,60,44,44,7,58,16,16,16,0],"gold":558,"neow_bonus":"RANDOM_COMMON_RELIC","is_prod":false,"is_daily":false,"chose_seed":false,"campfire_upgraded":3,"win_rate":0,"timestamp":1552967287,"path_taken":["M","M","M","?","?","R","M","E","T","R","?","R","?","E","R","BOSS","M","?","?","M"],"build_version":"2019-01-23","purchased_purges":0,"victory":false,"max_hp_per_floor":[75,75,75,75,75,75,75,75,75,75,75,75,75,75,75,75,75,75,75,75,75],"card_choices":[{"not_picked":["Wild Strike","Hemokinesis"],"picked":"Iron Wave","floor":1.0},{"not_picked":["Perfected Strike","Hemokinesis"],"picked":"Anger","floor":2.0},{"not_picked":["Warcry","Iron Wave"],"picked":"Feel No Pain","floor":3.0},{"not_picked":["Reckless Charge","Fire Breathing"],"picked":"Armaments","floor":5.0},{"not_picked":["Brutality","Intimidate","Flex"],"picked":"SKIP","floor":7.0},{"not_picked":["Clash","Sword Boomerang"],"picked":"Limit Break","floor":8},{"not_picked":["Armaments","Feel No Pain"],"picked":"Seeing Red","floor":14},{"not_picked":["Exhume","Bludgeon"],"picked":"Dark Embrace","floor":16},{"not_picked":["True Grit","Cleave"],"picked":"Heavy Blade+1","floor":18}],"player_experience":357936,"relics_obtained":[{"floor":8,"key":"Bag of Preparation"},{"floor":9,"key":"Paper Frog"},{"floor":14,"key":"Bird Faced Urn"}],"event_choices":[{"damage_healed":0.0,"max_hp_gain":0.0,"max_hp_loss":0.0,"gold_gain":50.0,"event_name":"Golden Shrine","player_choice":"Pray","floor":4.0,"gold_loss":0.0,"damage_taken":0.0},{"damage_healed":0,"gold_gain":0,"cards_transformed":["Strike_R"],"player_choice":"Change","damage_taken":0,"max_hp_gain":0,"max_hp_loss":0,"event_name":"Living Wall","floor":11,"gold_loss":0,"cards_obtained":["Whirlwind"]},{"damage_healed":25,"gold_gain":0,"player_choice":"Banana","damage_taken":0,"max_hp_gain":0,"max_hp_loss":0,"event_name":"Big Fish","floor":13,"gold_loss":0},{"cards_removed":["Defend_R"],"damage_healed":0,"gold_gain":0,"player_choice":"Gave Gold","damage_taken":0,"max_hp_gain":0,"max_hp_loss":0,"event_name":"Beggar","floor":19,"gold_loss":75},{"damage_healed":0,"gold_gain":0,"player_choice":"Opened","damage_taken":0,"relics_obtained":["Juzu Bracelet"],"max_hp_gain":0,"max_hp_loss":0,"event_name":"The Mausoleum","floor":20,"gold_loss":0,"cards_obtained":["Writhe"]}],"is_beta":false,"boss_relics":[{"not_picked":["White Beast Statue","Empty Cage"],"picked":"Astrolabe"}],"items_purged_floors":[],"is_endless":false,"potions_floor_spawned":[2,8,18],"killed_by":"2 Thieves","ascension_level":18}