{"gold_per_floor":[109,109,119,129,129,129,149,160,160,160,172,191,33,52,52,52],"floor_reached":16,"playtime":1170,"items_purged":["Strike_R"],"score":178,"play_id":"cd8ab56f-b6d7-4f5a-9c8c-dabfb190dfc5","local_time":"20190313133121","is_ascension_mode":true,"campfire_choices":[{"data":"Body Slam","floor":6,"key":"SMITH"},{"data":"Infernal Blade","floor":10,"key":"SMITH"},{"data":"Power Through","floor":15,"key":"SMITH"}],"neow_cost":"NONE","seed_source_timestamp":12321307861874,"circlet_count":0,"master_deck":["AscendersBane","Strike_R","Strike_R","Strike_R","Defend_R","Defend_R","Defend_R","Defend_R","Bash","Madness","Power Through","Battle Trance","Burning Pact","Body Slam+1","Iron Wave","Infernal Blade+1","Metallicize","Spot Weakness","Spot Weakness","Power Through+1"],"relics":["Burning Blood","Juzu Bracelet","Letter Opener"],"potions_floor_usage":[11,16,16],"damage_taken":[{"damage":12,"enemies":"2 Louse","floor":1,"turns":3},{"damage":6,"enemies":"Cultist","floor":3,"turns":4},{"damage":6,"enemies":"Small Slimes","floor":4,"turns":5},{"damage":0,"enemies":"Red Slaver","floor":7,"turns":3},{"damage":21,"enemies":"Exordium Thugs","floor":8,"turns":5},{"damage":2,"enemies":"3 Louse","floor":11,"turns":3},{"damage":1,"enemies":"2 Fungi Beasts","floor":12,"turns":2},{"damage":11,"enemies":"Looter","floor":14,"turns":2},{"damage":65,"enemies":"Slime Boss","floor":16,"turns":9}],"seed_played":"753477737965053681","potions_obtained":[{"floor":3,"key":"SkillPotion"},{"floor":8,"key":"PowerPotion"},{"floor":11,"key":"Dexterity Potion"},{"floor":12,"key":"Regen Potion"}],"is_trial":false,"path_per_floor":["M","?","M","M","?","R","M","M","T","R","M","M","$","M","R","B"],"character_chosen":"IRONCLAD","items_purchased":["Spot Weakness"],"campfire_rested":0,"item_purchase_floors":[13],"current_hp_per_floor":[62,62,62,62,51,51,57,42,42,42,46,51,51,46,46,0],"gold":52,"neow_bonus":"RANDOM_COLORLESS","is_prod":false,"is_daily":false,"chose_seed":false,"campfire_upgraded":3,"win_rate":0,"timestamp":1552451481,"path_taken":["M","?","M","?","?","R","M","M","T","R","M","M","$","M","R","BOSS"],"build_version":"2019-01-23","purchased_purges":1,"victory":false,"max_hp_per_floor":[75,75,75,75,75,75,75,75,75,75,75,75,75,75,75,75],"card_choices":[{"not_picked":["Shrug It Off","Sword Boomerang"],"picked":"Power Through","floor":1},{"not_picked":["Shrug It Off","Twin Strike"],"picked":"Burning Pact","floor":3},{"not_picked":["Heavy Blade","Armaments"],"picked":"Body Slam","floor":4},{"not_picked":["Twin Strike","Blood for Blood"],"picked":"Iron Wave","floor":7},{"not_picked":["Clash","Clothesline"],"picked":"Infernal Blade","floor":8},{"not_picked":["Heavy Blade","Twin Strike"],"picked":"Metallicize","floor":11},{"not_picked":["Ghostly Armor","Thunderclap"],"picked":"Spot Weakness","floor":12},{"not_picked":["Bloodletting","Reckless Charge"],"picked":"Power Through","floor":14}],"player_experience":305151,"relics_obtained":[{"floor":9,"key":"Letter Opener"}],"event_choices":[{"damage_healed":0,"gold_gain":0,"cards_transformed":["Strike_R"],"player_choice":"Transformed","damage_taken":0,"max_hp_gain":0,"max_hp_loss":0,"event_name":"Transmorgrifier","floor":2,"gold_loss":0,"cards_obtained":["Battle Trance"]},{"damage_healed":0,"gold_gain":0,"player_choice":"Success","damage_taken":11,"relics_obtained":["Juzu Bracelet"],"max_hp_gain":0,"max_hp_loss":0,"event_name":"Scrap Ooze","floor":5,"gold_loss":0}],"is_beta":false,"boss_relics":[],"items_purged_floors":[13],"is_endless":false,"potions_floor_spawned":[3,8,11,12],"killed_by":"Slime Boss","ascension_level":17}