{"gold_per_floor":[109,119,134,134,149,149,178,189,189,82,82,114,114,142,142,242,242,253,273,287,287,299,299,319,319],"floor_reached":25,"playtime":1707,"items_purged":[],"score":281,"play_id":"f33c6160-182b-42a0-aa2f-444fab0fbd14","local_time":"20190221205116","is_ascension_mode":true,"campfire_choices":[{"floor":6,"key":"REST"},{"data":"Inflame","floor":11,"key":"SMITH"},{"data":"Rupture","floor":13,"key":"SMITH"},{"data":"Heavy Blade","floor":15,"key":"SMITH"},{"data":"Heavy Blade","floor":23,"key":"SMITH"}],"neow_cost":"NONE","seed_source_timestamp":2891527260300,"circlet_count":0,"master_deck":["Strike_R","Strike_R","Strike_R","Strike_R","Strike_R","Defend_R","Defend_R","Defend_R","Defend_R","Bash","Heavy Blade+1","Twin Strike","Spot Weakness","Cleave","Rupture+1","Inflame+1","Anger","Offering","Heavy Blade+1","Hemokinesis+1","Uppercut+1","Shrug It Off","Spot Weakness"],"relics":["Burning Blood","Thread and Needle","Orichalcum","Regal Pillow","Letter Opener"],"potions_floor_usage":[7,7,14,24,25],"damage_taken":[{"damage":6,"enemies":"Cultist","floor":1,"turns":3},{"damage":26,"enemies":"Small Slimes","floor":2,"turns":3},{"damage":12,"enemies":"Jaw Worm","floor":3,"turns":2},{"damage":15,"enemies":"Exordium Thugs","floor":5,"turns":3},{"damage":4,"enemies":"3 Sentries","floor":7,"turns":4},{"damage":0,"enemies":"Gremlin Gang","floor":8,"turns":3},{"damage":24,"enemies":"Lagavulin","floor":12,"turns":6},{"damage":6,"enemies":"Gremlin Nob","floor":14,"turns":3},{"damage":49,"enemies":"Hexaghost","floor":16,"turns":9},{"damage":21,"enemies":"2 Thieves","floor":18,"turns":3},{"damage":8,"enemies":"Chosen","floor":19,"turns":3},{"damage":20,"enemies":"Centurion and Healer","floor":20,"turns":4},{"damage":30,"enemies":"Snake Plant","floor":22,"turns":4},{"damage":34,"enemies":"Shelled Parasite and Fungi","floor":24,"turns":4},{"damage":36,"enemies":"Gremlin Leader","floor":25,"turns":3}],"seed_played":"4209261351177754793","potions_obtained":[{"floor":3,"key":"SkillPotion"},{"floor":5,"key":"EssenceOfSteel"},{"floor":12,"key":"AttackPotion"},{"floor":16,"key":"Ancient Potion"},{"floor":22,"key":"EssenceOfSteel"},{"floor":24,"key":"PowerPotion"}],"is_trial":false,"path_per_floor":["M","M","M","?","M","R","E","M","T","$","R","E","R","E","R","B",null,"M","M","M","?","M","R","M","E"],"character_chosen":"IRONCLAD","items_purchased":["Inflame","Bloodletting"],"campfire_rested":1,"item_purchase_floors":[10,10],"current_hp_per_floor":[88,68,62,55,46,72,74,80,80,80,80,62,62,62,62,19,71,56,54,40,88,64,64,36,0],"gold":319,"neow_bonus":"TEN_PERCENT_HP_BONUS","is_prod":false,"is_daily":false,"chose_seed":false,"campfire_upgraded":4,"win_rate":0,"timestamp":1550778676,"path_taken":["M","M","M","?","M","R","E","M","T","$","R","E","R","E","R","BOSS","M","M","M","?","M","R","M","E"],"build_version":"2019-01-23","purchased_purges":0,"victory":false,"max_hp_per_floor":[88,88,88,88,88,88,88,88,88,88,88,88,88,88,88,88,88,88,88,88,88,88,88,88,88],"card_choices":[{"not_picked":["Sever Soul","Sword Boomerang"],"picked":"Heavy Blade","floor":1},{"not_picked":["Heavy Blade","Cleave"],"picked":"Twin Strike","floor":2},{"not_picked":["Sword Boomerang","Corruption"],"picked":"Spot Weakness","floor":3},{"not_picked":["Sword Boomerang","Searing Blow"],"picked":"Cleave","floor":5},{"not_picked":["Twin Strike","Power Through"],"picked":"Rupture","floor":7},{"not_picked":["True Grit","Evolve","Thunderclap"],"picked":"SKIP","floor":8},{"not_picked":["Burning Pact","Sword Boomerang"],"picked":"Anger","floor":12},{"not_picked":["Flex","Power Through","Bloodletting"],"picked":"SKIP","floor":14},{"not_picked":["Exhume","Bludgeon"],"picked":"Offering","floor":16},{"not_picked":["Uppercut","Anger"],"picked":"Heavy Blade","floor":18},{"not_picked":["Flame Barrier+1","Iron Wave"],"picked":"Hemokinesis+1","floor":19},{"not_picked":["Spot Weakness","Reckless Charge"],"picked":"Uppercut+1","floor":20},{"not_picked":["Flex","Warcry"],"picked":"Shrug It Off","floor":22},{"not_picked":["Armaments","Headbutt"],"picked":"Spot Weakness","floor":24}],"player_experience":352429,"relics_obtained":[{"floor":7,"key":"Orichalcum"},{"floor":9,"key":"Regal Pillow"},{"floor":12,"key":"Letter Opener"}],"event_choices":[{"damage_healed":0,"gold_gain":0,"player_choice":"Success","damage_taken":7,"relics_obtained":["Thread and Needle"],"max_hp_gain":0,"max_hp_loss":0,"event_name":"Scrap Ooze","floor":4,"gold_loss":0},{"cards_removed":["Bloodletting"],"damage_healed":48,"gold_gain":0,"player_choice":"Offered Uncommon","damage_taken":0,"max_hp_gain":0,"max_hp_loss":0,"event_name":"Bonfire Elementals","floor":21,"gold_loss":0}],"is_beta":false,"boss_relics":[{"not_picked":["Sozu","Cursed Key","Snecko Eye"]}],"items_purged_floors":[],"is_endless":false,"potions_floor_spawned":[3,5,12,16,22,24],"killed_by":"Gremlin Leader","ascension_level":5}