{"gold_per_floor":[112,22,22,35,35,35,76,99,167,182,207,207,245,260,260,356,356,370,370,370,370],"floor_reached":21,"playtime":758,"items_purged":[],"score":417,"play_id":"b9b5506c-aa0b-47e5-b4e0-0d7492d22eea","local_time":"20190318211841","is_ascension_mode":true,"campfire_choices":[{"data":"Dualcast","floor":6.0,"key":"SMITH"},{"floor":12.0,"key":"REST"},{"data":"Creative AI","floor":15.0,"key":"SMITH"}],"neow_cost":"NONE","seed_source_timestamp":295742387598762,"circlet_count":0,"master_deck":["AscendersBane","Strike_B","Strike_B","Strike_B","Strike_B","Defend_B","Defend_B","Defend_B","Defend_B","Zap","Dualcast+1","Sweeping Beam","All For One","Sweeping Beam","Steam","Hologram","BootSequence","Creative AI+1","Heatsinks","All For One","Force Field","BootSequence"],"special_seed":0,"relics":["Cracked Core","NeowsBlessing","Golden Idol","Centennial Puzzle","Strawberry","Lizard Tail"],"potions_floor_usage":[16],"damage_taken":[{"damage":0.0,"enemies":"Jaw Worm","floor":1.0,"turns":1.0},{"damage":0.0,"enemies":"Small Slimes","floor":4.0,"turns":1.0},{"damage":0.0,"enemies":"Lagavulin","floor":7.0,"turns":1.0},{"damage":0.0,"enemies":"Cultist","floor":8.0,"turns":3.0},{"damage":11.0,"enemies":"Large Slime","floor":10.0,"turns":4.0},{"damage":5.0,"enemies":"Gremlin Gang","floor":11.0,"turns":4.0},{"damage":3.0,"enemies":"3 Sentries","floor":13.0,"turns":4.0},{"damage":0.0,"enemies":"Red Slaver","floor":14.0,"turns":3.0},{"damage":39,"enemies":"Slime Boss","floor":16,"turns":9},{"damage":63,"enemies":"Chosen","floor":18,"turns":7},{"damage":39,"enemies":"3 Byrds","floor":21,"turns":4}],"seed_played":"-9091805149067862743","potions_obtained":[{"floor":4.0,"key":"SteroidPotion"},{"floor":8.0,"key":"PowerPotion"},{"floor":11.0,"key":"Explosive Potion"}],"is_trial":false,"path_per_floor":["M","$","?","M","?","R","E","M","T","M","M","R","E","M","R","B",null,"M","?","?","M"],"character_chosen":"DEFECT","items_purchased":["All For One"],"campfire_rested":1,"item_purchase_floors":[2],"current_hp_per_floor":[64,64,64,64,40,40,40,40,40,29,24,45,49,49,49,10,61,39,39,39,0],"gold":370,"neow_bonus":"THREE_ENEMY_KILL","is_prod":false,"is_daily":false,"chose_seed":false,"campfire_upgraded":2,"win_rate":0,"timestamp":1552958321,"path_taken":["M","$","?","M","?","R","E","M","T","M","M","R","E","M","R","BOSS","M","?","?","?"],"build_version":"2019-01-23","purchased_purges":0,"victory":false,"max_hp_per_floor":[71,71,71,71,71,71,71,71,71,71,71,71,78,78,78,78,78,78,78,78,78],"card_choices":[{"not_picked":["Go for the Eyes","Rebound"],"picked":"Sweeping Beam","floor":1.0},{"not_picked":["Barrage","Force Field"],"picked":"Sweeping Beam","floor":4.0},{"not_picked":["Leap","Reinforced Body"],"picked":"Steam","floor":7.0},{"not_picked":["Hologram","Turbo","Leap"],"picked":"SKIP","floor":8.0},{"not_picked":["Turbo","Leap"],"picked":"Hologram","floor":8.0},{"not_picked":["Steam","Hologram"],"picked":"BootSequence","floor":10.0},{"not_picked":["Rip and Tear","Hello World","Aggregate"],"picked":"SKIP","floor":11.0},{"not_picked":["Double Energy","Hologram"],"picked":"Creative AI","floor":13.0},{"not_picked":["Ball Lightning","Cold Snap"],"picked":"Heatsinks","floor":14.0},{"not_picked":["Amplify","Multi-Cast"],"picked":"All For One","floor":16},{"not_picked":["Static Discharge","Hologram"],"picked":"Force Field","floor":18}],"player_experience":550884,"relics_obtained":[{"floor":7.0,"key":"Centennial Puzzle"},{"floor":13.0,"key":"Strawberry"}],"event_choices":[{"damage_healed":0.0,"max_hp_gain":0.0,"max_hp_loss":0.0,"gold_gain":0.0,"event_name":"The Cleric","player_choice":"Leave","floor":3.0,"gold_loss":0.0,"damage_taken":0.0},{"damage_healed":0.0,"max_hp_gain":0.0,"max_hp_loss":0.0,"gold_gain":0.0,"event_name":"Golden Idol","player_choice":"Take Damage","floor":5.0,"gold_loss":0.0,"damage_taken":24.0,"relics_obtained":["Golden Idol"]},{"damage_healed":0,"gold_gain":0,"player_choice":"Ignored","damage_taken":0,"max_hp_gain":0,"max_hp_loss":0,"event_name":"Vampires","floor":19,"gold_loss":0},{"damage_healed":0,"gold_gain":0,"player_choice":"Copied","damage_taken":0,"max_hp_gain":0,"max_hp_loss":0,"event_name":"Duplicator","floor":20,"gold_loss":0,"cards_obtained":["BootSequence"]}],"is_beta":false,"boss_relics":[{"not_picked":["Nuclear Battery","Busted Crown"],"picked":"Lizard Tail"}],"items_purged_floors":[],"is_endless":false,"potions_floor_spawned":[4,8,11],"killed_by":"3 Byrds","ascension_level":19}