{"gold_per_floor":[114,114,114,114,128,128,161,215,241,241,257,43,58,29,29,106,106,126,26,26,26,26,26,26,44,44,44,60,60,74,92,92,165,165,175,189,237,237,252,283,283,315,315,345,100,116,141,66,66,66,66,66,66,23,48,48],"floor_reached":57,"playtime":4595,"items_purged":["Defend_G","Strike_G+1","Dagger Throw+1","Neutralize+1"],"score":3482,"play_id":"a1923529-702e-4d72-a16f-22899f3417d2","local_time":"20190313034905","is_ascension_mode":true,"campfire_choices":[{"data":"Noxious Fumes","floor":6.0,"key":"SMITH"},{"floor":10.0,"key":"REST"},{"data":"Reflex","floor":15.0,"key":"SMITH"},{"data":"Calculated Gamble","floor":23.0,"key":"SMITH"},{"data":"Concentrate","floor":27.0,"key":"SMITH"},{"data":"Acrobatics","floor":32.0,"key":"SMITH"},{"floor":49,"key":"RECALL"},{"floor":53,"key":"REST"}],"neow_cost":"TEN_PERCENT_HP_LOSS","seed_source_timestamp":464619163814400,"circlet_count":0,"master_deck":["AscendersBane","Survivor+1","Noxious Fumes+1","Reflex+1","Concentrate+1","Backflip+1","Well Laid Plans+1","PiercingWail+1","Acrobatics+1","Adrenaline+1","Tools of the Trade+1","Venomology+1","Deadly Poison+1","Calculated Gamble+1","Die Die Die+1","Caltrops+1","Burst+1","Footwork+1","Catalyst+1"],"special_seed":0,"relics":["Ring of the Snake","Gambling Chip","Dream Catcher","Bronze Scales","Whetstone","Astrolabe","The Courier","Incense Burner","Mark of the Bloom","Oddly Smooth Stone","Happy Flower","Orichalcum","Membership Card","Anchor","Letter Opener"],"potions_floor_usage":[42,51,51,56,56,56],"damage_taken":[{"damage":0.0,"enemies":"2 Louse","floor":1.0,"turns":4.0},{"damage":1.0,"enemies":"Small Slimes","floor":5.0,"turns":5.0},{"damage":34.0,"enemies":"Gremlin Nob","floor":7.0,"turns":4.0},{"damage":12.0,"enemies":"Jaw Worm","floor":11.0,"turns":4.0},{"damage":0.0,"enemies":"3 Louse","floor":13.0,"turns":2.0},{"damage":2.0,"enemies":"Hexaghost","floor":16.0,"turns":8.0},{"damage":3.0,"enemies":"Shell Parasite","floor":18.0,"turns":4.0},{"damage":0.0,"enemies":"2 Thieves","floor":25.0,"turns":3.0},{"damage":0.0,"enemies":"Centurion and Healer","floor":28.0,"turns":4.0},{"damage":7.0,"enemies":"Chosen and Byrds","floor":30.0,"turns":4.0},{"damage":0.0,"enemies":"3 Cultists","floor":31.0,"turns":3.0},{"damage":0.0,"enemies":"Automaton","floor":33.0,"turns":4.0},{"damage":0.0,"enemies":"3 Darklings","floor":35.0,"turns":3.0},{"damage":0.0,"enemies":"Orb Walker","floor":36.0,"turns":3.0},{"damage":0.0,"enemies":"2 Orb Walkers","floor":37.0,"turns":2.0},{"damage":0.0,"enemies":"3 Darklings","floor":39.0,"turns":2.0},{"damage":0.0,"enemies":"Giant Head","floor":40.0,"turns":3.0},{"damage":0,"enemies":"Nemesis","floor":42,"turns":3},{"damage":0,"enemies":"Reptomancer","floor":44,"turns":1},{"damage":0,"enemies":"Sphere and 2 Shapes","floor":46,"turns":2},{"damage":0,"enemies":"Giant Head","floor":47,"turns":3},{"damage":0,"enemies":"Awakened One","floor":50,"turns":8},{"damage":0,"enemies":"Time Eater","floor":51,"turns":4},{"damage":0,"enemies":"Shield and Spear","floor":55,"turns":2},{"damage":0,"enemies":"The Heart","floor":56,"turns":4}],"seed_played":"-7362437943553812862","potions_obtained":[{"floor":11.0,"key":"Weak Potion"},{"floor":13.0,"key":"Block Potion"},{"floor":18.0,"key":"Swift Potion"},{"floor":28.0,"key":"SteroidPotion"},{"floor":35.0,"key":"Swift Potion"}],"is_trial":false,"path_per_floor":["M","?","?","?","M","R","E","T","T","R","M","$","M","$","R","B",null,"M","$","?","?","$","R","?","M","T","R","M","?","M","M","R","B",null,"M","M","?","?","M","E","?","E","T","E","$","M","E","$","R","B","B",null,"R","$","E","B",null],"character_chosen":"THE_SILENT","items_purchased":["Backflip","Well Laid Plans","Acrobatics","Membership Card","Block Potion","PowerPotion"],"campfire_rested":2,"item_purchase_floors":[12,12,14,45,54,54],"current_hp_per_floor":[59,59,48,41,40,40,6,6,6,24,12,12,12,12,12,10,48,59,59,59,43,43,43,43,43,43,43,55,55,48,48,48,48,61,61,61,61,61,61,61,61,61,61,61,61,61,61,61,61,61,61,61,61,61,61,61],"gold":48,"neow_bonus":"REMOVE_TWO","is_prod":false,"is_daily":false,"chose_seed":false,"campfire_upgraded":5,"win_rate":0,"timestamp":1552416545,"path_taken":["M","?","?","?","M","R","E","?","T","R","M","$","M","?","R","BOSS","M","$","?","?","?","R","?","M","T","R","M","?","M","M","R","BOSS","M","M","?","?","M","E","?","E","T","E","$","M","E","$","R","BOSS","BOSS","R","$","E","BOSS"],"build_version":"2019-01-23","purchased_purges":4,"victory":true,"max_hp_per_floor":[60,60,60,60,60,60,60,60,60,60,60,60,60,60,60,60,60,60,60,60,65,65,65,65,65,65,65,65,65,65,65,65,65,65,65,65,65,65,65,65,65,65,65,65,65,65,65,65,65,65,65,65,65,65,65,65],"card_choices":[{"not_picked":["Dagger Throw","Prepared"],"picked":"Noxious Fumes","floor":1.0},{"not_picked":["Terror","Escape Plan"],"picked":"Deadly Poison","floor":5.0},{"not_picked":["Prepared","Doppelganger"],"picked":"Concentrate","floor":7.0},{"not_picked":["Deflect","Prepared"],"picked":"Dash","floor":10.0},{"not_picked":["Caltrops","Poisoned Stab"],"picked":"Dagger Throw","floor":11.0},{"not_picked":["Sucker Punch","Underhanded Strike"],"picked":"PiercingWail","floor":13.0},{"not_picked":["Doppelganger","Bullet Time"],"picked":"Adrenaline","floor":16.0},{"not_picked":["Deflect","Poisoned Stab","Acrobatics"],"picked":"SKIP","floor":18.0},{"not_picked":["Dodge and Roll","Heel Hook","Flechettes"],"picked":"SKIP","floor":25.0},{"not_picked":["Tools of the Trade","Sucker Punch","Prepared"],"picked":"SKIP","floor":28.0},{"not_picked":["Blur","Slice","Sucker Punch+1"],"picked":"SKIP","floor":30.0},{"not_picked":["Dagger Spray","Heel Hook","Flying Knee"],"picked":"SKIP","floor":31.0},{"not_picked":["A Thousand Cuts","Night Terror"],"picked":"Burst","floor":33.0},{"not_picked":["Heel Hook","Finisher","Flechettes"],"picked":"SKIP","floor":35.0},{"not_picked":["Masterful Stab+1","Distraction"],"picked":"Footwork","floor":36.0},{"not_picked":["Blade Dance","Flying Knee"],"picked":"Catalyst+1","floor":39.0},{"not_picked":["Skewer","All Out Attack","Dodge and Roll"],"picked":"SKIP","floor":40.0},{"not_picked":["Bouncing Flask","Dodge and Roll+1","Outmaneuver"],"picked":"SKIP","floor":42},{"not_picked":["Dodge and Roll+1","A Thousand Cuts","Bane"],"picked":"SKIP","floor":44},{"not_picked":["Distraction","Bane+1","Expertise"],"picked":"SKIP","floor":46},{"not_picked":["Slice","Unload","Deadly Poison+1"],"picked":"SKIP","floor":47},{"not_picked":["Slice","Unload","Deadly Poison+1"],"picked":"SKIP","floor":47},{"not_picked":["Prepared","Underhanded Strike","Heel Hook"],"picked":"SKIP","floor":55}],"player_experience":4528072,"relics_obtained":[{"floor":7.0,"key":"Dream Catcher"},{"floor":8.0,"key":"Bronze Scales"},{"floor":9.0,"key":"Whetstone"},{"floor":26.0,"key":"The Courier"},{"floor":37.0,"key":"Incense Burner"},{"floor":40.0,"key":"Oddly Smooth Stone"},{"floor":42,"key":"Happy Flower"},{"floor":44,"key":"Orichalcum"},{"floor":47,"key":"Anchor"},{"floor":55,"key":"Letter Opener"}],"event_choices":[{"damage_healed":0.0,"max_hp_gain":0.0,"max_hp_loss":0.0,"gold_gain":0.0,"cards_transformed":["Strike_G"],"event_name":"Living Wall","player_choice":"Change","floor":2.0,"gold_loss":0.0,"damage_taken":0.0,"cards_obtained":["Reflex"]},{"damage_healed":0.0,"max_hp_gain":0.0,"max_hp_loss":0.0,"gold_gain":0.0,"event_name":"Scrap Ooze","player_choice":"Success","floor":3.0,"gold_loss":0.0,"damage_taken":11.0,"relics_obtained":["Gambling Chip"]},{"cards_removed":["Defend_G"],"damage_healed":0.0,"max_hp_gain":0.0,"max_hp_loss":0.0,"gold_gain":0.0,"event_name":"Golden Wing","player_choice":"Card Removal","floor":4.0,"gold_loss":0.0,"damage_taken":7.0},{"damage_healed":0.0,"max_hp_gain":0.0,"max_hp_loss":0.0,"gold_gain":0.0,"event_name":"The Library","player_choice":"Read","floor":20.0,"gold_loss":0.0,"damage_taken":0.0,"cards_obtained":["Calculated Gamble"]},{"damage_healed":0.0,"max_hp_gain":5.0,"max_hp_loss":0.0,"gold_gain":0.0,"event_name":"Forgotten Altar","player_choice":"Shed Blood","floor":21.0,"gold_loss":0.0,"damage_taken":21.0},{"damage_healed":0.0,"max_hp_gain":0.0,"max_hp_loss":0.0,"gold_gain":0.0,"cards_transformed":["Defend_G","Deadly Poison"],"event_name":"Drug Dealer","player_choice":"Became Test Subject","floor":24.0,"gold_loss":0.0,"damage_taken":0.0,"cards_obtained":["Die Die Die","Caltrops"]},{"damage_healed":0.0,"max_hp_gain":0.0,"max_hp_loss":0.0,"gold_gain":0.0,"event_name":"The Mausoleum","player_choice":"Ignored","floor":29.0,"gold_loss":0.0,"damage_taken":0.0},{"damage_healed":0.0,"max_hp_gain":0.0,"max_hp_loss":0.0,"gold_gain":0.0,"event_name":"Mysterious Sphere","player_choice":"Fight","floor":37.0,"gold_loss":0.0,"damage_taken":0.0},{"damage_healed":0.0,"max_hp_gain":0.0,"max_hp_loss":0.0,"gold_gain":0.0,"event_name":"MindBloom","player_choice":"Upgrade","floor":38.0,"gold_loss":0.0,"damage_taken":0.0,"cards_upgraded":["Survivor","Dash","Dagger Throw","Backflip","Well Laid Plans","PiercingWail","Adrenaline","Die Die Die","Caltrops","Burst","Footwork"],"relics_obtained":["Mark of the Bloom"]},{"cards_removed":["Dash"],"damage_healed":0.0,"max_hp_gain":0.0,"max_hp_loss":0.0,"gold_gain":0.0,"event_name":"Purifier","player_choice":"Purged","floor":41.0,"gold_loss":0.0,"damage_taken":0.0}],"is_beta":false,"boss_relics":[{"not_picked":["White Beast Statue","Ring of the Serpent"],"picked":"Astrolabe"},{"not_picked":["Runic Dome","Snecko Eye","HoveringKite"]}],"items_purged_floors":[12,19,45,48],"is_endless":false,"potions_floor_spawned":[11,13,18,28,31,35,39,42,46,47,55],"ascension_level":20}