{"gold_per_floor":[116,127,143,68,95,126,126,153,153,153,153,169,169,194,194,267,267,278,278,131,131,147,177,177,177,177,177,77,77,93,124,124,200,200,212,267,283,283],"floor_reached":38,"playtime":1168,"items_purged":["Strike_R","Strike_R+1"],"score":968,"play_id":"6ec65e2e-ff86-4b82-93d4-6b5fd105a819","local_time":"20190221005742","is_ascension_mode":true,"campfire_choices":[{"data":"Body Slam","floor":7.0,"key":"SMITH"},{"floor":11.0,"key":"REST"},{"data":"Battle Trance","floor":13.0,"key":"SMITH"},{"data":"Fiend Fire","floor":15.0,"key":"SMITH"},{"data":"Impervious","floor":24,"key":"SMITH"},{"data":"Offering","floor":29,"key":"SMITH"},{"data":"Ghostly Armor","floor":32,"key":"SMITH"}],"neow_cost":"NONE","seed_source_timestamp":556290798992400,"circlet_count":0,"master_deck":["AscendersBane","Defend_R+1","Defend_R+1","Defend_R+1","Body Slam+1","Ghostly Armor+1","Impervious+1","Battle Trance+1","Fiend Fire+1","Offering+1","Second Wind","Impervious","Offering","Dark Embrace","Power Through+1","Bloodletting+1","Disarm+1","Evolve"],"special_seed":0,"relics":["Burning Blood","NeowsBlessing","Orichalcum","Dream Catcher","Sundial","Oddly Smooth Stone","Regal Pillow","Sozu","PreservedInsect","Self Forming Clay","Astrolabe","Incense Burner"],"potions_floor_usage":[],"damage_taken":[{"damage":0.0,"enemies":"Cultist","floor":1.0,"turns":1.0},{"damage":0.0,"enemies":"Small Slimes","floor":2.0,"turns":1.0},{"damage":0.0,"enemies":"Jaw Worm","floor":3.0,"turns":1.0},{"damage":35.0,"enemies":"3 Sentries","floor":6.0,"turns":11.0},{"damage":26.0,"enemies":"Gremlin Nob","floor":8.0,"turns":5.0},{"damage":0.0,"enemies":"Looter","floor":12.0,"turns":3.0},{"damage":0.0,"enemies":"Lagavulin","floor":14.0,"turns":6.0},{"damage":0.0,"enemies":"Slime Boss","floor":16.0,"turns":8.0},{"damage":6.0,"enemies":"Shell Parasite","floor":18.0,"turns":3.0},{"damage":0.0,"enemies":"Spheric Guardian","floor":22.0,"turns":3.0},{"damage":29,"enemies":"Gremlin Leader","floor":23,"turns":6},{"damage":0,"enemies":"Shelled Parasite and Fungi","floor":30,"turns":4},{"damage":10,"enemies":"Slavers","floor":31,"turns":5},{"damage":12,"enemies":"Collector","floor":33,"turns":4},{"damage":6,"enemies":"3 Darklings","floor":35,"turns":2},{"damage":6,"enemies":"2 Orb Walkers","floor":36,"turns":3},{"damage":0,"enemies":"3 Shapes","floor":37,"turns":5},{"damage":1,"enemies":"3 Darklings","floor":38,"turns":8}],"seed_played":"1798887748061247916","potions_obtained":[{"floor":1.0,"key":"Swift Potion"},{"floor":2.0,"key":"FearPotion"},{"floor":14.0,"key":"SkillPotion"},{"floor":16.0,"key":"LiquidBronze"}],"is_trial":false,"path_per_floor":["M","M","M","?","T","E","R","E","T","?","R","M","R","E","R","B",null,"M","?","$","?","M","E","R","?","T","?","$","R","M","E","R","B",null,"M","?","M","M"],"character_chosen":"IRONCLAD","items_purchased":["Impervious"],"campfire_rested":1,"item_purchase_floors":[20],"current_hp_per_floor":[74,75,75,75,75,46,46,26,26,19,41,47,47,53,53,59,71,71,71,71,71,75,52,52,52,52,52,52,52,58,54,54,48,68,68,68,74,73],"gold":283,"neow_bonus":"THREE_ENEMY_KILL","is_prod":false,"is_daily":false,"chose_seed":false,"campfire_upgraded":6,"win_rate":0,"timestamp":1550678262,"path_taken":["M","?","M","?","?","E","R","E","T","?","R","M","R","E","R","BOSS","M","?","$","?","M","E","R","?","T","?","?","R","?","E","R","BOSS","M","?","M","M"],"build_version":"2019-01-23","purchased_purges":2,"victory":false,"max_hp_per_floor":[75,75,75,75,75,75,75,75,75,75,75,75,75,75,75,75,75,75,75,75,75,75,75,75,75,75,75,75,75,75,75,75,75,75,75,75,75,75],"card_choices":[{"not_picked":["Iron Wave","Armaments"],"picked":"Body Slam","floor":1.0},{"not_picked":["Cleave","Clothesline","Anger"],"picked":"SKIP","floor":2.0},{"not_picked":["Sentinel","True Grit"],"picked":"Ghostly Armor","floor":3.0},{"not_picked":["Rupture","Reckless Charge"],"picked":"Impervious","floor":6.0},{"not_picked":["Twin Strike","Uppercut","Sentinel"],"picked":"SKIP","floor":8.0},{"not_picked":["Flex","Shrug It Off"],"picked":"Battle Trance","floor":12.0},{"not_picked":["Combust","Twin Strike"],"picked":"Fiend Fire","floor":14.0},{"not_picked":["Limit Break","Dark Embrace"],"picked":"Offering","floor":16.0},{"not_picked":["Reckless Charge+1","Flex","Clash"],"picked":"SKIP","floor":18.0},{"not_picked":["Havoc+1","Sword Boomerang","Shockwave"],"picked":"SKIP","floor":22.0},{"not_picked":["Demon Form","Perfected Strike"],"picked":"Offering","floor":23},{"not_picked":["Havoc","Flame Barrier","Armaments"],"picked":"SKIP","floor":30},{"not_picked":["Sword Boomerang","Headbutt","Infernal Blade"],"picked":"SKIP","floor":31},{"not_picked":["Juggernaut","Fiend Fire"],"picked":"Dark Embrace","floor":33},{"not_picked":["Flex","Evolve","True Grit"],"picked":"SKIP","floor":35},{"not_picked":["Flex","True Grit"],"picked":"Evolve","floor":35},{"not_picked":["Clothesline","Carnage","Havoc"],"picked":"SKIP","floor":37}],"player_experience":4361207,"relics_obtained":[{"floor":5.0,"key":"Orichalcum"},{"floor":6.0,"key":"Dream Catcher"},{"floor":8.0,"key":"Sundial"},{"floor":9.0,"key":"Oddly Smooth Stone"},{"floor":14.0,"key":"Regal Pillow"},{"floor":23,"key":"PreservedInsect"},{"floor":31,"key":"Self Forming Clay"},{"floor":36,"key":"Incense Burner"}],"event_choices":[{"cards_removed":["Strike_R"],"damage_healed":0.0,"max_hp_gain":0.0,"max_hp_loss":0.0,"gold_gain":0.0,"event_name":"The Cleric","player_choice":"Card Removal","floor":4.0,"gold_loss":75.0,"damage_taken":0.0},{"cards_removed":["Strike_R"],"damage_healed":0.0,"max_hp_gain":0.0,"max_hp_loss":0.0,"gold_gain":0.0,"event_name":"Golden Wing","player_choice":"Card Removal","floor":10.0,"gold_loss":0.0,"damage_taken":7.0},{"damage_healed":0.0,"max_hp_gain":0.0,"max_hp_loss":0.0,"gold_gain":0.0,"event_name":"The Library","player_choice":"Read","floor":19.0,"gold_loss":0.0,"damage_taken":0.0,"cards_obtained":["Second Wind"]},{"damage_healed":0.0,"max_hp_gain":0.0,"max_hp_loss":0.0,"gold_gain":0.0,"event_name":"The Mausoleum","player_choice":"Ignored","floor":21.0,"gold_loss":0.0,"damage_taken":0.0},{"damage_healed":0,"gold_gain":0,"player_choice":"Ignored","damage_taken":0,"max_hp_gain":0,"max_hp_loss":0,"event_name":"Cursed Tome","floor":25,"gold_loss":0},{"damage_healed":0,"gold_gain":0,"player_choice":"Simplicity","damage_taken":0,"max_hp_gain":0,"max_hp_loss":0,"event_name":"Back to Basics","floor":27,"gold_loss":0,"cards_upgraded":["Strike_R","Strike_R","Defend_R","Defend_R","Defend_R","Defend_R"]},{"damage_healed":0,"gold_gain":0,"player_choice":"Fight","damage_taken":0,"max_hp_gain":0,"max_hp_loss":0,"event_name":"Mysterious Sphere","floor":36,"gold_loss":0}],"is_beta":false,"boss_relics":[{"not_picked":["Lizard Tail","Mark of Pain"],"picked":"Sozu"},{"not_picked":["Pandora\u0027s Box","Busted Crown"],"picked":"Astrolabe"}],"items_purged_floors":[20,28],"is_endless":false,"potions_floor_spawned":[1,2,14,16,22,23,31,33,35,37],"killed_by":"3 Darklings","ascension_level":15}