{"gold_per_floor":[119,119,119,119,134,134,66,101,101,116,116,135,135,160,160,284,284,297,313,223,248,347,347],"floor_reached":23,"playtime":1029,"items_purged":[],"score":220,"play_id":"654d90ba-0b44-4303-8454-2a8ae66e83b1","local_time":"20190127152639","is_ascension_mode":true,"campfire_choices":[{"floor":6,"key":"REST"},{"data":"Self Repair","floor":11,"key":"SMITH"},{"data":"Storm","floor":15,"key":"SMITH"}],"neow_cost":"NONE","seed_source_timestamp":5690684359300,"circlet_count":0,"master_deck":["Zap","Dualcast","Heatsinks+1","Decay","Storm+1","Self Repair+1","Storm+1","Heatsinks","Thunder Strike","Darkness","Hologram","Biased Cognition","Barrage","Creative AI+1","Ball Lightning","Scrape","Double Energy+1"],"relics":["Cracked Core","Golden Idol","Vajra","Mango","Pandora\u0027s Box"],"potions_floor_usage":[8,8,8,14,16,16,23,23],"damage_taken":[{"damage":1,"enemies":"2 Louse","floor":1,"turns":2},{"damage":5,"enemies":"Small Slimes","floor":5,"turns":3},{"damage":9,"enemies":"Lagavulin","floor":8,"turns":6},{"damage":8,"enemies":"Cultist","floor":10,"turns":4},{"damage":24,"enemies":"Lots of Slimes","floor":12,"turns":3},{"damage":7,"enemies":"3 Louse","floor":14,"turns":3},{"damage":33,"enemies":"Hexaghost","floor":16,"turns":8},{"damage":12,"enemies":"Chosen","floor":18,"turns":3},{"damage":32,"enemies":"Spheric Guardian","floor":19,"turns":4},{"damage":13,"enemies":"Centurion and Healer","floor":21,"turns":4},{"damage":65,"enemies":"Book of Stabbing","floor":23,"turns":5}],"seed_played":"-2848255138530192658","potions_obtained":[{"floor":0,"key":"FocusPotion"},{"floor":0,"key":"Fire Potion"},{"floor":0,"key":"Weak Potion"},{"floor":8,"key":"Fire Potion"},{"floor":10,"key":"AttackPotion"},{"floor":12,"key":"FocusPotion"},{"floor":18,"key":"Fire Potion"},{"floor":19,"key":"Explosive Potion"}],"is_trial":false,"path_per_floor":["M","?","?","?","M","R","$","E","T","M","R","M","?","M","R","B",null,"M","M","?","M","?","E"],"character_chosen":"DEFECT","items_purchased":["Storm"],"campfire_rested":1,"item_purchase_floors":[7],"current_hp_per_floor":[74,59,41,41,36,58,58,49,63,62,62,48,48,51,51,28,89,87,65,65,62,62,0],"gold":347,"neow_bonus":"THREE_SMALL_POTIONS","is_prod":false,"is_daily":false,"chose_seed":false,"campfire_upgraded":2,"win_rate":0,"timestamp":1548599199,"path_taken":["M","?","?","?","M","R","$","E","T","?","R","?","?","M","R","BOSS","M","?","?","?","?","E"],"build_version":"2019-01-23","purchased_purges":0,"victory":false,"max_hp_per_floor":[75,75,75,75,75,75,75,75,89,89,89,89,89,89,89,89,89,89,89,89,89,89,89],"card_choices":[{"not_picked":["Chill","Turbo"],"picked":"Heatsinks","floor":1},{"not_picked":["Barrage","Compile Driver","Melter"],"picked":"SKIP","floor":5},{"not_picked":["Lockon","Amplify"],"picked":"Self Repair","floor":8},{"not_picked":["Fusion","Coolheaded"],"picked":"Storm","floor":10},{"not_picked":["Rebound","Chill","Hologram"],"picked":"SKIP","floor":12},{"not_picked":["Hologram","Compile Driver"],"picked":"Heatsinks","floor":14},{"not_picked":["Amplify","Buffer"],"picked":"Thunder Strike","floor":16},{"not_picked":["Undo","Cold Snap"],"picked":"Double Energy+1","floor":18},{"not_picked":["Conserve Battery","Coolheaded+1","Leap+1"],"picked":"SKIP","floor":19},{"not_picked":["Barrage","Multi-Cast","Steam+1"],"picked":"SKIP","floor":21}],"player_experience":300401,"relics_obtained":[{"floor":8,"key":"Vajra"},{"floor":9,"key":"Mango"}],"event_choices":[{"damage_healed":0,"gold_gain":0,"player_choice":"Entered Light","damage_taken":15,"max_hp_gain":0,"max_hp_loss":0,"event_name":"Shining Light","floor":2,"gold_loss":0,"cards_upgraded":["Defend_B","Heatsinks"]},{"damage_healed":0,"gold_gain":0,"player_choice":"Take Damage","damage_taken":18,"relics_obtained":["Golden Idol"],"max_hp_gain":0,"max_hp_loss":0,"event_name":"Golden Idol","floor":3,"gold_loss":0},{"damage_healed":0,"gold_gain":0,"player_choice":"Cursed","damage_taken":0,"max_hp_gain":0,"max_hp_loss":0,"event_name":"Wheel of Change","floor":4,"gold_loss":0,"cards_obtained":["Decay"]},{"damage_healed":0,"gold_gain":0,"player_choice":"Forge","damage_taken":0,"max_hp_gain":0,"max_hp_loss":0,"event_name":"Accursed Blacksmith","floor":13,"gold_loss":0,"cards_upgraded":["Storm"]},{"cards_removed":["All For One"],"damage_healed":0,"gold_gain":0,"player_choice":"Upgrade and Remove","damage_taken":0,"max_hp_gain":0,"max_hp_loss":0,"event_name":"Designer","floor":20,"gold_loss":90,"cards_upgraded":["Creative AI"]},{"damage_healed":0,"gold_gain":99,"player_choice":"Stole From Cult","damage_taken":0,"max_hp_gain":0,"max_hp_loss":0,"event_name":"Nest","floor":22,"gold_loss":0}],"is_beta":false,"boss_relics":[{"not_picked":["Lizard Tail","Calling Bell"],"picked":"Pandora\u0027s Box"}],"items_purged_floors":[],"is_endless":false,"potions_floor_spawned":[8,10,12,18,19],"killed_by":"Book of Stabbing","ascension_level":3}