{"gold_per_floor":[119,129,140,140,157,184,201,235,283,295,307,319,331,343,355,464,476,503,534,546,570,594,606,647,23,23,23,0,0,17,17],"floor_reached":31,"playtime":2176,"items_purged":["Doubt"],"score":292,"play_id":"77b2e232-762c-43a7-b63c-350cfc5cd64e","local_time":"20190126225323","is_ascension_mode":true,"campfire_choices":[{"floor":12,"key":"REST"},{"floor":15,"key":"REST"},{"floor":23,"key":"REST"}],"neow_cost":"NONE","seed_source_timestamp":37223650576600,"circlet_count":0,"master_deck":["Strike_B","Strike_B","Strike_B","Strike_B","Defend_B","Defend_B","Defend_B+1","Zap","Dualcast","Turbo+1","Conserve Battery","BootSequence","Beam Cell","Gash","All For One","Echo Form","Doubt","Clumsy","Streamline+1","Chill","Ball Lightning+1","Static Discharge+1","Coolheaded","Beam Cell","Recycle+1","All For One","Steam","Good Instincts","The Bomb","Gash","Go for the Eyes+1"],"relics":["Cracked Core","Bottled Lightning","Du-Vu Doll","MawBank","Calling Bell","PreservedInsect","Mercury Hourglass","Prayer Wheel","Sundial","Blue Candle","MutagenicStrength"],"potions_floor_usage":[6,8,16,16,16,19,22,22,31,31],"damage_taken":[{"damage":1,"enemies":"Cultist","floor":1,"turns":3},{"damage":1,"enemies":"2 Louse","floor":2,"turns":2},{"damage":7,"enemies":"Jaw Worm","floor":3,"turns":3},{"damage":0,"enemies":"2 Fungi Beasts","floor":5,"turns":3},{"damage":24,"enemies":"Lagavulin","floor":6,"turns":8},{"damage":2,"enemies":"3 Louse","floor":7,"turns":4},{"damage":23,"enemies":"3 Sentries","floor":8,"turns":9},{"damage":45,"enemies":"Slime Boss","floor":16,"turns":8},{"damage":23,"enemies":"Spheric Guardian","floor":18,"turns":4},{"damage":0,"enemies":"3 Byrds","floor":19,"turns":2},{"damage":24,"enemies":"Snake Plant","floor":21,"turns":3},{"damage":14,"enemies":"Chosen and Byrds","floor":22,"turns":4},{"damage":29,"enemies":"Book of Stabbing","floor":24,"turns":4},{"damage":23,"enemies":"Shelled Parasite and Fungi","floor":30,"turns":4},{"damage":14,"enemies":"Centurion and Healer","floor":31,"turns":2}],"seed_played":"-5023980116085857721","potions_obtained":[{"floor":5,"key":"Weak Potion"},{"floor":7,"key":"FocusPotion"},{"floor":8,"key":"GamblersBrew"},{"floor":14,"key":"Fire Potion"},{"floor":14,"key":"SkillPotion"},{"floor":16,"key":"LiquidBronze"},{"floor":19,"key":"Explosive Potion"},{"floor":21,"key":"Weak Potion"}],"is_trial":false,"path_per_floor":["M","M","M","?","M","E","M","E","T","?","$","R","?","?","R","B",null,"M","M","$","M","M","R","E","$","T","?","?","?","M","M"],"character_chosen":"DEFECT","items_purchased":["All For One","Steam","Good Instincts","The Bomb","PowerPotion","SteroidPotion"],"campfire_rested":3,"item_purchase_floors":[25,25,25,25,25,25],"current_hp_per_floor":[74,73,66,66,66,42,40,17,17,17,17,39,24,24,46,1,75,52,52,52,28,14,36,7,7,7,32,32,32,9,0],"gold":17,"neow_bonus":"REMOVE_CARD","is_prod":false,"is_daily":false,"chose_seed":false,"campfire_upgraded":0,"win_rate":0,"timestamp":1548539603,"path_taken":["M","?","M","?","M","E","M","E","T","?","$","R","?","?","R","BOSS","M","M","$","?","M","R","E","$","T","?","?","?","?","M"],"build_version":"2019-01-23","purchased_purges":1,"victory":false,"max_hp_per_floor":[75,75,75,75,75,75,75,75,75,75,75,75,75,75,75,75,75,75,75,75,75,75,75,75,75,75,75,75,75,75,75],"card_choices":[{"not_picked":["Barrage","Aggregate"],"picked":"Turbo","floor":1},{"not_picked":["Barrage","Coolheaded"],"picked":"Conserve Battery","floor":2},{"not_picked":["Barrage","Darkness"],"picked":"BootSequence","floor":3},{"not_picked":["Hologram","Tempest"],"picked":"Beam Cell","floor":5},{"not_picked":["Blizzard","BootSequence","Streamline"],"picked":"SKIP","floor":6},{"not_picked":["Redo","Static Discharge"],"picked":"Gash","floor":7},{"not_picked":["Coolheaded","Glacier"],"picked":"All For One","floor":8},{"not_picked":["Creative AI","Thunder Strike"],"picked":"Echo Form","floor":16},{"not_picked":["Rebound","Stack+1"],"picked":"Streamline+1","floor":18},{"not_picked":["Hello World","Barrage+1","Storm"],"picked":"SKIP","floor":18},{"not_picked":["Steam Power","Reinforced Body"],"picked":"Chill","floor":19},{"not_picked":["Redo","Stack"],"picked":"Ball Lightning+1","floor":19},{"not_picked":["Turbo","Double Energy+1"],"picked":"Static Discharge+1","floor":21},{"not_picked":["Rebound","Rip and Tear+1","Coolheaded"],"picked":"SKIP","floor":21},{"not_picked":["Rebound","Rip and Tear+1"],"picked":"Coolheaded","floor":21},{"not_picked":["Machine Learning","Lockon"],"picked":"Beam Cell","floor":22},{"not_picked":["Ball Lightning","Barrage"],"picked":"Recycle+1","floor":22},{"not_picked":["Steam Power","Turbo","Stack+1"],"picked":"SKIP","floor":24},{"not_picked":["Auto Shields+1","Go for the Eyes"],"picked":"Gash","floor":30},{"not_picked":["Conserve Battery","Sweeping Beam"],"picked":"Go for the Eyes+1","floor":30}],"player_experience":286650,"relics_obtained":[{"floor":6,"key":"Bottled Lightning"},{"floor":8,"key":"Du-Vu Doll"},{"floor":9,"key":"MawBank"},{"floor":17,"key":"PreservedInsect"},{"floor":17,"key":"Mercury Hourglass"},{"floor":17,"key":"Prayer Wheel"},{"floor":24,"key":"Sundial"},{"floor":26,"key":"Blue Candle"}],"event_choices":[{"damage_healed":0,"gold_gain":0,"player_choice":"Ignored","damage_taken":0,"max_hp_gain":0,"max_hp_loss":0,"event_name":"Liars Game","floor":4,"gold_loss":0},{"damage_healed":0,"gold_gain":0,"player_choice":"Fled","damage_taken":0,"max_hp_gain":0,"max_hp_loss":0,"event_name":"Scrap Ooze","floor":10,"gold_loss":0},{"damage_healed":0,"gold_gain":0,"player_choice":"Entered Light","damage_taken":15,"max_hp_gain":0,"max_hp_loss":0,"event_name":"Shining Light","floor":13,"gold_loss":0,"cards_upgraded":["Defend_B","Turbo"]},{"damage_healed":0,"gold_gain":0,"player_choice":"Got Potions","damage_taken":0,"max_hp_gain":0,"max_hp_loss":0,"event_name":"Lab","floor":14,"gold_loss":0},{"damage_healed":25,"gold_gain":0,"player_choice":"Heal","damage_taken":0,"max_hp_gain":0,"max_hp_loss":0,"event_name":"The Library","floor":27,"gold_loss":0},{"damage_healed":0,"gold_gain":0,"player_choice":"Paid Fearfully","damage_taken":0,"max_hp_gain":0,"max_hp_loss":0,"event_name":"Masked Bandits","floor":28,"gold_loss":23},{"damage_healed":0,"gold_gain":0,"player_choice":"Inject Mutagens","damage_taken":0,"relics_obtained":["MutagenicStrength"],"max_hp_gain":0,"max_hp_loss":0,"event_name":"Drug Dealer","floor":29,"gold_loss":0}],"is_beta":false,"boss_relics":[{"not_picked":["Fusion Hammer","Snecko Eye"],"picked":"Calling Bell"}],"items_purged_floors":[25],"is_endless":false,"potions_floor_spawned":[5,7,8,16,19,21],"killed_by":"Centurion and Healer","ascension_level":2}