{"gold_per_floor":[117,117,42,117,133,167,167,207,207,207,382,382,56,72,72,72],"floor_reached":16,"playtime":594,"items_purged":["Strike_R","Doubt"],"score":144,"play_id":"7200b603-1e56-4666-969e-e281133e0573","local_time":"20190218140447","is_ascension_mode":true,"campfire_choices":[{"data":"Warcry","floor":7,"key":"SMITH"},{"data":"Power Through","floor":12,"key":"SMITH"},{"data":"Entrench","floor":15,"key":"SMITH"}],"neow_cost":"NONE","seed_source_timestamp":15143624936828,"circlet_count":0,"master_deck":["Strike_R","Strike_R","Strike_R","Defend_R","Defend_R","Defend_R","Defend_R","Bash","Second Wind","Power Through+1","Warcry+1","Entrench+1"],"relics":["Burning Blood","NeowsBlessing","Golden Idol","Sundial","Gambling Chip","Meat on the Bone","Omamori"],"potions_floor_usage":[16,16],"damage_taken":[{"damage":0,"enemies":"2 Louse","floor":1,"turns":1},{"damage":0,"enemies":"Small Slimes","floor":5,"turns":1},{"damage":0,"enemies":"Gremlin Nob","floor":6,"turns":1},{"damage":35,"enemies":"Lagavulin","floor":8,"turns":12},{"damage":9,"enemies":"Jaw Worm","floor":14,"turns":4},{"damage":35,"enemies":"Hexaghost","floor":16,"turns":14}],"seed_played":"-8163212359419517346","potions_obtained":[{"floor":5,"key":"LiquidBronze"},{"floor":6,"key":"Explosive Potion"},{"floor":8,"key":"Block Potion"}],"is_trial":false,"path_per_floor":["M","?","$","?","M","E","R","E","T","?","?","R","$","M","R","B"],"character_chosen":"IRONCLAD","items_purchased":["Entrench","Omamori"],"campfire_rested":0,"item_purchase_floors":[13,13],"current_hp_per_floor":[80,60,60,49,55,61,61,32,32,25,25,25,25,34,34,0],"gold":72,"neow_bonus":"THREE_ENEMY_KILL","is_prod":false,"is_daily":false,"chose_seed":false,"campfire_upgraded":3,"win_rate":0,"timestamp":1550466287,"path_taken":["M","?","$","?","M","E","R","E","T","?","?","R","$","M","R","BOSS"],"build_version":"2019-01-23","purchased_purges":2,"victory":false,"max_hp_per_floor":[80,80,80,80,80,80,80,80,80,80,80,80,80,80,80,80],"card_choices":[{"not_picked":["Armaments","Headbutt"],"picked":"Second Wind","floor":1},{"not_picked":["Pummel","Flex"],"picked":"Power Through","floor":5},{"not_picked":["Second Wind","Pommel Strike"],"picked":"Warcry","floor":6},{"not_picked":["Sever Soul","Warcry","Second Wind"],"picked":"SKIP","floor":8},{"not_picked":["Intimidate","Whirlwind","True Grit"],"picked":"SKIP","floor":14}],"player_experience":130393,"relics_obtained":[{"floor":6,"key":"Sundial"},{"floor":8,"key":"Gambling Chip"},{"floor":9,"key":"Meat on the Bone"}],"event_choices":[{"damage_healed":0,"gold_gain":0,"player_choice":"Take Damage","damage_taken":20,"relics_obtained":["Golden Idol"],"max_hp_gain":0,"max_hp_loss":0,"event_name":"Golden Idol","floor":2,"gold_loss":0},{"damage_healed":0,"gold_gain":75,"player_choice":"Gather Gold","damage_taken":11,"max_hp_gain":0,"max_hp_loss":0,"event_name":"World of Goop","floor":4,"gold_loss":0},{"cards_removed":["Strike_R"],"damage_healed":0,"gold_gain":0,"player_choice":"Card Removal","damage_taken":7,"max_hp_gain":0,"max_hp_loss":0,"event_name":"Golden Wing","floor":10,"gold_loss":0},{"damage_healed":0,"gold_gain":175,"player_choice":"AGREE","damage_taken":0,"max_hp_gain":0,"max_hp_loss":0,"event_name":"Liars Game","floor":11,"gold_loss":0,"cards_obtained":["Doubt"]}],"is_beta":false,"boss_relics":[],"items_purged_floors":[3,13],"is_endless":false,"potions_floor_spawned":[5,6,8],"killed_by":"Hexaghost","ascension_level":2}