{"gold_per_floor":[116,116,131,56,69,69,98,112,112,129,164,164,164,164],"floor_reached":14,"playtime":338,"items_purged":[],"score":200,"play_id":"d5b2173e-6cff-4b2c-bd7c-d7319a8cf2ef","local_time":"20190219013847","is_ascension_mode":true,"campfire_choices":[{"data":"Zap","floor":6.0,"key":"SMITH"},{"floor":13,"key":"REST"}],"neow_cost":"NONE","seed_source_timestamp":386815764563600,"circlet_count":0,"master_deck":["AscendersBane","Strike_B","Strike_B","Defend_B","Defend_B","Defend_B","Zap+1","Dualcast","FTL","Storm","Hologram","Self Repair","Heatsinks","Turbo"],"special_seed":0,"relics":["Cracked Core","Shuriken","The Courier","Smiling Mask"],"potions_floor_usage":[11,11],"damage_taken":[{"damage":4.0,"enemies":"Jaw Worm","floor":1.0,"turns":5.0},{"damage":0.0,"enemies":"2 Louse","floor":3.0,"turns":3.0},{"damage":14.0,"enemies":"Small Slimes","floor":5.0,"turns":4.0},{"damage":20.0,"enemies":"Lagavulin","floor":7.0,"turns":7.0},{"damage":2.0,"enemies":"2 Fungi Beasts","floor":8.0,"turns":3.0},{"damage":8.0,"enemies":"Blue Slaver","floor":10.0,"turns":6.0},{"damage":11,"enemies":"Gremlin Nob","floor":11,"turns":3},{"damage":37,"enemies":"3 Sentries","floor":14,"turns":5}],"seed_played":"2036248500033945332","potions_obtained":[{"floor":1.0,"key":"SteroidPotion"},{"floor":8.0,"key":"Fire Potion"}],"is_trial":false,"path_per_floor":["M","?","M","?","M","R","E","M","T","M","E","?","R","E"],"character_chosen":"DEFECT","items_purchased":[],"campfire_rested":1,"item_purchase_floors":[],"current_hp_per_floor":[60,53,53,53,39,39,19,24,24,23,19,19,40,3],"gold":164,"neow_bonus":"REMOVE_CARD","is_prod":false,"is_daily":false,"chose_seed":false,"campfire_upgraded":1,"win_rate":0,"timestamp":1550507927,"path_taken":["M","?","M","?","M","R","E","M","T","M","E","?","R","E"],"build_version":"2019-01-23","purchased_purges":0,"victory":false,"max_hp_per_floor":[71,71,71,71,71,71,71,71,71,71,71,71,71,71],"card_choices":[{"not_picked":["Glacier","Leap"],"picked":"FTL","floor":1.0},{"not_picked":["Capacitor","Compile Driver"],"picked":"Storm","floor":3.0},{"not_picked":["Stack","Go for the Eyes"],"picked":"Hologram","floor":5.0},{"not_picked":["White Noise","Blizzard"],"picked":"Self Repair","floor":7.0},{"not_picked":["Turbo","Sweeping Beam"],"picked":"Heatsinks","floor":8.0},{"not_picked":["Rainbow","Conserve Battery"],"picked":"Turbo","floor":10.0},{"not_picked":["Glacier","Chaos","Meteor Strike"],"picked":"SKIP","floor":11}],"player_experience":4341369,"relics_obtained":[{"floor":7.0,"key":"Shuriken"},{"floor":9.0,"key":"The Courier"},{"floor":11,"key":"Smiling Mask"}],"event_choices":[{"cards_removed":["Strike_B"],"damage_healed":0.0,"max_hp_gain":0.0,"max_hp_loss":0.0,"gold_gain":0.0,"event_name":"Golden Wing","player_choice":"Card Removal","floor":2.0,"gold_loss":0.0,"damage_taken":7.0},{"cards_removed":["Defend_B"],"damage_healed":0.0,"max_hp_gain":0.0,"max_hp_loss":0.0,"gold_gain":0.0,"event_name":"The Cleric","player_choice":"Card Removal","floor":4.0,"gold_loss":75.0,"damage_taken":0.0},{"damage_healed":0,"gold_gain":0,"player_choice":"Searched \u00270\u0027 times","damage_taken":0,"max_hp_gain":0,"max_hp_loss":0,"event_name":"Dead Adventurer","floor":12,"gold_loss":0}],"is_beta":false,"boss_relics":[],"items_purged_floors":[],"is_endless":false,"potions_floor_spawned":[1,8],"killed_by":"3 Sentries","ascension_level":20}