{"gold_per_floor":[11,30,30,45,55,89,104,121,148,122,141,158,158,175,175,272,272,285,174,174,10,25,25,56,67,67,127,140,172,172,87,87,186,186,198,18,36,36,53,87,87,106,174,189,208,44,61,73,73,73,73,73,73,98,98],"floor_reached":56,"playtime":5607,"items_purged":["Strike_B","Defend_B","Aggregate+1"],"score":1564,"play_id":"c26436f0-c688-40bc-8b40-e9dfce37f9e5","local_time":"20190101222340","is_ascension_mode":true,"campfire_choices":[{"floor":13,"key":"REST"},{"data":"Defragment","floor":15,"key":"SMITH"},{"data":"Buffer","floor":23,"key":"SMITH"},{"floor":32,"key":"REST"},{"floor":41,"key":"RECALL"},{"data":"Capacitor","floor":49,"key":"SMITH"},{"data":"Defragment","floor":52,"key":"SMITH"}],"neow_cost":"NO_GOLD","seed_source_timestamp":948582216709637,"circlet_count":0,"master_deck":["Zap+1","Dualcast+1","Consume+1","White Noise+1","Rebound+1","Defragment+1","Cold Snap+1","Buffer+1","Cold Snap+1","Cold Snap+1","Leap+1","Ball Lightning+1","Creative AI+1","Leap+1","Defragment+1","Fission+1","Barrage+1","Meteor Strike+1","Coolheaded+1","Cold Snap+1","Conserve Battery+1","Ghostly+1","Ghostly+1","Ghostly+1","Ghostly+1","Ghostly+1","Meteor Strike+1","Glacier+1","Hologram+1","Rainbow+1","Conserve Battery+1","Meteor Strike+1","Glacier+1","Defragment+1","Rainbow","Capacitor+1","Reinforced Body+1"],"relics":["Cracked Core","Bronze Scales","Snecko Eye","StoneCalendar","Darkstone Periapt","Tiny Chest","Boot","Art of War","Astrolabe","Mark of the Bloom","Lantern","The Courier","Vajra"],"potions_floor_usage":[6,11,12,14,24,24,24,29,54,54,55,55],"damage_taken":[{"damage":0,"enemies":"Cultist","floor":1,"turns":3},{"damage":7,"enemies":"Jaw Worm","floor":2,"turns":2},{"damage":2,"enemies":"2 Louse","floor":4,"turns":2},{"damage":8,"enemies":"Blue Slaver","floor":5,"turns":4},{"damage":37,"enemies":"Gremlin Nob","floor":6,"turns":4},{"damage":0,"enemies":"Large Slime","floor":7,"turns":5},{"damage":12,"enemies":"Exordium Wildlife","floor":8,"turns":4},{"damage":6,"enemies":"2 Fungi Beasts","floor":11,"turns":3},{"damage":1,"enemies":"3 Louse","floor":12,"turns":2},{"damage":3,"enemies":"Gremlin Gang","floor":14,"turns":3},{"damage":1,"enemies":"Hexaghost","floor":16,"turns":10},{"damage":12,"enemies":"Chosen","floor":18,"turns":5},{"damage":0,"enemies":"Shell Parasite","floor":22,"turns":3},{"damage":11,"enemies":"Slavers","floor":24,"turns":6},{"damage":0,"enemies":"Snake Plant","floor":25,"turns":2},{"damage":13,"enemies":"Gremlin Leader","floor":27,"turns":7},{"damage":0,"enemies":"Snecko","floor":28,"turns":4},{"damage":32,"enemies":"Slavers","floor":29,"turns":4},{"damage":0,"enemies":"Champ","floor":33,"turns":9},{"damage":8,"enemies":"3 Shapes","floor":35,"turns":5},{"damage":0,"enemies":"3 Darklings","floor":37,"turns":6},{"damage":0,"enemies":"Jaw Worm Horde","floor":39,"turns":3},{"damage":13,"enemies":"Nemesis","floor":40,"turns":7},{"damage":0,"enemies":"Maw","floor":42,"turns":6},{"damage":0,"enemies":"Sphere and 2 Shapes","floor":44,"turns":3},{"damage":0,"enemies":"Jaw Worm Horde","floor":45,"turns":5},{"damage":11,"enemies":"3 Darklings","floor":47,"turns":7},{"damage":2,"enemies":"Sphere and 2 Shapes","floor":48,"turns":3},{"damage":0,"enemies":"Donu and Deca","floor":50,"turns":10},{"damage":0,"enemies":"Shield and Spear","floor":54,"turns":5},{"damage":2,"enemies":"The Heart","floor":55,"turns":12}],"seed_played":"1272979688240113707","potions_obtained":[{"floor":4,"key":"SteroidPotion"},{"floor":5,"key":"FocusPotion"},{"floor":7,"key":"GamblersBrew"},{"floor":11,"key":"Fire Potion"},{"floor":12,"key":"Block Potion"},{"floor":16,"key":"Weak Potion"},{"floor":18,"key":"SkillPotion"},{"floor":27,"key":"Fire Potion"},{"floor":28,"key":"FearPotion"},{"floor":33,"key":"Energy Potion"},{"floor":37,"key":"SpeedPotion"},{"floor":42,"key":"GamblersBrew"},{"floor":54,"key":"SkillPotion"}],"is_trial":false,"path_per_floor":["M","M","?","M","M","E","M","M","T","?","M","M","R","M","R","B",null,"M","$","?","$","M","R","E","M","T","E","M","E","?","?","R","B",null,"M","$","M","?","M","E","R","M","T","M","M","$","M","M","R","B",null,"R","$","E","B",null],"character_chosen":"DEFECT","items_purchased":["Defragment","Meteor Strike","Meteor Strike","Capacitor"],"campfire_rested":2,"item_purchase_floors":[19,21,36,46],"current_hp_per_floor":[75,68,68,66,58,21,21,9,9,9,3,2,24,21,21,20,75,63,63,63,63,63,63,52,52,52,39,39,7,7,7,18,18,37,29,29,29,29,29,16,16,16,16,16,16,16,5,3,3,3,3,3,3,3,1],"gold":98,"neow_bonus":"REMOVE_TWO","is_prod":false,"is_daily":false,"chose_seed":false,"campfire_upgraded":4,"win_rate":0,"timestamp":1546399420,"path_taken":["M","?","?","M","M","E","?","M","T","?","M","M","R","M","R","BOSS","M","$","?","$","M","R","E","M","T","E","M","E","?","?","R","BOSS","M","$","M","?","M","E","R","M","T","M","M","$","M","M","R","BOSS","R","$","E","BOSS"],"build_version":"2018-12-20","purchased_purges":3,"victory":true,"max_hp_per_floor":[75,75,75,75,75,75,75,75,75,75,75,75,75,75,75,75,75,75,75,75,75,75,75,75,75,75,75,75,75,37,37,37,37,37,37,37,37,37,37,37,37,37,37,37,37,37,37,37,37,37,37,37,37,37,37],"card_choices":[{"not_picked":["Barrage","Scrape"],"picked":"Consume","floor":1},{"not_picked":["Recycle","Darkness"],"picked":"White Noise","floor":2},{"not_picked":["Leap","Ball Lightning"],"picked":"Defragment","floor":4},{"not_picked":["Ball Lightning","Barrage"],"picked":"Cold Snap","floor":5},{"not_picked":["Lockon","Steam"],"picked":"Buffer","floor":6},{"not_picked":["Gash","Barrage"],"picked":"Cold Snap","floor":7},{"not_picked":["Steam","Static Discharge","Melter"],"picked":"SKIP","floor":8},{"not_picked":["Lockon","Rebound"],"picked":"Cold Snap","floor":11},{"not_picked":["Stack","Gash"],"picked":"Leap","floor":12},{"not_picked":["Rebound","Recycle"],"picked":"Ball Lightning","floor":14},{"not_picked":["Buffer","Amplify"],"picked":"Creative AI","floor":16},{"not_picked":["Chill","Turbo+1"],"picked":"Leap","floor":18},{"not_picked":["Sweeping Beam","Cold Snap"],"picked":"Coolheaded","floor":22},{"not_picked":["Beam Cell","Ball Lightning"],"picked":"Cold Snap+1","floor":24},{"not_picked":["FTL","Stack","Coolheaded"],"picked":"SKIP","floor":25},{"not_picked":["Go for the Eyes","Auto Shields"],"picked":"Aggregate+1","floor":27},{"not_picked":["Ball Lightning","Doom and Gloom"],"picked":"Conserve Battery","floor":28},{"not_picked":["Streamline","Biased Cognition","Rebound"],"picked":"SKIP","floor":29},{"not_picked":["Thunder Strike","Multi-Cast"],"picked":"Meteor Strike","floor":33},{"not_picked":["Sweeping Beam","Compile Driver"],"picked":"Conserve Battery+1","floor":35},{"not_picked":["Scrape+1","Beam Cell"],"picked":"Glacier+1","floor":37},{"not_picked":["Barrage","Streamline"],"picked":"Defragment","floor":39},{"not_picked":["Seek","Rebound+1"],"picked":"Rainbow","floor":40},{"not_picked":["Beam Cell","Auto Shields+1","Hologram+1"],"picked":"SKIP","floor":42},{"not_picked":["BootSequence","Leap","Redo+1"],"picked":"SKIP","floor":44},{"not_picked":["BootSequence+1","Conserve Battery+1","Hologram+1"],"picked":"SKIP","floor":45},{"not_picked":["Coolheaded","Defragment+1","Conserve Battery+1"],"picked":"SKIP","floor":47},{"not_picked":["Steam+1","Ball Lightning"],"picked":"Reinforced Body+1","floor":48},{"not_picked":["Defragment","Coolheaded","Double Energy"],"picked":"SKIP","floor":54}],"player_experience":248376,"relics_obtained":[{"floor":6,"key":"Bronze Scales"},{"floor":24,"key":"StoneCalendar"},{"floor":26,"key":"Darkstone Periapt"},{"floor":27,"key":"Tiny Chest"},{"floor":29,"key":"Boot"},{"floor":40,"key":"Lantern"},{"floor":43,"key":"The Courier"},{"floor":54,"key":"Vajra"}],"event_choices":[{"damage_healed":0,"gold_gain":0,"player_choice":"2 cards matched","damage_taken":0,"max_hp_gain":0,"max_hp_loss":0,"event_name":"Match and Keep!","floor":3,"gold_loss":0,"cards_obtained":["Rebound","Darkness"]},{"damage_healed":0,"gold_gain":0,"player_choice":"Left Gold","damage_taken":0,"max_hp_gain":0,"max_hp_loss":0,"event_name":"World of Goop","floor":10,"gold_loss":26},{"damage_healed":0,"gold_gain":0,"cards_transformed":["Strike_B","Darkness"],"player_choice":"Became Test Subject","damage_taken":0,"max_hp_gain":0,"max_hp_loss":0,"event_name":"Drug Dealer","floor":20,"gold_loss":0,"cards_obtained":["Fission","Barrage"]},{"damage_healed":0,"gold_gain":0,"player_choice":"Became a Ghost","damage_taken":0,"max_hp_gain":0,"max_hp_loss":38,"event_name":"Ghosts","floor":30,"gold_loss":0,"cards_obtained":["Ghostly","Ghostly","Ghostly","Ghostly","Ghostly"]},{"damage_healed":0,"gold_gain":0,"player_choice":"Obtained Relic","damage_taken":0,"relics_obtained":["Art of War"],"max_hp_gain":0,"max_hp_loss":0,"event_name":"Addict","floor":31,"gold_loss":85},{"damage_healed":0,"gold_gain":0,"player_choice":"Upgrade","damage_taken":0,"relics_obtained":["Mark of the Bloom"],"max_hp_gain":0,"max_hp_loss":0,"event_name":"MindBloom","floor":38,"gold_loss":0,"cards_upgraded":["Zap","Dualcast","Consume","White Noise","Rebound","Cold Snap","Cold Snap","Cold Snap","Leap","Ball Lightning","Creative AI","Leap","Defragment","Fission","Barrage","Meteor Strike","Coolheaded","Conserve Battery","Ghostly","Ghostly","Ghostly","Ghostly","Ghostly","Meteor Strike","Meteor Strike"]}],"is_beta":false,"boss_relics":[{"not_picked":["White Beast Statue","Lizard Tail"],"picked":"Snecko Eye"},{"not_picked":["Pandora\u0027s Box","Orrery"],"picked":"Astrolabe"}],"items_purged_floors":[19,36,46],"is_endless":false,"potions_floor_spawned":[4,5,7,11,12,16,18,27,28,33,37,42,45,47,54],"ascension_level":3}