{"gold_per_floor":[116,191,211,223,143,143,171,191,240,286,298],"floor_reached":11,"playtime":309,"items_purged":[],"score":146,"play_id":"94dfe5b8-17f5-4315-98c7-32241f024135","local_time":"20190302013448","is_ascension_mode":true,"campfire_choices":[{"data":"Crippling Poison","floor":6,"key":"SMITH"}],"neow_cost":"NONE","seed_source_timestamp":1337059234807000,"circlet_count":0,"master_deck":["AscendersBane","Defend_G","Defend_G","Defend_G","Defend_G","Defend_G","Strike_G","Strike_G","Strike_G","Strike_G","Strike_G","Survivor","Neutralize","Underhanded Strike","Crippling Poison+1","Distraction","Catalyst","Bouncing Flask"],"relics":["Ring of the Snake","Darkstone Periapt","Regal Pillow","Happy Flower","MawBank"],"potions_floor_usage":[7,11],"damage_taken":[{"damage":3,"enemies":"Small Slimes","floor":1,"turns":5},{"damage":9,"enemies":"Cultist","floor":3,"turns":6},{"damage":7,"enemies":"2 Louse","floor":4,"turns":3},{"damage":22,"enemies":"3 Sentries","floor":7,"turns":13},{"damage":8,"enemies":"2 Fungi Beasts","floor":8,"turns":3},{"damage":16,"enemies":"Lagavulin","floor":11,"turns":5}],"seed_played":"1418505811769476782","potions_obtained":[{"floor":3,"key":"Poison Potion"},{"floor":8,"key":"GhostInAJar"}],"is_trial":false,"path_per_floor":["M","?","M","M","?","R","E","M","T","T","E"],"character_chosen":"THE_SILENT","items_purchased":[],"campfire_rested":0,"item_purchase_floors":[],"current_hp_per_floor":[62,51,42,35,35,35,13,5,5,5,0],"gold":298,"neow_bonus":"TEN_PERCENT_HP_BONUS","is_prod":false,"is_daily":false,"chose_seed":false,"campfire_upgraded":1,"win_rate":0,"timestamp":1551458088,"path_taken":["M","?","M","M","?","R","E","?","T","?","E"],"build_version":"2019-01-23","purchased_purges":0,"victory":false,"max_hp_per_floor":[72,72,72,72,72,72,72,72,72,72,72],"card_choices":[{"not_picked":["Concentrate","Cloak And Dagger"],"picked":"Underhanded Strike","floor":1},{"not_picked":["Concentrate","Prepared"],"picked":"Crippling Poison","floor":3},{"not_picked":["Blade Dance","Cloak And Dagger"],"picked":"Distraction","floor":4},{"not_picked":["Prepared","Backflip"],"picked":"Catalyst","floor":7},{"not_picked":["Tactician","Sucker Punch"],"picked":"Bouncing Flask","floor":8}],"player_experience":4444245,"relics_obtained":[{"floor":7,"key":"Regal Pillow"},{"floor":9,"key":"Happy Flower"},{"floor":10,"key":"MawBank"}],"event_choices":[{"damage_healed":0,"gold_gain":75,"player_choice":"Gather Gold","damage_taken":11,"max_hp_gain":0,"max_hp_loss":0,"event_name":"World of Goop","floor":2,"gold_loss":0},{"damage_healed":0,"gold_gain":0,"player_choice":"Paid Gold","damage_taken":0,"relics_obtained":["Darkstone Periapt"],"max_hp_gain":0,"max_hp_loss":0,"event_name":"WeMeetAgain","floor":5,"gold_loss":80}],"is_beta":false,"boss_relics":[],"items_purged_floors":[],"is_endless":false,"potions_floor_spawned":[3,8],"killed_by":"Lagavulin","ascension_level":20}