{"gold_per_floor":[116,41,41,60,74,74,149,149,149,49,224,234,109,120,120,120],"floor_reached":16,"playtime":373,"items_purged":["Strike_R","Strike_R","Doubt"],"score":131,"play_id":"72c641dd-6450-4d30-8aef-18bbf142e1c0","local_time":"20190301222329","is_ascension_mode":true,"campfire_choices":[{"data":"Bash","floor":6.0,"key":"SMITH"},{"floor":8.0,"key":"REST"},{"floor":15,"key":"REST"}],"neow_cost":"NONE","seed_source_timestamp":1130067038780012,"circlet_count":0,"master_deck":["Strike_R","Defend_R","Defend_R","Defend_R","Defend_R","Bash+1"],"special_seed":0,"relics":["Burning Blood","Self Forming Clay"],"potions_floor_usage":[14,14],"damage_taken":[{"damage":10.0,"enemies":"Small Slimes","floor":1.0,"turns":4.0},{"damage":14.0,"enemies":"2 Louse","floor":4.0,"turns":3.0},{"damage":7.0,"enemies":"Jaw Worm","floor":5.0,"turns":3.0},{"damage":16.0,"enemies":"Blue Slaver","floor":12.0,"turns":6.0},{"damage":22,"enemies":"Large Slime","floor":14,"turns":7},{"damage":65,"enemies":"The Guardian","floor":16,"turns":8}],"seed_played":"1067172211959109571","potions_obtained":[{"floor":1.0,"key":"Swift Potion"},{"floor":5.0,"key":"Energy Potion"},{"floor":12.0,"key":"EssenceOfSteel"}],"is_trial":false,"path_per_floor":["M","$","?","M","M","R","?","R","T","$","?","M","$","M","R","B"],"character_chosen":"IRONCLAD","items_purchased":[],"campfire_rested":2,"item_purchase_floors":[],"current_hp_per_floor":[68,68,61,53,52,52,41,65,65,65,65,55,55,39,63,0],"gold":120,"neow_bonus":"REMOVE_CARD","is_prod":false,"is_daily":false,"chose_seed":false,"campfire_upgraded":1,"win_rate":0,"timestamp":1551446609,"path_taken":["M","$","?","M","M","R","?","R","T","$","?","M","$","M","R","BOSS"],"build_version":"2019-01-23","purchased_purges":3,"victory":false,"max_hp_per_floor":[80,80,80,80,80,80,80,80,80,80,80,80,80,80,80,80],"card_choices":[{"not_picked":["Intimidate","Havoc","Wild Strike"],"picked":"SKIP","floor":1.0},{"not_picked":["Clash","Perfected Strike","Iron Wave"],"picked":"SKIP","floor":4.0},{"not_picked":["True Grit","Thunderclap","Armaments"],"picked":"SKIP","floor":5.0},{"not_picked":["Whirlwind","Twin Strike","Immolate"],"picked":"SKIP","floor":12.0},{"not_picked":["True Grit","Body Slam","Rage"],"picked":"SKIP","floor":14}],"player_experience":219228,"relics_obtained":[{"floor":9.0,"key":"Self Forming Clay"}],"event_choices":[{"cards_removed":["Strike_R"],"damage_healed":0.0,"max_hp_gain":0.0,"max_hp_loss":0.0,"gold_gain":0.0,"event_name":"Golden Wing","player_choice":"Card Removal","floor":3.0,"gold_loss":0.0,"damage_taken":7.0},{"damage_healed":0.0,"max_hp_gain":0.0,"max_hp_loss":0.0,"gold_gain":75.0,"event_name":"World of Goop","player_choice":"Gather Gold","floor":7.0,"gold_loss":0.0,"damage_taken":11.0},{"damage_healed":0.0,"max_hp_gain":0.0,"max_hp_loss":0.0,"gold_gain":175.0,"event_name":"Liars Game","player_choice":"AGREE","floor":11.0,"gold_loss":0.0,"damage_taken":0.0,"cards_obtained":["Doubt"]}],"is_beta":false,"boss_relics":[],"items_purged_floors":[2,10,13],"is_endless":false,"potions_floor_spawned":[1,5,12],"killed_by":"The Guardian","ascension_level":9}