{"gold_per_floor":[114,114,133,153,168,168,178,212,212,212,212,246,246,266,266,337,337,348,382,19,19,38,67,67,67,67,97,97,116,151,168,168,246,246,260,306,406,113,113,113,143,153,153,153,153,125,125,141,141,141],"floor_reached":51,"playtime":3848,"items_purged":["Strike_R"],"score":1535,"play_id":"78c222cc-48a2-4fd8-9c3c-230fb3b9e246","local_time":"20190315185120","is_ascension_mode":true,"campfire_choices":[{"data":"Whirlwind","floor":6.0,"key":"SMITH"},{"floor":10.0,"key":"REST"},{"data":"Fiend Fire","floor":15.0,"key":"SMITH"},{"data":"Corruption","floor":24.0,"key":"SMITH"},{"floor":28.0,"key":"REST"},{"floor":32.0,"key":"DIG"},{"data":"Barricade","floor":40.0,"key":"SMITH"},{"data":"Corruption","floor":47.0,"key":"SMITH"},{"floor":49.0,"key":"DIG"}],"neow_cost":"TEN_PERCENT_HP_LOSS","seed_source_timestamp":26392404167159,"circlet_count":0,"master_deck":["AscendersBane","Strike_R","Defend_R","Defend_R","Defend_R","Defend_R","Bash","Immolate","Feel No Pain","Pummel","Whirlwind+1","Corruption+1","Armaments+1","True Grit","Fiend Fire+1","Barricade+1","Entrench","Battle Trance","Shame","Whirlwind+1","Inflame","Ghostly Armor","Sever Soul","Dark Embrace","Battle Trance","Flame Barrier+1","Second Wind","Battle Trance","Corruption+1","Feel No Pain","Disarm+1","Madness+1","Madness","Headbutt","Havoc","Exhume"],"special_seed":0,"relics":["Burning Blood","Vajra","Dead Branch","Darkstone Periapt","Mark of Pain","Red Mask","Lee\u0027s Waffle","Du-Vu Doll","Singing Bowl","Shovel","Bag of Preparation","Magic Flower","Ginger","Orrery","Gambling Chip","Champion Belt","Juzu Bracelet","Oddly Smooth Stone","War Paint","Charon\u0027s Ashes"],"potions_floor_usage":[50],"damage_taken":[{"damage":7.0,"enemies":"Jaw Worm","floor":1.0,"turns":2.0},{"damage":7.0,"enemies":"Small Slimes","floor":3.0,"turns":3.0},{"damage":4.0,"enemies":"2 Louse","floor":4.0,"turns":2.0},{"damage":20.0,"enemies":"Large Slime","floor":5.0,"turns":5.0},{"damage":31.0,"enemies":"Exordium Thugs","floor":7.0,"turns":4.0},{"damage":20.0,"enemies":"Gremlin Nob","floor":8.0,"turns":4.0},{"damage":20.0,"enemies":"Lagavulin","floor":12.0,"turns":6.0},{"damage":8.0,"enemies":"Blue Slaver","floor":14.0,"turns":3.0},{"damage":29.0,"enemies":"The Guardian","floor":16.0,"turns":7.0},{"damage":17.0,"enemies":"2 Thieves","floor":18.0,"turns":2.0},{"damage":15.0,"enemies":"Masked Bandits","floor":19.0,"turns":2.0},{"damage":21.0,"enemies":"3 Byrds","floor":22.0,"turns":4.0},{"damage":2.0,"enemies":"Gremlin Leader","floor":23.0,"turns":3.0},{"damage":52.0,"enemies":"Book of Stabbing","floor":27.0,"turns":5.0},{"damage":8.0,"enemies":"Snecko","floor":29.0,"turns":6.0},{"damage":3.0,"enemies":"Slavers","floor":30.0,"turns":4.0},{"damage":6.0,"enemies":"Centurion and Healer","floor":31.0,"turns":3.0},{"damage":6.0,"enemies":"Automaton","floor":33.0,"turns":5.0},{"damage":1.0,"enemies":"3 Darklings","floor":35.0,"turns":2.0},{"damage":0.0,"enemies":"2 Orb Walkers","floor":36.0,"turns":4.0},{"damage":0.0,"enemies":"Mind Bloom Boss Battle","floor":37.0,"turns":3.0},{"damage":0.0,"enemies":"Nemesis","floor":41.0,"turns":7.0},{"damage":3.0,"enemies":"Orb Walker","floor":42.0,"turns":6.0},{"damage":20.0,"enemies":"Maw","floor":48.0,"turns":4.0},{"damage":27,"enemies":"Time Eater","floor":50,"turns":11}],"seed_played":"130906663270267262","potions_obtained":[{"floor":3.0,"key":"Explosive Potion"},{"floor":7.0,"key":"SneckoOil"},{"floor":8.0,"key":"SneckoOil"},{"floor":14.0,"key":"Strength Potion"},{"floor":18.0,"key":"Regen Potion"},{"floor":29.0,"key":"Block Potion"},{"floor":30.0,"key":"Explosive Potion"},{"floor":31.0,"key":"Swift Potion"},{"floor":33.0,"key":"Energy Potion"},{"floor":35.0,"key":"SteroidPotion"}],"is_trial":false,"path_per_floor":["M","?","M","M","M","R","M","E","T","R","?","E","?","M","R","B",null,"M","?","$","?","M","E","R","?","T","E","R","M","E","M","R","B",null,"M","?","?","$","?","R","E","M","T","?","?","$","R","M","R","B",null],"character_chosen":"IRONCLAD","items_purchased":["Lee\u0027s Waffle","GamblersBrew","FearPotion","Juzu Bracelet","Strength Potion","Havoc"],"campfire_rested":2,"item_purchase_floors":[20,20,20,38,38,46],"current_hp_per_floor":[67,60,59,61,47,47,22,8,8,28,50,36,36,34,34,11,54,43,39,75,81,66,72,72,72,72,28,53,51,54,57,57,60,79,85,85,87,87,71,71,82,90,90,90,90,90,90,79,79,61],"gold":141,"neow_bonus":"THREE_RARE_CARDS","is_prod":false,"is_daily":false,"chose_seed":false,"campfire_upgraded":5,"win_rate":0,"timestamp":1552643480,"path_taken":["M","?","M","M","M","R","M","E","T","R","?","E","?","M","R","BOSS","M","?","$","?","M","E","R","?","T","E","R","?","E","M","R","BOSS","M","?","?","?","?","R","E","M","T","?","?","$","R","M","R","BOSS"],"build_version":"2019-01-23","purchased_purges":1,"victory":true,"max_hp_per_floor":[68,68,68,68,68,68,68,68,68,68,68,68,68,68,68,68,68,68,68,75,81,81,83,83,83,83,85,85,85,85,85,85,85,85,85,85,87,87,87,87,89,91,91,91,91,91,91,91,91,91],"card_choices":[{"not_picked":["Brutality","Double Tap"],"picked":"Immolate","floor":0.0},{"not_picked":["Shrug It Off","Thunderclap"],"picked":"Feel No Pain","floor":1.0},{"not_picked":["Fire Breathing","Perfected Strike"],"picked":"Sword Boomerang","floor":3.0},{"not_picked":["Hemokinesis","Body Slam"],"picked":"Pummel","floor":4.0},{"not_picked":["Thunderclap","Wild Strike"],"picked":"Whirlwind","floor":5.0},{"not_picked":["Pommel Strike","Clothesline"],"picked":"Corruption","floor":7.0},{"not_picked":["Wild Strike","Pommel Strike"],"picked":"Armaments","floor":8.0},{"not_picked":["Entrench","Cleave"],"picked":"True Grit","floor":12.0},{"not_picked":["Clash","Sentinel"],"picked":"Fiend Fire","floor":14.0},{"not_picked":["Fiend Fire","Brutality"],"picked":"Barricade","floor":16.0},{"not_picked":["Warcry","Clothesline"],"picked":"Entrench","floor":18.0},{"not_picked":["Clothesline","Armaments"],"picked":"Battle Trance","floor":19.0},{"not_picked":["Clash","Heavy Blade"],"picked":"Whirlwind+1","floor":22.0},{"not_picked":["Berserk","Iron Wave","Feed"],"picked":"Singing Bowl","floor":23.0},{"not_picked":["Iron Wave+1","Twin Strike","Headbutt"],"picked":"Singing Bowl","floor":27.0},{"not_picked":["Warcry","Havoc"],"picked":"Inflame","floor":29.0},{"not_picked":["Entrench","Clash"],"picked":"Ghostly Armor","floor":30.0},{"not_picked":["Warcry","Headbutt"],"picked":"Sever Soul","floor":31.0},{"not_picked":["Offering","Fiend Fire"],"picked":"Dark Embrace","floor":33.0},{"not_picked":["Twin Strike","Inflame"],"picked":"Battle Trance","floor":34.0},{"not_picked":["Warcry","Pommel Strike"],"picked":"Flame Barrier+1","floor":34.0},{"not_picked":["Carnage","Heavy Blade"],"picked":"Second Wind","floor":34.0},{"not_picked":["Cleave+1","Twin Strike"],"picked":"Battle Trance","floor":34.0},{"not_picked":["Dropkick","Twin Strike"],"picked":"Corruption","floor":34.0},{"not_picked":["Shrug It Off","Warcry"],"picked":"Feel No Pain","floor":35.0},{"not_picked":["Reckless Charge+1","Shrug It Off"],"picked":"Disarm+1","floor":36.0},{"not_picked":["Armaments","Warcry","Shrug It Off+1"],"picked":"Singing Bowl","floor":37.0},{"not_picked":["Flex","Sword Boomerang","Entrench"],"picked":"Singing Bowl","floor":41.0},{"not_picked":["Shrug It Off+1","Intimidate","Anger"],"picked":"Singing Bowl","floor":42.0},{"not_picked":["Clothesline","Perfected Strike+1"],"picked":"Exhume","floor":48.0}],"player_experience":334036,"relics_obtained":[{"floor":8.0,"key":"Vajra"},{"floor":9.0,"key":"Dead Branch"},{"floor":12.0,"key":"Darkstone Periapt"},{"floor":19.0,"key":"Red Mask"},{"floor":23.0,"key":"Singing Bowl"},{"floor":26.0,"key":"Shovel"},{"floor":27.0,"key":"Bag of Preparation"},{"floor":30.0,"key":"Magic Flower"},{"floor":32.0,"key":"Ginger"},{"floor":36.0,"key":"Gambling Chip"},{"floor":37.0,"key":"Champion Belt"},{"floor":41.0,"key":"Oddly Smooth Stone"},{"floor":43.0,"key":"War Paint"},{"floor":49.0,"key":"Charon\u0027s Ashes"}],"event_choices":[{"cards_removed":["Strike_R"],"damage_healed":0.0,"max_hp_gain":0.0,"max_hp_loss":0.0,"gold_gain":0.0,"event_name":"Golden Wing","player_choice":"Card Removal","floor":2.0,"gold_loss":0.0,"damage_taken":7.0},{"damage_healed":22.0,"max_hp_gain":0.0,"max_hp_loss":0.0,"gold_gain":0.0,"event_name":"Big Fish","player_choice":"Banana","floor":11.0,"gold_loss":0.0,"damage_taken":0.0},{"damage_healed":0.0,"max_hp_gain":0.0,"max_hp_loss":0.0,"gold_gain":0.0,"event_name":"Liars Game","player_choice":"Ignored","floor":13.0,"gold_loss":0.0,"damage_taken":0.0},{"damage_healed":0.0,"max_hp_gain":0.0,"max_hp_loss":0.0,"gold_gain":0.0,"event_name":"Masked Bandits","player_choice":"Fought Bandits","floor":19.0,"gold_loss":0.0,"damage_taken":0.0},{"damage_healed":0.0,"max_hp_gain":0.0,"max_hp_loss":0.0,"gold_gain":0.0,"event_name":"Addict","player_choice":"Stole Relic","floor":21.0,"gold_loss":0.0,"damage_taken":0.0,"relics_obtained":["Du-Vu Doll"],"cards_obtained":["Shame"]},{"cards_removed":["Strike_R"],"damage_healed":0.0,"max_hp_gain":0.0,"max_hp_loss":0.0,"gold_gain":0.0,"event_name":"Purifier","player_choice":"Purged","floor":25.0,"gold_loss":0.0,"damage_taken":0.0},{"damage_healed":0.0,"max_hp_gain":0.0,"max_hp_loss":0.0,"gold_gain":0.0,"event_name":"Mysterious Sphere","player_choice":"Fight","floor":36.0,"gold_loss":0.0,"damage_taken":0.0},{"damage_healed":0.0,"max_hp_gain":0.0,"max_hp_loss":0.0,"gold_gain":0.0,"event_name":"MindBloom","player_choice":"Fight","floor":37.0,"gold_loss":0.0,"damage_taken":0.0},{"damage_healed":0.0,"max_hp_gain":0.0,"max_hp_loss":0.0,"gold_gain":0.0,"event_name":"Winding Halls","player_choice":"Embrace Madness","floor":39.0,"gold_loss":0.0,"damage_taken":16.0,"cards_obtained":["Madness","Madness"]},{"damage_healed":0.0,"max_hp_gain":0.0,"max_hp_loss":0.0,"gold_gain":0.0,"cards_transformed":["Strike_R"],"event_name":"Transmorgrifier","player_choice":"Transformed","floor":44.0,"gold_loss":0.0,"damage_taken":0.0,"cards_obtained":["Headbutt"]},{"cards_removed":["Sword Boomerang"],"damage_healed":0.0,"max_hp_gain":0.0,"max_hp_loss":0.0,"gold_gain":0.0,"event_name":"Falling","player_choice":"Removed Attack","floor":45.0,"gold_loss":0.0,"damage_taken":0.0}],"is_beta":false,"boss_relics":[{"not_picked":["Sozu","Runic Cube"],"picked":"Mark of Pain"},{"not_picked":["Velvet Choker","Runic Dome"],"picked":"Orrery"}],"items_purged_floors":[38],"is_endless":false,"potions_floor_spawned":[3,7,8,14,18,29,30,31,33,35,36,42,48],"ascension_level":17}