{"gold_per_floor":[109,109,122,138,63,63,97,109,135,147,199,16,95,95],"floor_reached":14,"playtime":585,"items_purged":["Strike_B"],"score":113,"play_id":"b7d99d1c-efd9-4bd0-a4f6-5e1b25ae9d8f","local_time":"20190127145101","is_ascension_mode":true,"campfire_choices":[{"data":"Zap","floor":6,"key":"SMITH"}],"neow_cost":"NONE","seed_source_timestamp":3998108849400,"circlet_count":0,"master_deck":["Strike_B","Strike_B","Strike_B","Defend_B","Defend_B","Defend_B","Zap+1","Dualcast","Skim","Conserve Battery","Auto Shields","Injury","Streamline"],"relics":["Cracked Core","Regal Pillow","MawBank","Golden Idol","Potion Belt","Membership Card","Kunai"],"potions_floor_usage":[7,7,7,11],"damage_taken":[{"damage":3,"enemies":"2 Louse","floor":1,"turns":2},{"damage":4,"enemies":"Small Slimes","floor":3,"turns":3},{"damage":12,"enemies":"Jaw Worm","floor":4,"turns":3},{"damage":17,"enemies":"Lagavulin","floor":7,"turns":6},{"damage":1,"enemies":"Blue Slaver","floor":8,"turns":4},{"damage":33,"enemies":"3 Sentries","floor":11,"turns":7},{"damage":6,"enemies":"Lots of Slimes","floor":14,"turns":1}],"seed_played":"-8975808881488175231","potions_obtained":[{"floor":1,"key":"Block Potion"},{"floor":3,"key":"Weak Potion"},{"floor":4,"key":"Weak Potion"},{"floor":7,"key":"PowerPotion"}],"is_trial":false,"path_per_floor":["M","?","M","M","$","R","E","M","T","?","E","$","T","M"],"character_chosen":"DEFECT","items_purchased":["Membership Card"],"campfire_rested":0,"item_purchase_floors":[12],"current_hp_per_floor":[79,72,68,56,56,56,39,38,38,38,5,5,5,0],"gold":95,"neow_bonus":"TEN_PERCENT_HP_BONUS","is_prod":false,"is_daily":false,"chose_seed":false,"campfire_upgraded":1,"win_rate":0,"timestamp":1548597061,"path_taken":["M","?","M","M","$","R","E","M","T","?","E","?","?","M"],"build_version":"2019-01-23","purchased_purges":1,"victory":false,"max_hp_per_floor":[82,82,82,82,82,82,82,82,82,82,82,82,82,82],"card_choices":[{"not_picked":["Capacitor","Conserve Battery"],"picked":"Skim","floor":1},{"not_picked":["Coolheaded","Rebound"],"picked":"Conserve Battery","floor":3},{"not_picked":["Ball Lightning","Doom and Gloom","Recycle"],"picked":"SKIP","floor":4},{"not_picked":["Stack","Multi-Cast"],"picked":"Auto Shields","floor":7},{"not_picked":["Auto Shields","Cold Snap","Hello World"],"picked":"SKIP","floor":8},{"not_picked":["Undo","Blizzard"],"picked":"Streamline","floor":11}],"player_experience":298739,"relics_obtained":[{"floor":7,"key":"Regal Pillow"},{"floor":9,"key":"MawBank"},{"floor":11,"key":"Potion Belt"},{"floor":13,"key":"Kunai"}],"event_choices":[{"cards_removed":["Defend_B"],"damage_healed":0,"gold_gain":0,"player_choice":"Card Removal","damage_taken":7,"max_hp_gain":0,"max_hp_loss":0,"event_name":"Golden Wing","floor":2,"gold_loss":0},{"damage_healed":0,"gold_gain":0,"player_choice":"Take Wound","damage_taken":0,"relics_obtained":["Golden Idol"],"max_hp_gain":0,"max_hp_loss":0,"event_name":"Golden Idol","floor":10,"gold_loss":0,"cards_obtained":["Injury"]}],"is_beta":false,"boss_relics":[],"items_purged_floors":[5],"is_endless":false,"potions_floor_spawned":[1,3,4,7],"killed_by":"Lots of Slimes","ascension_level":3}