{"gold_per_floor":[118,133,146,74,85,100,100,64,64,89,108,133,133,168,168,296,296,315,336,374,63,63,114,126,152,164,214,245,278,305,331,343,483,495,525,560,905,435,448,0,20,33,33,59,74,74,119,130,130,130,130,130,56,82,82],"floor_reached":55,"playtime":6801,"items_purged":["Strike_B"],"score":815,"play_id":"c5b8bd31-7c1d-467f-8468-8ce5184f3df2","local_time":"20190211235647","is_ascension_mode":false,"campfire_choices":[{"data":"Zap","floor":7.0,"key":"SMITH"},{"data":"Sunder","floor":15.0,"key":"SMITH"},{"floor":24.0,"key":"REST"},{"data":"Recycle","floor":32.0,"key":"SMITH"},{"floor":46.0,"key":"RECALL"},{"data":"Dualcast","floor":49.0,"key":"SMITH"},{"data":"Machine Learning","floor":52.0,"key":"SMITH"}],"neow_cost":"NONE","seed_source_timestamp":0,"circlet_count":0,"master_deck":["Defend_B+1","Defend_B","Defend_B","Defend_B","Zap+1","Dualcast+1","Coolheaded+1","Leap","Self Repair","Capacitor","Cold Snap","Chill","Sunder+1","Reprogram","Ball Lightning","Loop","Heatsinks","Machine Learning+1","Coolheaded+1","Ball Lightning+1","Defragment","Glacier","Defragment","Consume","Static Discharge","Recycle+1","Buffer","Buffer+1","Aggregate+1","Rainbow+1","Go for the Eyes+1","Conserve Battery+1","Amplify"],"special_seed":0,"relics":["Cracked Core","Mercury Hourglass","Bag of Preparation","Ornamental Fan","Ancient Tea Set","Velvet Choker","Red Mask","Pantograph","MawBank","Orichalcum","Molten Egg 2","Dodecahedron","Astrolabe","ClockworkSouvenir","Regal Pillow","Runic Capacitor","Gremlin Horn","Sundial","War Paint","Bottled Tornado"],"potions_floor_usage":[55,55,55],"damage_taken":[{"damage":0.0,"enemies":"Small Slimes","floor":1.0,"turns":2.0},{"damage":0.0,"enemies":"2 Louse","floor":2.0,"turns":2.0},{"damage":0.0,"enemies":"Cultist","floor":3.0,"turns":4.0},{"damage":16.0,"enemies":"Exordium Wildlife","floor":5.0,"turns":7.0},{"damage":9.0,"enemies":"3 Louse","floor":6.0,"turns":4.0},{"damage":12.0,"enemies":"3 Sentries","floor":10.0,"turns":9.0},{"damage":6.0,"enemies":"Exordium Thugs","floor":11.0,"turns":4.0},{"damage":0.0,"enemies":"Gremlin Nob","floor":12.0,"turns":2.0},{"damage":0.0,"enemies":"3 Sentries","floor":14.0,"turns":5.0},{"damage":12.0,"enemies":"Slime Boss","floor":16.0,"turns":9.0},{"damage":17.0,"enemies":"2 Thieves","floor":18.0,"turns":4.0},{"damage":24.0,"enemies":"3 Byrds","floor":19.0,"turns":5.0},{"damage":11.0,"enemies":"Masked Bandits","floor":20.0,"turns":3.0},{"damage":23.0,"enemies":"Gremlin Leader","floor":23.0,"turns":7.0},{"damage":1.0,"enemies":"Snecko","floor":25.0,"turns":6.0},{"damage":6.0,"enemies":"Book of Stabbing","floor":27.0,"turns":7.0},{"damage":13.0,"enemies":"Sentry and Sphere","floor":28.0,"turns":5.0},{"damage":21.0,"enemies":"Snake Plant","floor":29.0,"turns":4.0},{"damage":5.0,"enemies":"Centurion and Healer","floor":30.0,"turns":8.0},{"damage":1.0,"enemies":"Chosen and Byrds","floor":31.0,"turns":6.0},{"damage":4.0,"enemies":"Automaton","floor":33.0,"turns":11.0},{"damage":8.0,"enemies":"3 Darklings","floor":35.0,"turns":6.0},{"damage":0.0,"enemies":"3 Shapes","floor":36.0,"turns":3.0},{"damage":15.0,"enemies":"3 Darklings","floor":39.0,"turns":8.0},{"damage":9.0,"enemies":"Jaw Worm Horde","floor":41.0,"turns":6.0},{"damage":2.0,"enemies":"Spire Growth","floor":42.0,"turns":7.0},{"damage":0.0,"enemies":"Nemesis","floor":44.0,"turns":11.0},{"damage":0.0,"enemies":"Writhing Mass","floor":45.0,"turns":8.0},{"damage":0.0,"enemies":"Sphere and 2 Shapes","floor":48.0,"turns":6.0},{"damage":26.0,"enemies":"Time Eater","floor":50.0,"turns":13.0},{"damage":49.0,"enemies":"Shield and Spear","floor":54.0,"turns":9.0},{"damage":66,"enemies":"The Heart","floor":55,"turns":11}],"seed_played":"-9058181415244201036","potions_obtained":[{"floor":5.0,"key":"Strength Potion"},{"floor":6.0,"key":"Explosive Potion"},{"floor":10.0,"key":"Fire Potion"},{"floor":12.0,"key":"Poison Potion"},{"floor":16.0,"key":"SpeedPotion"},{"floor":27.0,"key":"FocusPotion"},{"floor":28.0,"key":"Ancient Potion"},{"floor":33.0,"key":"Explosive Potion"},{"floor":41.0,"key":"LiquidBronze"}],"is_trial":false,"path_per_floor":["M","M","M","$","M","M","R","$","T","E","M","E","?","E","R","B",null,"M","M","?","$","?","E","R","M","T","E","M","M","M","M","R","B",null,"M","M","?","$","M","$","M","M","T","E","M","R","T","M","R","B",null,"R","$","E","B"],"character_chosen":"DEFECT","items_purchased":["Capacitor","Sunder","Defragment","Pantograph","ClockworkSouvenir","SpeedPotion","Regal Pillow","Runic Capacitor","Gremlin Horn","LiquidBronze"],"campfire_rested":1,"item_purchase_floors":[4,8,21,21,38,38,38,40,40,53],"current_hp_per_floor":[82,82,82,82,73,71,71,71,71,66,67,67,47,54,54,49,82,72,55,44,44,44,28,52,58,58,59,53,39,41,47,47,68,82,81,81,81,81,73,73,71,76,76,82,82,82,82,82,82,63,82,82,82,40,0],"gold":82,"neow_bonus":"TEN_PERCENT_HP_BONUS","is_prod":false,"is_daily":false,"chose_seed":false,"campfire_upgraded":5,"win_rate":0,"timestamp":1549897007,"path_taken":["M","M","M","$","M","M","R","$","T","E","M","E","?","E","R","BOSS","M","M","?","$","?","E","R","M","T","E","M","M","M","M","R","BOSS","M","?","?","$","M","$","M","M","T","E","M","R","?","M","R","BOSS","R","$","E","BOSS"],"build_version":"2019-01-23","purchased_purges":1,"victory":false,"max_hp_per_floor":[82,82,82,82,82,82,82,82,82,82,82,82,82,82,82,82,82,82,82,82,82,82,82,82,82,82,82,82,82,82,82,82,82,82,82,82,82,82,82,82,82,82,82,82,82,82,82,82,82,82,82,82,82,82,82],"card_choices":[{"not_picked":["Barrage","Rebound"],"picked":"Coolheaded","floor":1.0},{"not_picked":["FTL","Compile Driver"],"picked":"Leap","floor":2.0},{"not_picked":["Fusion","Cold Snap"],"picked":"Self Repair","floor":3.0},{"not_picked":["Stack","Hello World"],"picked":"Cold Snap","floor":5.0},{"not_picked":["Go for the Eyes","Barrage"],"picked":"Chill","floor":6.0},{"not_picked":["Steam","Rebound"],"picked":"Reprogram","floor":10.0},{"not_picked":["Sunder","Reprogram"],"picked":"Ball Lightning","floor":11.0},{"not_picked":["Fusion","Ball Lightning"],"picked":"Loop","floor":12.0},{"not_picked":["Sweeping Beam","Gash"],"picked":"Heatsinks","floor":14.0},{"not_picked":["Buffer","Thunder Strike"],"picked":"Machine Learning","floor":16.0},{"not_picked":["Streamline","Beam Cell"],"picked":"Coolheaded+1","floor":18.0},{"not_picked":["Heatsinks","Loop"],"picked":"Ball Lightning+1","floor":19.0},{"not_picked":["Reboot","Aggregate"],"picked":"Glacier","floor":23.0},{"not_picked":["Rebound","Barrage"],"picked":"Defragment","floor":25.0},{"not_picked":["Leap","Rebound+1","Stack"],"picked":"SKIP","floor":27.0},{"not_picked":["Streamline+1","Fission"],"picked":"Consume","floor":28.0},{"not_picked":["Steam+1","Reinforced Body"],"picked":"Static Discharge","floor":29.0},{"not_picked":["Steam","Beam Cell+1","Defragment"],"picked":"SKIP","floor":30.0},{"not_picked":["Self Repair","Reinforced Body"],"picked":"Recycle","floor":31.0},{"not_picked":["Meteor Strike+1","Hyperbeam+1"],"picked":"Buffer","floor":33.0},{"not_picked":["Skim+1","Sweeping Beam+1"],"picked":"Go for the Eyes+1","floor":35.0},{"not_picked":["Static Discharge+1","Genetic Algorithm+1","Heatsinks+1"],"picked":"SKIP","floor":36.0},{"not_picked":["Genetic Algorithm+1","FTL+1"],"picked":"Conserve Battery+1","floor":39.0},{"not_picked":["Gash+1","Conserve Battery","Darkness+1"],"picked":"SKIP","floor":41.0},{"not_picked":["Stack","Hologram+1"],"picked":"Amplify","floor":42.0},{"not_picked":["Rip and Tear+1","Turbo","Sweeping Beam+1"],"picked":"SKIP","floor":44.0},{"not_picked":["Genetic Algorithm+1","Conserve Battery+1","Aggregate+1"],"picked":"SKIP","floor":45.0},{"not_picked":["Leap","Aggregate+1","Scrape+1"],"picked":"SKIP","floor":48.0},{"not_picked":["Lockon+1","Multi-Cast","Streamline+1"],"picked":"SKIP","floor":54.0}],"player_experience":37969,"relics_obtained":[{"floor":9.0,"key":"Mercury Hourglass"},{"floor":10.0,"key":"Bag of Preparation"},{"floor":12.0,"key":"Ornamental Fan"},{"floor":14.0,"key":"Ancient Tea Set"},{"floor":20.0,"key":"Red Mask"},{"floor":22.0,"key":"MawBank"},{"floor":23.0,"key":"Orichalcum"},{"floor":26.0,"key":"Molten Egg 2"},{"floor":27.0,"key":"Dodecahedron"},{"floor":44.0,"key":"Sundial"},{"floor":47.0,"key":"War Paint"},{"floor":54.0,"key":"Bottled Tornado"}],"event_choices":[{"damage_healed":0.0,"max_hp_gain":0.0,"max_hp_loss":0.0,"gold_gain":0.0,"event_name":"Golden Idol","player_choice":"Take Damage","floor":13.0,"gold_loss":0.0,"damage_taken":20.0,"relics_obtained":["Golden Idol"]},{"damage_healed":0.0,"max_hp_gain":0.0,"max_hp_loss":0.0,"gold_gain":0.0,"event_name":"Masked Bandits","player_choice":"Fought Bandits","floor":20.0,"gold_loss":0.0,"damage_taken":0.0},{"damage_healed":0.0,"max_hp_gain":0.0,"max_hp_loss":0.0,"gold_gain":0.0,"event_name":"Wheel of Change","player_choice":"Relic","floor":22.0,"gold_loss":0.0,"damage_taken":0.0},{"damage_healed":0.0,"max_hp_gain":0.0,"max_hp_loss":0.0,"gold_gain":333.0,"event_name":"The Moai Head","player_choice":"Gave Idol","floor":37.0,"relics_lost":["Golden Idol"],"gold_loss":0.0,"damage_taken":0.0}],"is_beta":false,"boss_relics":[{"not_picked":["Calling Bell","Runic Dome"],"picked":"Velvet Choker"},{"not_picked":["Lizard Tail","Orrery"],"picked":"Astrolabe"}],"items_purged_floors":[38],"is_endless":false,"potions_floor_spawned":[5,6,10,12,16,23,25,27,28,31,33,39,41,42],"killed_by":"The Heart","ascension_level":0}