{"gold_per_floor":[118,118,118,43,68,111,111,136,136,136,136,47,61,75,75,75],"floor_reached":16,"playtime":290,"items_purged":[],"score":254,"play_id":"6c25eef5-6a08-462d-a137-964d12400652","local_time":"20190312025530","is_ascension_mode":true,"campfire_choices":[{"data":"Cloak And Dagger","floor":7,"key":"SMITH"},{"data":"Well Laid Plans","floor":11,"key":"SMITH"},{"floor":15,"key":"REST"}],"neow_cost":"NONE","seed_source_timestamp":379378335258100,"circlet_count":0,"master_deck":["AscendersBane","Defend_G","Defend_G","Defend_G","Defend_G","Strike_G","Strike_G","Strike_G","Strike_G","Survivor","Neutralize","Cloak And Dagger+1","Well Laid Plans+1","Dagger Throw","Malaise","Masterful Stab","Tactician","Reflex","Bouncing Flask"],"relics":["Ring of the Snake","NeowsBlessing","Golden Idol","Torii","Frozen Egg 2"],"potions_floor_usage":[10,16,16],"damage_taken":[{"damage":0,"enemies":"Small Slimes","floor":1,"turns":1},{"damage":0,"enemies":"2 Louse","floor":5,"turns":1},{"damage":0,"enemies":"Gremlin Nob","floor":6,"turns":1},{"damage":6,"enemies":"Jaw Worm","floor":8,"turns":4},{"damage":1,"enemies":"Large Slime","floor":10,"turns":2},{"damage":18,"enemies":"Exordium Thugs","floor":13,"turns":8},{"damage":6,"enemies":"Looter","floor":14,"turns":3},{"damage":25,"enemies":"Slime Boss","floor":16,"turns":6}],"seed_played":"-4944079074927297092","potions_obtained":[{"floor":5,"key":"Strength Potion"},{"floor":6,"key":"SmokeBomb"},{"floor":13,"key":"Poison Potion"}],"is_trial":false,"path_per_floor":["M","?","?","?","M","E","R","M","T","M","R","$","M","M","R","B"],"character_chosen":"THE_SILENT","items_purchased":["Tactician"],"campfire_rested":1,"item_purchase_floors":[12],"current_hp_per_floor":[59,59,36,36,36,36,36,30,30,29,29,29,11,5,24,0],"gold":75,"neow_bonus":"THREE_ENEMY_KILL","is_prod":false,"is_daily":false,"chose_seed":false,"campfire_upgraded":2,"win_rate":0,"timestamp":1552326930,"path_taken":["M","?","?","?","M","E","R","M","T","M","R","$","M","M","R","BOSS"],"build_version":"2019-01-23","purchased_purges":0,"victory":false,"max_hp_per_floor":[66,66,66,66,66,66,66,66,66,66,66,66,66,66,66,66],"card_choices":[{"not_picked":["Underhanded Strike","Finisher"],"picked":"Cloak And Dagger","floor":1},{"not_picked":["Bane","Blade Dance"],"picked":"Dagger Throw","floor":5},{"not_picked":["Distraction","Concentrate"],"picked":"Malaise","floor":6},{"not_picked":["PiercingWail","Poisoned Stab"],"picked":"Masterful Stab","floor":8},{"not_picked":["Poisoned Stab","Deadly Poison"],"picked":"Reflex","floor":13},{"not_picked":["Eviscerate","PiercingWail"],"picked":"Bouncing Flask","floor":14}],"player_experience":4517079,"relics_obtained":[{"floor":6,"key":"Torii"},{"floor":9,"key":"Frozen Egg 2"}],"event_choices":[{"damage_healed":0,"gold_gain":0,"cards_transformed":["Strike_G"],"player_choice":"Change","damage_taken":0,"max_hp_gain":0,"max_hp_loss":0,"event_name":"Living Wall","floor":2,"gold_loss":0,"cards_obtained":["Well Laid Plans"]},{"damage_healed":0,"gold_gain":0,"player_choice":"Take Damage","damage_taken":23,"relics_obtained":["Golden Idol"],"max_hp_gain":0,"max_hp_loss":0,"event_name":"Golden Idol","floor":3,"gold_loss":0},{"cards_removed":["Defend_G"],"damage_healed":0,"gold_gain":0,"player_choice":"Card Removal","damage_taken":0,"max_hp_gain":0,"max_hp_loss":0,"event_name":"The Cleric","floor":4,"gold_loss":75}],"is_beta":false,"boss_relics":[],"items_purged_floors":[],"is_endless":false,"potions_floor_spawned":[5,6,13],"killed_by":"Slime Boss","ascension_level":20}