{"gold_per_floor":[110,110,120,134,150,150,169,185,185,185,18,28,28,28,28,102,102,122,172,188,204,19,19,19],"floor_reached":24,"playtime":945,"items_purged":["Strike_R"],"score":361,"play_id":"57960d7d-48fe-4f87-92aa-1fb006e54f93","local_time":"20190318140655","is_ascension_mode":true,"campfire_choices":[{"data":"Whirlwind","floor":6.0,"key":"SMITH"},{"floor":10.0,"key":"REST"},{"data":"Entrench","floor":15.0,"key":"SMITH"},{"floor":23.0,"key":"REST"}],"neow_cost":"PERCENT_DAMAGE","seed_source_timestamp":14795265007355,"circlet_count":0,"master_deck":["AscendersBane","Strike_R","Defend_R","Defend_R","Defend_R","Defend_R","Bash","Headbutt","Entrench+1","Headbutt","Warcry","Whirlwind+1","Feel No Pain","Shrug It Off","Ghostly Armor","Warcry","Barricade","Spot Weakness","Metallicize","Shrug It Off"],"special_seed":0,"relics":["Burning Blood","Smiling Mask","Blood Vial","Mark of Pain"],"potions_floor_usage":[],"damage_taken":[{"damage":4.0,"enemies":"Small Slimes","floor":1.0,"turns":4.0},{"damage":1.0,"enemies":"Cultist","floor":3.0,"turns":3.0},{"damage":8.0,"enemies":"2 Louse","floor":4.0,"turns":2.0},{"damage":12.0,"enemies":"2 Fungi Beasts","floor":5.0,"turns":3.0},{"damage":0.0,"enemies":"Gremlin Gang","floor":7.0,"turns":1.0},{"damage":29.0,"enemies":"3 Louse","floor":8.0,"turns":3.0},{"damage":6.0,"enemies":"2 Fungi Beasts","floor":12.0,"turns":2.0},{"damage":32.0,"enemies":"Slime Boss","floor":16.0,"turns":9.0},{"damage":0.0,"enemies":"Spheric Guardian","floor":18.0,"turns":12.0},{"damage":42.0,"enemies":"Shell Parasite","floor":20.0,"turns":19.0},{"damage":25.0,"enemies":"Snecko","floor":21.0,"turns":10.0},{"damage":61,"enemies":"Slavers","floor":24,"turns":3}],"seed_played":"-6100757707068955299","potions_obtained":[{"floor":3.0,"key":"Strength Potion"},{"floor":7.0,"key":"Dexterity Potion"},{"floor":8.0,"key":"FairyPotion"},{"floor":20.0,"key":"Dexterity Potion"},{"floor":21.0,"key":"EntropicBrew"}],"is_trial":false,"path_per_floor":["M","?","M","M","M","R","M","M","T","R","$","M","?","?","R","B",null,"M","?","M","M","$","R","E"],"character_chosen":"IRONCLAD","items_purchased":["Blood Vial","Metallicize","Shrug It Off"],"campfire_rested":2,"item_purchase_floors":[11,22,22],"current_hp_per_floor":[52,52,57,55,49,49,55,32,32,54,54,56,56,61,61,37,69,77,69,35,18,18,42,0],"gold":19,"neow_bonus":"TRANSFORM_TWO_CARDS","is_prod":false,"is_daily":false,"chose_seed":false,"campfire_upgraded":2,"win_rate":0,"timestamp":1552885615,"path_taken":["M","?","?","M","M","R","?","M","T","R","?","M","?","?","R","BOSS","M","?","M","?","$","R","E"],"build_version":"2019-01-23","purchased_purges":1,"victory":false,"max_hp_per_floor":[75,75,75,75,75,75,75,75,75,75,75,75,75,80,80,80,80,80,80,80,80,80,80,80],"card_choices":[{"not_picked":["Fire Breathing","Twin Strike"],"picked":"Headbutt","floor":1.0},{"not_picked":["Sever Soul","Rage"],"picked":"Warcry","floor":3.0},{"not_picked":["Metallicize","Sword Boomerang"],"picked":"Whirlwind","floor":4.0},{"not_picked":["Inflame","Cleave"],"picked":"Feel No Pain","floor":5.0},{"not_picked":["Disarm","Clash"],"picked":"Shrug It Off","floor":7.0},{"not_picked":["Anger","Body Slam"],"picked":"Ghostly Armor","floor":8.0},{"not_picked":["Reckless Charge","Twin Strike"],"picked":"Warcry","floor":12.0},{"not_picked":["Immolate","Impervious"],"picked":"Barricade","floor":16.0},{"not_picked":["Intimidate","Blood for Blood","Whirlwind"],"picked":"SKIP","floor":18.0},{"not_picked":["Wild Strike","Warcry","Iron Wave"],"picked":"SKIP","floor":20.0},{"not_picked":["Searing Blow","Headbutt"],"picked":"Spot Weakness","floor":21.0}],"player_experience":352073,"relics_obtained":[{"floor":9.0,"key":"Smiling Mask"}],"event_choices":[{"cards_removed":["Strike_R"],"damage_healed":0.0,"max_hp_gain":0.0,"max_hp_loss":0.0,"gold_gain":0.0,"event_name":"Bonfire Elementals","player_choice":"Offered Basic","floor":2.0,"gold_loss":0.0,"damage_taken":0.0},{"damage_healed":0.0,"max_hp_gain":0.0,"max_hp_loss":0.0,"gold_gain":0.0,"event_name":"Liars Game","player_choice":"Ignored","floor":13.0,"gold_loss":0.0,"damage_taken":0.0},{"damage_healed":0.0,"max_hp_gain":5.0,"max_hp_loss":0.0,"gold_gain":0.0,"event_name":"Big Fish","player_choice":"Donut","floor":14.0,"gold_loss":0.0,"damage_taken":0.0},{"damage_healed":0.0,"max_hp_gain":0.0,"max_hp_loss":0.0,"gold_gain":50.0,"event_name":"FaceTrader","player_choice":"Touch","floor":19.0,"gold_loss":0.0,"damage_taken":8.0}],"is_beta":false,"boss_relics":[{"not_picked":["Lizard Tail","Calling Bell"],"picked":"Mark of Pain"}],"items_purged_floors":[22],"is_endless":false,"potions_floor_spawned":[3,7,8,20,21],"killed_by":"Slavers","ascension_level":18}