{"gold_per_floor":[210,223,223,56,72,101,131,131,131,12,27,27,27,44,44,143,143,159,159,169,169,195,221,233,245,310,346,358,214,230,245,245,350,400,417,417,429,67,0,0,0,18,42,42,61,135,85,98,98,98],"floor_reached":50,"playtime":5092,"items_purged":["Strike_R","Defend_R","Rampage","Parasite"],"score":567,"play_id":"359a4abb-e477-4bce-af1d-0a4cfd252b8d","local_time":"20181231074431","is_ascension_mode":false,"campfire_choices":[{"floor":8,"key":"REST"},{"data":"Armaments","floor":13,"key":"SMITH"},{"data":"Dual Wield","floor":15,"key":"SMITH"},{"data":"Heavy Blade","floor":28,"key":"SMITH"},{"data":"Combust","floor":32,"key":"SMITH"},{"floor":40,"key":"REST"},{"data":"Metallicize","floor":44,"key":"SMITH"},{"data":"Limit Break","floor":49,"key":"SMITH"}],"neow_cost":"NONE","seed_source_timestamp":142409031000,"circlet_count":0,"master_deck":["Defend_R","Defend_R","Defend_R","Bash","Metallicize+1","Iron Wave","Bandage Up","Inflame","Armaments+1","Thunderclap+1","Dual Wield+1","Ghostly Armor","Limit Break+1","Spot Weakness","Heavy Blade+1","Shrug It Off","Bite","Bite","Bite","Bite","Shockwave","Combust+1","Ghostly","Ghostly","Ghostly","Ghostly","Ghostly","Inflame","Spot Weakness+1","Heavy Blade+1","Whirlwind+1","Rupture","Rupture","Armaments","Impervious"],"relics":["Burning Blood","Mummified Hand","Smiling Mask","Odd Mushroom","Art of War","Orrery","MawBank","Tiny Chest","Strawberry","Tiny House","DollysMirror","Red Mask","Ancient Tea Set","Kunai"],"potions_floor_usage":[6,22,23,33,42,45,50],"damage_taken":[{"damage":7,"enemies":"Small Slimes","floor":1,"turns":4},{"damage":4,"enemies":"2 Louse","floor":2,"turns":3},{"damage":1,"enemies":"Jaw Worm","floor":5,"turns":3},{"damage":32,"enemies":"Gremlin Nob","floor":6,"turns":5},{"damage":31,"enemies":"The Mushroom Lair","floor":7,"turns":5},{"damage":6,"enemies":"3 Louse","floor":11,"turns":4},{"damage":2,"enemies":"Large Slime","floor":14,"turns":6},{"damage":63,"enemies":"Slime Boss","floor":16,"turns":11},{"damage":12,"enemies":"3 Byrds","floor":18,"turns":7},{"damage":11,"enemies":"Spheric Guardian","floor":20,"turns":6},{"damage":30,"enemies":"3 Cultists","floor":22,"turns":6},{"damage":9,"enemies":"Snecko","floor":23,"turns":5},{"damage":0,"enemies":"Snake Plant","floor":30,"turns":6},{"damage":19,"enemies":"Sentry and Sphere","floor":31,"turns":7},{"damage":25,"enemies":"Collector","floor":33,"turns":7},{"damage":32,"enemies":"Orb Walker","floor":35,"turns":7},{"damage":27,"enemies":"3 Shapes","floor":37,"turns":8},{"damage":3,"enemies":"Jaw Worm Horde","floor":42,"turns":6},{"damage":17,"enemies":"Writhing Mass","floor":45,"turns":8},{"damage":14,"enemies":"3 Darklings","floor":48,"turns":7},{"damage":89,"enemies":"Awakened One","floor":50,"turns":11}],"seed_played":"-713729911912041084","potions_obtained":[{"floor":2,"key":"FearPotion"},{"floor":5,"key":"SmokeBomb"},{"floor":7,"key":"Swift Potion"},{"floor":18,"key":"Fire Potion"},{"floor":23,"key":"Swift Potion"},{"floor":33,"key":"Ancient Potion"},{"floor":48,"key":"Energy Potion"}],"is_trial":false,"path_per_floor":["M","M","?","$","M","E","?","R","T","$","M","?","R","M","R","B",null,"M","?","M","T","M","M","?","?","T","T","R","$","M","M","R","B",null,"M","?","M","$","?","R","$","M","T","R","M","T","$","M","R","B"],"character_chosen":"IRONCLAD","items_purchased":["Bandage Up","Inflame","Rampage","Inflame","Regen Potion","Rupture","DollysMirror","Armaments"],"campfire_rested":2,"item_purchase_floors":[4,4,10,29,29,38,38,38],"current_hp_per_floor":[79,80,73,73,80,54,33,57,57,57,61,66,66,74,74,21,85,79,59,58,58,43,52,42,32,32,39,39,39,39,34,34,35,44,24,24,14,14,14,27,27,40,40,40,44,44,41,41,41,0],"gold":98,"neow_bonus":"HUNDRED_GOLD","is_prod":false,"is_daily":false,"chose_seed":false,"campfire_upgraded":6,"win_rate":0,"timestamp":1546238671,"path_taken":["M","M","?","$","M","E","?","R","T","$","M","?","R","M","R","BOSS","M","?","M","?","M","M","?","?","T","?","R","?","?","M","R","BOSS","M","?","?","$","?","R","$","M","T","R","M","?","?","M","R","BOSS"],"build_version":"2018-12-20","purchased_purges":4,"victory":false,"max_hp_per_floor":[80,80,80,80,80,80,80,80,80,80,80,85,85,85,85,85,85,85,59,59,59,59,59,64,32,32,39,39,39,39,39,39,39,44,44,44,44,44,44,44,44,44,44,44,44,44,41,41,41,41],"card_choices":[{"not_picked":["Thunderclap","Shockwave"],"picked":"Metallicize","floor":1},{"not_picked":["Entrench","Headbutt"],"picked":"Iron Wave","floor":2},{"not_picked":["Anger","Dual Wield"],"picked":"Armaments","floor":5},{"not_picked":["Headbutt","Body Slam"],"picked":"Thunderclap","floor":6},{"not_picked":["Flex","Warcry"],"picked":"Dual Wield","floor":11},{"not_picked":["Fiend Fire","Sever Soul"],"picked":"Ghostly Armor","floor":14},{"not_picked":["Demon Form","Exhume"],"picked":"Limit Break","floor":16},{"not_picked":["Sword Boomerang","Combust"],"picked":"Spot Weakness","floor":17},{"not_picked":["Cleave","Sever Soul"],"picked":"Heavy Blade","floor":17},{"not_picked":["Twin Strike","Power Through"],"picked":"Shrug It Off","floor":17},{"not_picked":["True Grit","Headbutt","Corruption"],"picked":"SKIP","floor":18},{"not_picked":["Thunderclap+1","Burning Pact"],"picked":"Shockwave","floor":20},{"not_picked":["Havoc","Thunderclap","Entrench+1"],"picked":"SKIP","floor":22},{"not_picked":["Clothesline","Second Wind"],"picked":"Combust","floor":23},{"not_picked":["Infernal Blade","Pommel Strike+1"],"picked":"Spot Weakness+1","floor":30},{"not_picked":["Bludgeon","Sever Soul"],"picked":"Heavy Blade+1","floor":31},{"not_picked":["Sword Boomerang+1","Second Wind+1","Power Through"],"picked":"SKIP","floor":35},{"not_picked":["Pummel+1","Clash"],"picked":"Whirlwind+1","floor":37},{"not_picked":["Sword Boomerang","Pommel Strike+1","True Grit"],"picked":"SKIP","floor":42},{"not_picked":["Cleave+1","Blood for Blood+1","Corruption"],"picked":"SKIP","floor":45},{"not_picked":["True Grit","Clash+1"],"picked":"Impervious","floor":48}],"player_experience":205677,"relics_obtained":[{"floor":6,"key":"Smiling Mask"},{"floor":7,"key":"Odd Mushroom"},{"floor":9,"key":"Art of War"},{"floor":21,"key":"MawBank"},{"floor":26,"key":"Tiny Chest"},{"floor":27,"key":"Strawberry"},{"floor":43,"key":"Ancient Tea Set"},{"floor":46,"key":"Kunai"}],"event_choices":[{"damage_healed":0,"gold_gain":0,"player_choice":"Success","damage_taken":7,"relics_obtained":["Mummified Hand"],"max_hp_gain":0,"max_hp_loss":0,"event_name":"Scrap Ooze","floor":3,"gold_loss":0},{"damage_healed":0,"gold_gain":0,"player_choice":"Fought Mushrooms","damage_taken":0,"max_hp_gain":0,"max_hp_loss":0,"event_name":"Mushrooms","floor":7,"gold_loss":0},{"damage_healed":0,"gold_gain":0,"player_choice":"Donut","damage_taken":0,"max_hp_gain":5,"max_hp_loss":0,"event_name":"Big Fish","floor":12,"gold_loss":0},{"damage_healed":0,"gold_gain":0,"player_choice":"Became a vampire","damage_taken":0,"max_hp_gain":0,"max_hp_loss":26,"event_name":"Vampires","floor":19,"gold_loss":0,"cards_obtained":["Bite","Bite","Bite","Bite","Bite"]},{"damage_healed":0,"gold_gain":0,"player_choice":"Shed Blood","damage_taken":15,"max_hp_gain":5,"max_hp_loss":0,"event_name":"Forgotten Altar","floor":24,"gold_loss":0},{"damage_healed":0,"gold_gain":0,"player_choice":"Became a Ghost","damage_taken":0,"max_hp_gain":0,"max_hp_loss":32,"event_name":"Ghosts","floor":25,"gold_loss":0,"cards_obtained":["Ghostly","Ghostly","Ghostly","Ghostly","Ghostly"]},{"cards_removed":["Bite"],"damage_healed":0,"gold_gain":0,"player_choice":"Purged","damage_taken":0,"max_hp_gain":0,"max_hp_loss":0,"event_name":"Purifier","floor":36,"gold_loss":0},{"damage_healed":0,"gold_gain":0,"player_choice":"Paid","damage_taken":0,"relics_obtained":["Red Mask"],"max_hp_gain":0,"max_hp_loss":0,"event_name":"Tomb of Lord Red Mask","floor":39,"gold_loss":67}],"is_beta":false,"boss_relics":[{"not_picked":["Mark of Pain","Calling Bell"],"picked":"Orrery"},{"not_picked":["Lizard Tail","Pandora\u0027s Box"],"picked":"Tiny House"}],"items_purged_floors":[10,29,38,47],"is_endless":false,"potions_floor_spawned":[2,5,7,18,23,30,33,37,48],"killed_by":"Awakened One","ascension_level":0}