{"gold_per_floor":[116,136,150,150,167,194,194,227,250,250],"floor_reached":10,"playtime":702,"items_purged":[],"score":90,"play_id":"feff3b09-3b9f-45a8-8ec2-fd35fe39f51e","local_time":"20190319201917","is_ascension_mode":true,"campfire_choices":[{"floor":7,"key":"REST"}],"neow_cost":"NONE","seed_source_timestamp":142652278700,"circlet_count":0,"master_deck":["Defend_G","Defend_G","Defend_G","Defend_G","Defend_G","Strike_G","Strike_G","Strike_G","Strike_G","Survivor","Neutralize","Riddle With Holes","Quick Slash","Backflip","Caltrops","Terror","Bullet Time","Flying Knee"],"relics":["Ring of the Snake","Prayer Wheel","Blood Vial","Bag of Preparation"],"potions_floor_usage":[10,10],"damage_taken":[{"damage":1,"enemies":"2 Louse","floor":1,"turns":2},{"damage":1,"enemies":"Jaw Worm","floor":2,"turns":3},{"damage":0,"enemies":"Cultist","floor":3,"turns":4},{"damage":10,"enemies":"3 Louse","floor":5,"turns":5},{"damage":36,"enemies":"Gremlin Nob","floor":6,"turns":4},{"damage":26,"enemies":"Lagavulin","floor":8,"turns":8},{"damage":22,"enemies":"3 Sentries","floor":10,"turns":8}],"seed_played":"-4419441209365511509","potions_obtained":[{"floor":6,"key":"GamblersBrew"},{"floor":8,"key":"Strength Potion"}],"is_trial":false,"path_per_floor":["M","M","M","?","M","E","R","E","T","E"],"character_chosen":"THE_SILENT","items_purchased":[],"campfire_rested":1,"item_purchase_floors":[],"current_hp_per_floor":[69,68,68,68,58,22,43,17,17,0],"gold":250,"neow_bonus":"TRANSFORM_CARD","is_prod":false,"is_daily":false,"chose_seed":false,"campfire_upgraded":0,"win_rate":0,"timestamp":1553023157,"path_taken":["M","M","M","?","M","E","R","E","T","E"],"build_version":"2019-01-23","purchased_purges":0,"victory":false,"max_hp_per_floor":[70,70,70,70,70,70,70,70,70,70],"card_choices":[{"not_picked":["Dagger Throw","Slice"],"picked":"Quick Slash","floor":1},{"not_picked":["PiercingWail","Dagger Throw"],"picked":"Backflip","floor":2},{"not_picked":["Backflip","Finisher"],"picked":"Caltrops","floor":3},{"not_picked":["Terror","Underhanded Strike","Bane"],"picked":"SKIP","floor":5},{"not_picked":["Underhanded Strike","Bane"],"picked":"Terror","floor":5},{"not_picked":["Bane","Backflip"],"picked":"Bullet Time","floor":6},{"not_picked":["Slice","Sucker Punch"],"picked":"Flying Knee","floor":8}],"player_experience":389443,"relics_obtained":[{"floor":6,"key":"Prayer Wheel"},{"floor":8,"key":"Blood Vial"},{"floor":9,"key":"Bag of Preparation"}],"event_choices":[{"damage_healed":0,"gold_gain":0,"player_choice":"Ignored","damage_taken":0,"max_hp_gain":0,"max_hp_loss":0,"event_name":"Liars Game","floor":4,"gold_loss":0}],"is_beta":false,"boss_relics":[],"items_purged_floors":[],"is_endless":false,"potions_floor_spawned":[6,8],"killed_by":"3 Sentries","ascension_level":3}