{"gold_per_floor":[115,134,5,22,34,65,65,95,143,174,233,11,21,21,21,21],"floor_reached":16,"playtime":753,"items_purged":[],"score":240,"play_id":"9d9fdcee-04f4-4c1b-9134-d959b946083b","local_time":"20190111015556","is_ascension_mode":true,"campfire_choices":[{"data":"Fiend Fire","floor":7.0,"key":"SMITH"},{"data":"Shockwave","floor":15,"key":"SMITH"}],"neow_cost":"NONE","seed_source_timestamp":28976124442667,"circlet_count":0,"master_deck":["AscendersBane","Strike_R","Strike_R","Strike_R","Strike_R","Strike_R","Defend_R","Defend_R","Defend_R","Defend_R","Bash","Clothesline","Whirlwind+1","Evolve","Shockwave+1","Shrug It Off","Anger","Fiend Fire+1","Pummel","Spot Weakness"],"special_seed":0,"relics":["Burning Blood","Matryoshka","Singing Bowl","Red Skull","Juzu Bracelet","Art of War","ClockworkSouvenir"],"potions_floor_usage":[11,11,16],"damage_taken":[{"damage":1.0,"enemies":"Cultist","floor":1.0,"turns":3.0},{"damage":5.0,"enemies":"Jaw Worm","floor":2.0,"turns":5.0},{"damage":18.0,"enemies":"Small Slimes","floor":4.0,"turns":5.0},{"damage":6.0,"enemies":"3 Louse","floor":5.0,"turns":2.0},{"damage":24.0,"enemies":"Gremlin Nob","floor":6.0,"turns":4.0},{"damage":27.0,"enemies":"3 Sentries","floor":8.0,"turns":7.0},{"damage":2.0,"enemies":"Lagavulin","floor":10.0,"turns":5.0},{"damage":22,"enemies":"Lagavulin Event","floor":11,"turns":4},{"damage":11,"enemies":"Lots of Slimes","floor":13,"turns":4},{"damage":10,"enemies":"Slime Boss","floor":16,"turns":5}],"seed_played":"-2926131453694802760","potions_obtained":[{"floor":0.0,"key":"Strength Potion"},{"floor":0.0,"key":"EssenceOfSteel"},{"floor":5.0,"key":"Poison Potion"},{"floor":6.0,"key":"Dexterity Potion"},{"floor":10.0,"key":"Block Potion"},{"floor":13,"key":"PowerPotion"}],"is_trial":false,"path_per_floor":["M","M","$","M","M","E","R","E","T","E","?","$","M","?","R","B"],"character_chosen":"IRONCLAD","items_purchased":["Evolve","Shockwave","ClockworkSouvenir"],"campfire_rested":0,"item_purchase_floors":[3,3,12],"current_hp_per_floor":[73,74,74,62,62,44,44,23,23,27,13,13,10,10,10,0],"gold":21,"neow_bonus":"THREE_SMALL_POTIONS","is_prod":false,"is_daily":false,"chose_seed":false,"campfire_upgraded":2,"win_rate":0,"timestamp":1547139356,"path_taken":["M","M","?","M","M","E","R","E","T","E","?","$","M","?","R","BOSS"],"build_version":"2019-01-03v4","purchased_purges":0,"victory":false,"max_hp_per_floor":[75,75,75,75,75,75,75,75,75,75,77,77,79,79,79,79],"card_choices":[{"not_picked":["Headbutt","Body Slam"],"picked":"Clothesline","floor":1.0},{"not_picked":["Spot Weakness","Pummel"],"picked":"Whirlwind","floor":2.0},{"not_picked":["Sword Boomerang","Clothesline"],"picked":"Shrug It Off","floor":4.0},{"not_picked":["Flex","Berserk"],"picked":"Anger","floor":5.0},{"not_picked":["Power Through","Offering"],"picked":"Fiend Fire","floor":6.0},{"not_picked":["Perfected Strike","Metallicize"],"picked":"Pummel","floor":8.0},{"not_picked":["Bloodletting","Anger"],"picked":"Spot Weakness","floor":10.0},{"not_picked":["Shockwave","Dual Wield","Rage"],"picked":"Singing Bowl","floor":11},{"not_picked":["Iron Wave","Cleave","Sword Boomerang"],"picked":"Singing Bowl","floor":13}],"player_experience":4044529,"relics_obtained":[{"floor":6.0,"key":"Matryoshka"},{"floor":8.0,"key":"Singing Bowl"},{"floor":9.0,"key":"Red Skull"},{"floor":9.0,"key":"Juzu Bracelet"},{"floor":10.0,"key":"Art of War"}],"event_choices":[{"damage_healed":0,"gold_gain":0,"player_choice":"Searched \u00271\u0027 times","damage_taken":0,"max_hp_gain":0,"max_hp_loss":0,"event_name":"Dead Adventurer","floor":11,"gold_loss":0},{"damage_healed":0,"gold_gain":0,"player_choice":"Forge","damage_taken":0,"max_hp_gain":0,"max_hp_loss":0,"event_name":"Accursed Blacksmith","floor":14,"gold_loss":0,"cards_upgraded":["Whirlwind"]}],"is_beta":false,"boss_relics":[],"items_purged_floors":[],"is_endless":false,"potions_floor_spawned":[5,6,10,13],"killed_by":"Slime Boss","ascension_level":20}