{"gold_per_floor":[115,132,149,165,46,46,60,60,84,114,126],"floor_reached":11,"playtime":390,"items_purged":[],"score":150,"play_id":"b3552840-cb62-402b-b6c8-93482d7cd427","local_time":"20190215003629","is_ascension_mode":true,"campfire_choices":[{"data":"Impatience","floor":6,"key":"SMITH"},{"data":"Purity","floor":8,"key":"SMITH"}],"neow_cost":"NONE","seed_source_timestamp":37470430292600,"circlet_count":0,"master_deck":["AscendersBane","Strike_B","Strike_B","Strike_B","Strike_B","Defend_B","Defend_B","Defend_B","Defend_B","Zap","Dualcast","Impatience+1","Chill","Beam Cell","Genetic Algorithm","Gash","Purity+1","Undo"],"relics":["Cracked Core","Centennial Puzzle","MawBank"],"potions_floor_usage":[4,10,10],"damage_taken":[{"damage":2,"enemies":"Cultist","floor":1,"turns":4},{"damage":0,"enemies":"Small Slimes","floor":2,"turns":3},{"damage":2,"enemies":"Jaw Worm","floor":3,"turns":3},{"damage":14,"enemies":"Exordium Thugs","floor":4,"turns":5},{"damage":16,"enemies":"Lots of Slimes","floor":7,"turns":5},{"damage":28,"enemies":"Lagavulin","floor":10,"turns":6},{"damage":0,"enemies":"3 Louse","floor":11,"turns":1}],"seed_played":"-6088422339668996130","potions_obtained":[{"floor":2,"key":"FocusPotion"},{"floor":3,"key":"AttackPotion"},{"floor":7,"key":"Swift Potion"}],"is_trial":false,"path_per_floor":["M","M","M","M","$","R","M","R","T","E","M"],"character_chosen":"DEFECT","items_purchased":["Gash","Purity"],"campfire_rested":0,"item_purchase_floors":[5,5],"current_hp_per_floor":[62,62,60,46,46,46,30,30,30,2,2],"gold":126,"neow_bonus":"RANDOM_COLORLESS","is_prod":false,"is_daily":false,"chose_seed":false,"campfire_upgraded":2,"win_rate":0,"timestamp":1550158589,"path_taken":["M","M","M","M","$","R","M","R","T","E","?"],"build_version":"2019-01-23","purchased_purges":0,"victory":false,"max_hp_per_floor":[71,71,71,71,71,71,71,71,71,71,71],"card_choices":[{"not_picked":["Sunder","Turbo"],"picked":"Chill","floor":1},{"not_picked":["Hologram","Ball Lightning"],"picked":"Beam Cell","floor":2},{"not_picked":["Static Discharge","Reinforced Body","Barrage"],"picked":"SKIP","floor":3},{"not_picked":["Force Field","Streamline"],"picked":"Genetic Algorithm","floor":4},{"not_picked":["BootSequence","Conserve Battery"],"picked":"Undo","floor":7},{"not_picked":["Sunder","Tempest","Echo Form"],"picked":"SKIP","floor":10}],"player_experience":4296127,"relics_obtained":[{"floor":9,"key":"Centennial Puzzle"},{"floor":10,"key":"MawBank"}],"event_choices":[],"is_beta":false,"boss_relics":[],"items_purged_floors":[],"is_endless":false,"potions_floor_spawned":[2,3,7],"killed_by":"3 Louse","ascension_level":20}