{"gold_per_floor":[20,33,33,47,47,47,77,95,121,121,147,147,175,190,190,264,264,282,296,496,20,35,67,67,92,92,123,151,151,167,182,182,182],"floor_reached":33,"playtime":881,"items_purged":["Strike_R"],"score":650,"play_id":"df2f1bcf-27db-4e24-b5a6-69c69e81ce2d","local_time":"20190202025004","is_ascension_mode":true,"campfire_choices":[{"data":"Immolate","floor":6.0,"key":"SMITH"},{"data":"Blood for Blood","floor":12.0,"key":"SMITH"},{"data":"Shockwave","floor":15.0,"key":"SMITH"},{"data":"Bloodletting","floor":24.0,"key":"SMITH"},{"data":"Rage","floor":29.0,"key":"SMITH"},{"data":"Havoc","floor":32,"key":"SMITH"}],"neow_cost":"NO_GOLD","seed_source_timestamp":201112880941700,"circlet_count":0,"master_deck":["AscendersBane","Strike_R","Strike_R","Strike_R","Strike_R","Defend_R","Defend_R","Defend_R","Defend_R","Bash","Headbutt","Immolate+1","Blood for Blood+1","Thunderclap","Shockwave+1","Immolate","Pummel+1","Feel No Pain","Immolate+1","Bloodletting+1","Shrug It Off+1","Shrug It Off","Rage+1","Offering","Blood for Blood","Havoc+1"],"special_seed":0,"relics":["Burning Blood","Thread and Needle","Potion Belt","Happy Flower","Red Skull","Pantograph","Coffee Dripper","Bag of Marbles","DollysMirror","Meat on the Bone","Juzu Bracelet","The Courier","Turnip","Red Mask"],"potions_floor_usage":[33,33],"damage_taken":[{"damage":0.0,"enemies":"Jaw Worm","floor":1.0,"turns":6.0},{"damage":3.0,"enemies":"Small Slimes","floor":2.0,"turns":4.0},{"damage":0.0,"enemies":"Cultist","floor":4.0,"turns":3.0},{"damage":6.0,"enemies":"Gremlin Nob","floor":7.0,"turns":3.0},{"damage":18.0,"enemies":"Large Slime","floor":8.0,"turns":4.0},{"damage":23.0,"enemies":"Lagavulin","floor":11.0,"turns":4.0},{"damage":4.0,"enemies":"Gremlin Nob","floor":13.0,"turns":3.0},{"damage":5.0,"enemies":"Red Slaver","floor":14.0,"turns":2.0},{"damage":41.0,"enemies":"Hexaghost","floor":16.0,"turns":6.0},{"damage":20.0,"enemies":"Shell Parasite","floor":18.0,"turns":3.0},{"damage":3.0,"enemies":"3 Byrds","floor":19.0,"turns":2.0},{"damage":0.0,"enemies":"Centurion and Healer","floor":22.0,"turns":2.0},{"damage":22.0,"enemies":"Gremlin Leader","floor":23.0,"turns":5.0},{"damage":19.0,"enemies":"Slavers","floor":25.0,"turns":4.0},{"damage":30.0,"enemies":"Book of Stabbing","floor":27.0,"turns":4.0},{"damage":0.0,"enemies":"Masked Bandits","floor":28.0,"turns":1.0},{"damage":0.0,"enemies":"3 Cultists","floor":30.0,"turns":3.0},{"damage":6.0,"enemies":"Snake Plant","floor":31.0,"turns":3.0},{"damage":103,"enemies":"Champ","floor":33,"turns":11}],"seed_played":"8585826133863921599","potions_obtained":[{"floor":7.0,"key":"Energy Potion"},{"floor":8.0,"key":"AttackPotion"},{"floor":13.0,"key":"Swift Potion"},{"floor":14.0,"key":"GamblersBrew"},{"floor":16.0,"key":"FearPotion"},{"floor":22.0,"key":"Swift Potion"},{"floor":23.0,"key":"SkillPotion"},{"floor":25.0,"key":"Weak Potion"},{"floor":28.0,"key":"FearPotion"},{"floor":31,"key":"Block Potion"}],"is_trial":false,"path_per_floor":["M","M","?","M","?","R","E","M","T","?","E","R","E","M","R","B",null,"M","M","?","$","M","E","R","E","T","E","?","R","M","M","R","B"],"character_chosen":"IRONCLAD","items_purchased":["Bag of Marbles","DollysMirror"],"campfire_rested":0,"item_purchase_floors":[21,21],"current_hp_per_floor":[74,75,80,80,80,80,80,68,68,68,51,51,53,54,54,44,71,57,60,60,60,66,50,50,49,49,37,55,55,61,61,61,0],"gold":182,"neow_bonus":"ONE_RARE_RELIC","is_prod":false,"is_daily":false,"chose_seed":false,"campfire_upgraded":6,"win_rate":0,"timestamp":1549043404,"path_taken":["M","M","?","M","?","R","E","?","T","?","E","R","E","?","R","BOSS","M","M","?","$","M","E","R","E","T","E","?","R","M","M","R","BOSS"],"build_version":"2019-01-23","purchased_purges":1,"victory":false,"max_hp_per_floor":[75,75,80,80,80,80,80,80,80,80,80,80,80,80,80,80,80,80,80,80,80,80,80,80,80,80,80,80,80,80,80,80,80],"card_choices":[{"not_picked":["Warcry","Flex"],"picked":"Headbutt","floor":1.0},{"not_picked":["Burning Pact","Havoc"],"picked":"Immolate","floor":2.0},{"not_picked":["Cleave","Headbutt","Clash"],"picked":"SKIP","floor":4.0},{"not_picked":["Twin Strike","Armaments"],"picked":"Blood for Blood","floor":7.0},{"not_picked":["Uppercut","Wild Strike"],"picked":"Thunderclap","floor":8.0},{"not_picked":["Headbutt","Searing Blow","Clash"],"picked":"SKIP","floor":11.0},{"not_picked":["Iron Wave","Clash","Flex"],"picked":"SKIP","floor":13.0},{"not_picked":["Cleave","Seeing Red"],"picked":"Shockwave","floor":14.0},{"not_picked":["Brutality","Feed"],"picked":"Immolate","floor":16.0},{"not_picked":["Clothesline","Sword Boomerang"],"picked":"Pummel+1","floor":18.0},{"not_picked":["Anger","Clothesline+1"],"picked":"Feel No Pain","floor":19.0},{"not_picked":["Sword Boomerang","Iron Wave"],"picked":"Bloodletting","floor":22.0},{"not_picked":["Pummel","Clash+1"],"picked":"Shrug It Off+1","floor":23.0},{"not_picked":["Combust","Shockwave"],"picked":"Shrug It Off","floor":25.0},{"not_picked":["Warcry","Clothesline"],"picked":"Rage","floor":27.0},{"not_picked":["Rage","Iron Wave"],"picked":"Offering","floor":28.0},{"not_picked":["Pommel Strike","Uppercut"],"picked":"Blood for Blood","floor":30.0},{"not_picked":["Shrug It Off","Feel No Pain"],"picked":"Havoc","floor":31}],"player_experience":4189571,"relics_obtained":[{"floor":7.0,"key":"Potion Belt"},{"floor":9.0,"key":"Happy Flower"},{"floor":11.0,"key":"Red Skull"},{"floor":13.0,"key":"Pantograph"},{"floor":23.0,"key":"Meat on the Bone"},{"floor":25.0,"key":"Juzu Bracelet"},{"floor":26.0,"key":"The Courier"},{"floor":27.0,"key":"Turnip"},{"floor":28.0,"key":"Red Mask"}],"event_choices":[{"damage_healed":0.0,"max_hp_gain":5.0,"max_hp_loss":0.0,"gold_gain":0.0,"event_name":"Big Fish","player_choice":"Donut","floor":3.0,"gold_loss":0.0,"damage_taken":0.0},{"damage_healed":0.0,"max_hp_gain":0.0,"max_hp_loss":0.0,"gold_gain":0.0,"event_name":"Wheel of Change","player_choice":"Cursed","floor":5.0,"gold_loss":0.0,"damage_taken":0.0,"cards_obtained":["Decay"]},{"cards_removed":["Decay"],"damage_healed":0.0,"max_hp_gain":0.0,"max_hp_loss":0.0,"gold_gain":0.0,"event_name":"Purifier","player_choice":"Purged","floor":10.0,"gold_loss":0.0,"damage_taken":0.0},{"damage_healed":0.0,"max_hp_gain":0.0,"max_hp_loss":0.0,"gold_gain":250.0,"event_name":"The Joust","player_choice":"Bet on Owner","floor":20.0,"gold_loss":50.0,"damage_taken":0.0},{"damage_healed":0.0,"max_hp_gain":0.0,"max_hp_loss":0.0,"gold_gain":0.0,"event_name":"Masked Bandits","player_choice":"Fought Bandits","floor":28.0,"gold_loss":0.0,"damage_taken":0.0}],"is_beta":false,"boss_relics":[{"not_picked":["Black Blood","Tiny House"],"picked":"Coffee Dripper"}],"items_purged_floors":[21],"is_endless":false,"potions_floor_spawned":[7,8,13,14,16,22,23,25,28,31],"killed_by":"Champ","ascension_level":20}