{"gold_per_floor":[114,114,114,39,52,52,82,82,106,119,69,88,88,104,104,204,204,220,238,238,238,251,251,251,261,261,261,276,276,290,310,310,310],"floor_reached":33,"playtime":2318,"items_purged":["Strike_B"],"score":249,"play_id":"7bba6f4c-1ccd-40b8-9010-e45981748ff5","local_time":"20181231184433","is_ascension_mode":false,"campfire_choices":[{"data":"Dualcast","floor":6,"key":"SMITH"},{"data":"Zap","floor":8,"key":"SMITH"},{"floor":15,"key":"REST"},{"floor":23,"key":"REST"},{"floor":29,"key":"REST"},{"floor":32,"key":"REST"}],"neow_cost":"NONE","seed_source_timestamp":3198660448300,"circlet_count":0,"master_deck":["Strike_B","Strike_B","Defend_B","Defend_B+1","Zap+1","Dualcast+1","Genetic Algorithm","Leap+1","Electrodynamics","Buffer","All For One+1","Sweeping Beam+1","Hello World+1","Coolheaded+1","Defragment","Auto Shields","Consume+1","Hologram+1"],"relics":["Cracked Core","Strawberry","Bag of Preparation","Omamori","Astrolabe","GremlinMask","The Courier","Sundial"],"potions_floor_usage":[19,20,33,33],"damage_taken":[{"damage":1,"enemies":"Jaw Worm","floor":1,"turns":3},{"damage":0,"enemies":"2 Louse","floor":5,"turns":2},{"damage":28,"enemies":"Gremlin Nob","floor":7,"turns":4},{"damage":0,"enemies":"Cultist","floor":10,"turns":2},{"damage":8,"enemies":"Exordium Wildlife","floor":12,"turns":3},{"damage":0,"enemies":"2 Fungi Beasts","floor":14,"turns":2},{"damage":27,"enemies":"The Guardian","floor":16,"turns":8},{"damage":0,"enemies":"Spheric Guardian","floor":18,"turns":3},{"damage":18,"enemies":"Shell Parasite","floor":19,"turns":4},{"damage":21,"enemies":"Colosseum Slavers","floor":20,"turns":2},{"damage":28,"enemies":"Shelled Parasite and Fungi","floor":22,"turns":6},{"damage":10,"enemies":"Chosen and Byrds","floor":25,"turns":4},{"damage":0,"enemies":"Snecko","floor":28,"turns":5},{"damage":10,"enemies":"Centurion and Healer","floor":30,"turns":7},{"damage":27,"enemies":"Shelled Parasite and Fungi","floor":31,"turns":6},{"damage":58,"enemies":"Automaton","floor":33,"turns":14}],"seed_played":"-2459329243255969342","potions_obtained":[{"floor":1,"key":"Swift Potion"},{"floor":5,"key":"Ancient Potion"},{"floor":14,"key":"Explosive Potion"},{"floor":18,"key":"EssenceOfSteel"},{"floor":28,"key":"SpeedPotion"},{"floor":30,"key":"FocusPotion"}],"is_trial":false,"path_per_floor":["M","?","?","$","M","R","E","R","T","M","?","M","?","M","R","B",null,"M","M","?","?","M","R","?","M","T","?","M","R","M","M","R","B"],"character_chosen":"DEFECT","items_purchased":[],"campfire_rested":4,"item_purchase_floors":[],"current_hp_per_floor":[81,74,74,74,74,74,46,46,46,46,46,38,22,22,46,19,82,82,64,43,43,15,39,39,29,29,29,29,53,43,16,40,0],"gold":310,"neow_bonus":"RANDOM_COMMON_RELIC","is_prod":false,"is_daily":false,"chose_seed":false,"campfire_upgraded":2,"win_rate":0.0,"timestamp":1546278273,"path_taken":["M","?","?","$","M","R","E","R","T","?","?","M","?","?","R","BOSS","M","M","?","?","M","R","?","?","T","?","M","R","?","M","R","BOSS"],"build_version":"2018-12-20","purchased_purges":1,"victory":false,"max_hp_per_floor":[82,82,82,82,82,82,82,82,82,82,82,82,82,82,82,82,82,82,82,82,82,82,82,82,82,82,82,82,82,82,82,82,82],"card_choices":[{"not_picked":["Redo","Barrage"],"picked":"Genetic Algorithm","floor":1},{"not_picked":["Undo","Reinforced Body"],"picked":"Ball Lightning","floor":5},{"not_picked":["Barrage","Streamline"],"picked":"Scrape","floor":7},{"not_picked":["Streamline","Compile Driver"],"picked":"Leap","floor":10},{"not_picked":["Sweeping Beam","Go for the Eyes"],"picked":"Electrodynamics","floor":12},{"not_picked":["Double Energy","Barrage"],"picked":"Ball Lightning","floor":14},{"not_picked":["Fission","Biased Cognition"],"picked":"Buffer","floor":16},{"not_picked":["BootSequence","Reinforced Body"],"picked":"Coolheaded+1","floor":18},{"not_picked":["Barrage","Steam"],"picked":"Defragment","floor":19},{"not_picked":["Sweeping Beam","Redo","Compile Driver"],"picked":"SKIP","floor":22},{"not_picked":["Beam Cell","Cold Snap"],"picked":"Auto Shields","floor":25},{"not_picked":["Fusion+1","Defragment"],"picked":"Consume+1","floor":28},{"not_picked":["Steam Power","Go for the Eyes"],"picked":"Hologram+1","floor":30},{"not_picked":["Sweeping Beam+1","Go for the Eyes","Ball Lightning"],"picked":"SKIP","floor":31}],"player_experience":222540,"relics_obtained":[{"floor":7,"key":"Bag of Preparation"},{"floor":9,"key":"Omamori"},{"floor":26,"key":"The Courier"}],"event_choices":[{"cards_removed":["Defend_B"],"damage_healed":0,"gold_gain":0,"player_choice":"Card Removal","damage_taken":7,"max_hp_gain":0,"max_hp_loss":0,"event_name":"Golden Wing","floor":2,"gold_loss":0},{"cards_removed":["Strike_B"],"damage_healed":0,"gold_gain":0,"player_choice":"Offered Basic","damage_taken":0,"max_hp_gain":0,"max_hp_loss":0,"event_name":"Bonfire Elementals","floor":3,"gold_loss":0},{"cards_removed":["Defend_B"],"damage_healed":0,"gold_gain":0,"player_choice":"Card Removal","damage_taken":0,"max_hp_gain":0,"max_hp_loss":0,"event_name":"The Cleric","floor":11,"gold_loss":50},{"damage_healed":0,"gold_gain":0,"player_choice":"Entered Light","damage_taken":16,"max_hp_gain":0,"max_hp_loss":0,"event_name":"Shining Light","floor":13,"gold_loss":0,"cards_upgraded":["Defend_B","Leap"]},{"damage_healed":0,"gold_gain":0,"player_choice":"Fight","damage_taken":0,"max_hp_gain":0,"max_hp_loss":0,"event_name":"Colosseum","floor":20,"gold_loss":0},{"damage_healed":0,"gold_gain":0,"player_choice":"Fled From Nobs","damage_taken":0,"max_hp_gain":0,"max_hp_loss":0,"event_name":"Colosseum","floor":20,"gold_loss":0},{"damage_healed":0,"gold_gain":0,"player_choice":"Ignored","damage_taken":0,"max_hp_gain":0,"max_hp_loss":0,"event_name":"The Mausoleum","floor":21,"gold_loss":0},{"damage_healed":0,"gold_gain":0,"player_choice":"Trade","damage_taken":0,"relics_obtained":["GremlinMask"],"max_hp_gain":0,"max_hp_loss":0,"event_name":"FaceTrader","floor":24,"gold_loss":0},{"damage_healed":0,"gold_gain":0,"player_choice":"Gave Potion","damage_taken":0,"relics_obtained":["Sundial"],"max_hp_gain":0,"max_hp_loss":0,"event_name":"WeMeetAgain","floor":27,"gold_loss":0}],"is_beta":false,"boss_relics":[{"not_picked":["Ectoplasm","Tiny House"],"picked":"Astrolabe"}],"items_purged_floors":[4],"is_endless":false,"potions_floor_spawned":[1,5,14,18,28,30],"killed_by":"Automaton","ascension_level":0}