{"gold_per_floor":[115,142,154,170,180,180,105,160,160,170,70,70,88,99,99,99],"floor_reached":16,"playtime":419,"items_purged":["Shame","Regret"],"score":188,"play_id":"d5270771-93d7-4646-befe-3bd93208ce8d","local_time":"20190211024831","daily_mods":["Diverse"],"is_ascension_mode":true,"campfire_choices":[{"data":"Armaments","floor":6,"key":"SMITH"},{"data":"Juggernaut","floor":15,"key":"SMITH"}],"neow_cost":"","seed_source_timestamp":0,"circlet_count":0,"master_deck":["AscendersBane","Strike_R","Strike_R","Strike_R","Strike_R","Strike_R","Defend_R","Defend_R","Defend_R","Defend_R","Bash","Injury","Armaments","Armaments+1","Dagger Spray","Dagger Spray","Shrug It Off","Beam Cell","Juggernaut+1"],"relics":["Burning Blood","PrismaticShard","Calling Bell","Strawberry","Gremlin Horn","Incense Burner","Bag of Marbles","Matryoshka","Letter Opener","Toxic Egg 2","FossilizedHelix"],"potions_floor_usage":[5,16],"damage_taken":[{"damage":19,"enemies":"Cultist","floor":1,"turns":5},{"damage":13,"enemies":"Small Slimes","floor":3,"turns":4},{"damage":3,"enemies":"Jaw Worm","floor":4,"turns":5},{"damage":0,"enemies":"Blue Slaver","floor":5,"turns":1},{"damage":17,"enemies":"3 Sentries","floor":8,"turns":5},{"damage":6,"enemies":"Looter","floor":10,"turns":3},{"damage":0,"enemies":"Exordium Thugs","floor":13,"turns":6},{"damage":0,"enemies":"Lots of Slimes","floor":14,"turns":1},{"damage":73,"enemies":"Slime Boss","floor":16,"turns":10}],"seed_played":"4986422648333700401","potions_obtained":[{"floor":3,"key":"Fire Potion"},{"floor":10,"key":"EssenceOfSteel"},{"floor":13,"key":"Poison Potion"}],"is_trial":true,"path_per_floor":["M","T","M","M","M","R","$","?","T","M","$","?","M","M","R","B"],"character_chosen":"IRONCLAD","items_purchased":[],"campfire_rested":0,"item_purchase_floors":[],"current_hp_per_floor":[62,62,55,58,64,64,64,53,53,53,53,53,59,65,65,0],"gold":99,"neow_bonus":"","is_prod":false,"is_daily":false,"chose_seed":false,"campfire_upgraded":2,"win_rate":0,"timestamp":1549820911,"path_taken":["M","?","M","M","?","R","$","?","T","M","$","?","?","M","R","BOSS"],"build_version":"2019-01-23","purchased_purges":2,"victory":false,"max_hp_per_floor":[82,82,82,82,82,82,82,82,82,82,82,82,82,82,82,82],"card_choices":[{"not_picked":["Consume","Loop"],"picked":"Armaments","floor":1},{"not_picked":["Deflect","Compile Driver"],"picked":"Armaments","floor":3},{"not_picked":["Feel No Pain","Blade Dance"],"picked":"Dagger Spray","floor":4},{"not_picked":["Distraction","Blur"],"picked":"Dagger Spray","floor":5},{"not_picked":["Caltrops","Heavy Blade"],"picked":"Shrug It Off","floor":8},{"not_picked":["Choke","Slice"],"picked":"Beam Cell","floor":10},{"not_picked":["Cloak And Dagger+1","Genetic Algorithm+1"],"picked":"Juggernaut","floor":13},{"not_picked":["Swift Strike","PanicButton+1","Barrage"],"picked":"SKIP","floor":14}],"player_experience":4259580,"relics_obtained":[{"floor":0,"key":"Strawberry"},{"floor":0,"key":"Gremlin Horn"},{"floor":0,"key":"Incense Burner"},{"floor":2,"key":"Bag of Marbles"},{"floor":8,"key":"Matryoshka"},{"floor":9,"key":"Letter Opener"},{"floor":9,"key":"Toxic Egg 2"}],"event_choices":[{"damage_healed":0,"gold_gain":0,"player_choice":"Searched \u00271\u0027 times","damage_taken":0,"max_hp_gain":0,"max_hp_loss":0,"event_name":"Dead Adventurer","floor":8,"gold_loss":0},{"damage_healed":0,"gold_gain":0,"player_choice":"Gave Potion","damage_taken":0,"relics_obtained":["FossilizedHelix"],"max_hp_gain":0,"max_hp_loss":0,"event_name":"WeMeetAgain","floor":12,"gold_loss":0}],"is_beta":false,"boss_relics":[],"items_purged_floors":[7,11],"is_endless":false,"potions_floor_spawned":[3,10,13],"killed_by":"Slime Boss","ascension_level":20}