{"gold_per_floor":[111,124,135,152,171,200,11,41,121,121],"floor_reached":10,"playtime":1073,"items_purged":[],"score":84,"play_id":"0721bf32-8556-4b23-bd17-9c879275ae2e","local_time":"20181227224526","is_ascension_mode":true,"campfire_choices":[],"neow_cost":"NONE","seed_source_timestamp":522434950930460,"circlet_count":0,"master_deck":["Strike_B","Strike_B","Strike_B","Strike_B","Defend_B","Defend_B","Defend_B","Defend_B","Zap","Dualcast","Coolheaded","Conserve Battery","Coolheaded","Hologram","Amplify","Hologram"],"relics":["Busted Crown","The Courier","Mummified Hand","Shuriken"],"potions_floor_usage":[10,10],"damage_taken":[{"damage":2,"enemies":"2 Louse","floor":1,"turns":2},{"damage":0,"enemies":"Small Slimes","floor":2,"turns":3},{"damage":0,"enemies":"Cultist","floor":3,"turns":3},{"damage":7,"enemies":"Lots of Slimes","floor":4,"turns":6},{"damage":7,"enemies":"Blue Slaver","floor":5,"turns":4},{"damage":33,"enemies":"Gremlin Nob","floor":6,"turns":5},{"damage":18,"enemies":"Lagavulin","floor":8,"turns":11},{"damage":15,"enemies":"Gremlin Nob","floor":10,"turns":3}],"seed_played":"-2162526387359803709","potions_obtained":[{"floor":4,"key":"Fruit Juice"},{"floor":8,"key":"Block Potion"}],"is_trial":false,"path_per_floor":["M","M","M","M","M","E","$","E","T","E"],"character_chosen":"DEFECT","items_purchased":["Coolheaded","Hologram","Amplify"],"campfire_rested":0,"item_purchase_floors":[7,7,7],"current_hp_per_floor":[73,73,73,66,59,26,26,8,8,0],"gold":121,"neow_bonus":"BOSS_RELIC","is_prod":false,"is_daily":false,"chose_seed":false,"campfire_upgraded":0,"win_rate":0,"timestamp":1545968726,"path_taken":["M","M","M","M","M","E","$","E","T","E"],"build_version":"2018-12-20","purchased_purges":0,"victory":false,"max_hp_per_floor":[75,75,75,75,75,75,75,75,75,80],"card_choices":[{"not_picked":[],"picked":"Coolheaded","floor":1},{"not_picked":["Melter"],"picked":"SKIP","floor":2},{"not_picked":["Sweeping Beam"],"picked":"SKIP","floor":3},{"not_picked":["Streamline"],"picked":"SKIP","floor":4},{"not_picked":[],"picked":"Conserve Battery","floor":5},{"not_picked":["Static Discharge"],"picked":"SKIP","floor":6},{"not_picked":[],"picked":"Hologram","floor":8}],"player_experience":114298,"relics_obtained":[{"floor":6,"key":"The Courier"},{"floor":8,"key":"Mummified Hand"},{"floor":9,"key":"Shuriken"}],"event_choices":[],"is_beta":false,"boss_relics":[],"items_purged_floors":[],"is_endless":false,"potions_floor_spawned":[4,8],"killed_by":"Gremlin Nob","ascension_level":1}