{"gold_per_floor":[112,129,129,129,140,140,153,153,177,177,191,46,72,92,92,194,194,213,312,312,212,240,269,269,269,269,280,314,325,339,439,439,542,542,553,428,438,448,448,448,464,111,180,402,449,44,44,62,62,62],"floor_reached":51,"playtime":1406,"items_purged":["Strike_R","Strike_R","Normality","Strike_R","Writhe"],"score":710,"play_id":"73279123-b692-4af3-8a3e-cb39fd2b3cb6","local_time":"20190321145624","is_ascension_mode":false,"campfire_choices":[{"data":"Carnage","floor":6.0,"key":"SMITH"},{"data":"Flex","floor":10.0,"key":"SMITH"},{"data":"Flex","floor":15.0,"key":"SMITH"},{"data":"Immolate","floor":24.0,"key":"SMITH"},{"data":"Immolate","floor":32,"key":"SMITH"},{"data":"Whirlwind","floor":40,"key":"SMITH"},{"data":"Inflame","floor":49,"key":"SMITH"}],"neow_cost":"NONE","seed_source_timestamp":9815028671718,"circlet_count":0,"master_deck":["Defend_R","Defend_R","Defend_R","Defend_R","Bash","Flex+1","Uppercut+1","Carnage+1","Twin Strike","Wild Strike","Metallicize","Inflame+1","Flex+1","Immolate+1","Disarm+1","Necronomicurse","Clothesline","Immolate+1","Shockwave","Whirlwind+1","Reaper","Battle Trance","The Bomb","Panacea","Mind Blast","Corruption"],"special_seed":0,"relics":["Burning Blood","Red Skull","Paper Frog","Pen Nib","Mercury Hourglass","Cursed Key","Necronomicon","Red Mask","PreservedInsect","Bottled Tornado","Juzu Bracelet","Charon\u0027s Ashes","Pear","Busted Crown","Chemical X","Meat on the Bone","Ice Cream","ClockworkSouvenir"],"potions_floor_usage":[50,50,50],"damage_taken":[{"damage":1.0,"enemies":"Cultist","floor":1.0,"turns":3.0},{"damage":7.0,"enemies":"2 Louse","floor":2.0,"turns":2.0},{"damage":3.0,"enemies":"Jaw Worm","floor":5.0,"turns":4.0},{"damage":4.0,"enemies":"Blue Slaver","floor":7.0,"turns":3.0},{"damage":12.0,"enemies":"Exordium Thugs","floor":11.0,"turns":3.0},{"damage":28.0,"enemies":"3 Sentries","floor":13.0,"turns":6.0},{"damage":9.0,"enemies":"Large Slime","floor":14.0,"turns":2.0},{"damage":31.0,"enemies":"The Guardian","floor":16.0,"turns":8.0},{"damage":2.0,"enemies":"Spheric Guardian","floor":18.0,"turns":3.0},{"damage":10.0,"enemies":"Masked Bandits","floor":22.0,"turns":3.0},{"damage":11.0,"enemies":"Slavers","floor":23.0,"turns":3.0},{"damage":0.0,"enemies":"3 Byrds","floor":27.0,"turns":2.0},{"damage":8.0,"enemies":"Book of Stabbing","floor":28.0,"turns":2.0},{"damage":0.0,"enemies":"Cultist and Chosen","floor":29.0,"turns":3.0},{"damage":20.0,"enemies":"Sentry and Sphere","floor":30.0,"turns":4.0},{"damage":0,"enemies":"Colosseum Slavers","floor":31,"turns":1},{"damage":0,"enemies":"Colosseum Nobs","floor":31,"turns":2},{"damage":46,"enemies":"Automaton","floor":33,"turns":7},{"damage":0,"enemies":"Orb Walker","floor":35,"turns":1},{"damage":0,"enemies":"3 Darklings","floor":37,"turns":1},{"damage":22,"enemies":"Writhing Mass","floor":38,"turns":3},{"damage":8,"enemies":"Maw","floor":41,"turns":5},{"damage":7,"enemies":"2 Orb Walkers","floor":45,"turns":2},{"damage":26,"enemies":"4 Shapes","floor":48,"turns":3},{"damage":38,"enemies":"Donu and Deca","floor":50,"turns":3}],"seed_played":"3538791873332570026","potions_obtained":[{"floor":2.0,"key":"Weak Potion"},{"floor":5.0,"key":"Block Potion"},{"floor":13.0,"key":"Dexterity Potion"},{"floor":14.0,"key":"AttackPotion"},{"floor":27.0,"key":"PowerPotion"},{"floor":29.0,"key":"SkillPotion"},{"floor":30.0,"key":"PowerPotion"},{"floor":31,"key":"PowerPotion"}],"is_trial":false,"path_per_floor":["M","M","?","?","M","R","M","T","T","R","M","$","E","M","R","B",null,"M","?","?","$","?","E","R","?","T","M","E","M","M","?","R","B",null,"M","$","M","M","?","R","M","$","T","?","?","$","?","M","R","B",null],"character_chosen":"IRONCLAD","items_purchased":["Metallicize","Chemical X","ClockworkSouvenir","Corruption"],"campfire_rested":0,"item_purchase_floors":[12,42,46,46],"current_hp_per_floor":[80,79,79,72,75,75,77,77,77,77,71,71,49,46,46,21,80,80,80,64,64,60,55,55,55,55,61,59,65,51,73,73,33,90,90,90,90,78,68,68,90,90,90,90,89,89,85,65,65,73],"gold":62,"neow_bonus":"RANDOM_COMMON_RELIC","is_prod":false,"is_daily":false,"chose_seed":false,"campfire_upgraded":7,"win_rate":0,"timestamp":1553201784,"path_taken":["M","?","?","?","M","R","M","?","T","R","M","$","E","M","R","BOSS","M","?","?","$","?","E","R","?","T","M","E","M","M","?","R","BOSS","M","$","M","M","?","R","M","$","T","?","?","$","?","M","R","BOSS"],"build_version":"2019-01-23","purchased_purges":5,"victory":true,"max_hp_per_floor":[80,80,80,80,80,80,80,80,80,80,80,80,80,80,80,80,80,80,80,80,80,80,80,80,80,80,80,80,80,80,90,90,90,90,90,90,90,90,90,90,90,90,90,90,90,90,85,85,85,85],"card_choices":[{"not_picked":["True Grit","Hemokinesis"],"picked":"Flex","floor":1.0},{"not_picked":["Flex","Clothesline"],"picked":"Uppercut","floor":2.0},{"not_picked":["Iron Wave","Burning Pact"],"picked":"Carnage","floor":5.0},{"not_picked":["Pommel Strike","True Grit"],"picked":"Twin Strike","floor":7.0},{"not_picked":["Sword Boomerang","Clash"],"picked":"Wild Strike","floor":11.0},{"not_picked":["Clash","Burning Pact"],"picked":"Inflame","floor":13.0},{"not_picked":["Evolve","Feel No Pain"],"picked":"Flex","floor":14.0},{"not_picked":["Berserk","Offering"],"picked":"Immolate","floor":16.0},{"not_picked":["Fire Breathing","Cleave"],"picked":"Disarm+1","floor":18.0},{"not_picked":["Second Wind","Twin Strike"],"picked":"Clothesline","floor":22.0},{"not_picked":["Intimidate+1","Carnage"],"picked":"Immolate","floor":23.0},{"not_picked":["Shrug It Off","True Grit"],"picked":"Shockwave","floor":27.0},{"not_picked":["Warcry+1","Sword Boomerang","Rupture"],"picked":"SKIP","floor":28.0},{"not_picked":["Thunderclap","Clash"],"picked":"Whirlwind","floor":29.0},{"not_picked":["Shrug It Off","Clothesline","Sword Boomerang"],"picked":"SKIP","floor":30.0},{"not_picked":["Impervious","Dark Embrace"],"picked":"Reaper","floor":33},{"not_picked":[],"picked":"Battle Trance","floor":35},{"not_picked":["Clash"],"picked":"SKIP","floor":37},{"not_picked":["Pommel Strike"],"picked":"SKIP","floor":38},{"not_picked":[],"picked":"The Bomb","floor":39},{"not_picked":[],"picked":"Panacea","floor":39},{"not_picked":[],"picked":"Mind Blast","floor":39},{"not_picked":["Havoc"],"picked":"SKIP","floor":41},{"not_picked":["Iron Wave+1"],"picked":"SKIP","floor":48}],"player_experience":1109038,"relics_obtained":[{"floor":8.0,"key":"Paper Frog"},{"floor":9.0,"key":"Pen Nib"},{"floor":13.0,"key":"Mercury Hourglass"},{"floor":20.0,"key":"Necronomicon"},{"floor":22.0,"key":"Red Mask"},{"floor":23.0,"key":"PreservedInsect"},{"floor":26.0,"key":"Bottled Tornado"},{"floor":28.0,"key":"Juzu Bracelet"},{"floor":31,"key":"Charon\u0027s Ashes"},{"floor":31,"key":"Pear"},{"floor":43,"key":"Meat on the Bone"},{"floor":45,"key":"Ice Cream"}],"event_choices":[{"damage_healed":0.0,"max_hp_gain":0.0,"max_hp_loss":0.0,"gold_gain":0.0,"event_name":"Living Wall","player_choice":"Grow","floor":3.0,"gold_loss":0.0,"damage_taken":0.0,"cards_upgraded":["Uppercut"]},{"cards_removed":["Strike_R"],"damage_healed":0.0,"max_hp_gain":0.0,"max_hp_loss":0.0,"gold_gain":0.0,"event_name":"Golden Wing","player_choice":"Card Removal","floor":4.0,"gold_loss":0.0,"damage_taken":7.0},{"damage_healed":0.0,"max_hp_gain":0.0,"max_hp_loss":0.0,"gold_gain":99.0,"event_name":"Nest","player_choice":"Stole From Cult","floor":19.0,"gold_loss":0.0,"damage_taken":0.0},{"damage_healed":0.0,"max_hp_gain":0.0,"max_hp_loss":0.0,"gold_gain":0.0,"event_name":"Cursed Tome","player_choice":"Obtained Book","floor":20.0,"gold_loss":0.0,"damage_taken":16.0},{"damage_healed":0.0,"max_hp_gain":0.0,"max_hp_loss":0.0,"gold_gain":0.0,"event_name":"Masked Bandits","player_choice":"Fought Bandits","floor":22.0,"gold_loss":0.0,"damage_taken":0.0},{"cards_removed":["Strike_R"],"damage_healed":0.0,"max_hp_gain":0.0,"max_hp_loss":0.0,"gold_gain":0.0,"event_name":"Purifier","player_choice":"Purged","floor":25.0,"gold_loss":0.0,"damage_taken":0.0},{"damage_healed":0,"gold_gain":0,"player_choice":"Fight","damage_taken":0,"max_hp_gain":0,"max_hp_loss":0,"event_name":"Colosseum","floor":31,"gold_loss":0},{"damage_healed":0,"gold_gain":0,"player_choice":"Fought Nobs","damage_taken":0,"max_hp_gain":0,"max_hp_loss":0,"event_name":"Colosseum","floor":31,"gold_loss":0},{"damage_healed":0,"gold_gain":0,"player_choice":"Memory 3","damage_taken":10,"max_hp_gain":0,"max_hp_loss":0,"event_name":"SensoryStone","floor":39,"gold_loss":0},{"damage_healed":0,"gold_gain":222,"player_choice":"Wore Mask","damage_taken":0,"max_hp_gain":0,"max_hp_loss":0,"event_name":"Tomb of Lord Red Mask","floor":44,"gold_loss":0},{"damage_healed":0,"gold_gain":0,"player_choice":"Fight","damage_taken":0,"max_hp_gain":0,"max_hp_loss":0,"event_name":"Mysterious Sphere","floor":45,"gold_loss":0},{"damage_healed":0,"gold_gain":0,"player_choice":"Max HP","damage_taken":0,"max_hp_gain":0,"max_hp_loss":5,"event_name":"Winding Halls","floor":47,"gold_loss":0}],"is_beta":false,"boss_relics":[{"not_picked":["Fusion Hammer","Snecko Eye"],"picked":"Cursed Key"},{"not_picked":["Orrery","White Beast Statue"],"picked":"Busted Crown"}],"items_purged_floors":[12,21,36,42,46],"is_endless":false,"potions_floor_spawned":[2,5,13,14,27,28,29,30,31,37,41,45],"ascension_level":0}