{"gold_per_floor":[119,119,119,131,131,131,144,144,190,224,224,224,240,256,256,328,328,308,308,308],"floor_reached":20,"playtime":899,"items_purged":[],"score":318,"play_id":"192de8ff-5b34-474f-aa62-db694079f6da","local_time":"20190312223425","is_ascension_mode":true,"campfire_choices":[{"data":"Strike_R","floor":6.0,"key":"PURGE"},{"floor":8.0,"key":"REST"},{"data":"Strike_R","floor":11.0,"key":"PURGE"},{"floor":15.0,"key":"REST"}],"neow_cost":"NONE","seed_source_timestamp":781568815002762,"circlet_count":0,"master_deck":["AscendersBane","Strike_R","Strike_R","Defend_R","Defend_R","Defend_R","Defend_R","Bash","Hemokinesis","Burning Pact","Offering"],"special_seed":0,"relics":["Burning Blood","Blood Vial","Peace Pipe","Lantern","Bronze Scales","Orrery"],"potions_floor_usage":[18,19],"damage_taken":[{"damage":4.0,"enemies":"Jaw Worm","floor":1.0,"turns":5.0},{"damage":13.0,"enemies":"Small Slimes","floor":4.0,"turns":4.0},{"damage":4.0,"enemies":"Cultist","floor":7.0,"turns":3.0},{"damage":8.0,"enemies":"3 Sentries","floor":10.0,"turns":3.0},{"damage":14.0,"enemies":"Blue Slaver","floor":13.0,"turns":5.0},{"damage":23.0,"enemies":"Exordium Wildlife","floor":14.0,"turns":5.0},{"damage":60.0,"enemies":"Slime Boss","floor":16.0,"turns":11.0},{"damage":19,"enemies":"2 Thieves","floor":18,"turns":4},{"damage":36,"enemies":"Colosseum Slavers","floor":19,"turns":4},{"damage":27,"enemies":"Shell Parasite","floor":20,"turns":2}],"seed_played":"4078104714551378216","potions_obtained":[{"floor":4.0,"key":"AttackPotion"},{"floor":7.0,"key":"Ancient Potion"},{"floor":13.0,"key":"AttackPotion"},{"floor":16.0,"key":"AttackPotion"},{"floor":18,"key":"SkillPotion"}],"is_trial":false,"path_per_floor":["M","?","?","M","?","R","M","R","T","E","R","?","M","M","R","B",null,"M","?","M"],"character_chosen":"IRONCLAD","items_purchased":[],"campfire_rested":2,"item_purchase_floors":[],"current_hp_per_floor":[72,16,41,36,36,36,40,62,62,62,62,62,56,41,63,11,59,48,20,0],"gold":308,"neow_bonus":"RANDOM_COMMON_RELIC","is_prod":false,"is_daily":false,"chose_seed":false,"campfire_upgraded":0,"win_rate":0,"timestamp":1552397665,"path_taken":["M","?","?","?","?","R","M","R","T","E","R","?","M","?","R","BOSS","M","?","M"],"build_version":"2019-01-23","purchased_purges":0,"victory":false,"max_hp_per_floor":[75,75,75,75,75,75,75,75,75,75,75,75,75,75,75,75,75,75,75,75],"card_choices":[{"not_picked":["Twin Strike","Clash"],"picked":"Hemokinesis","floor":1.0},{"not_picked":["Armaments","Havoc","Flex"],"picked":"SKIP","floor":4.0},{"not_picked":["Rage","Searing Blow"],"picked":"Burning Pact","floor":7.0},{"not_picked":["Impervious","True Grit","Iron Wave"],"picked":"SKIP","floor":10.0},{"not_picked":["Seeing Red","Infernal Blade","Anger"],"picked":"SKIP","floor":13.0},{"not_picked":["Burning Pact","Sentinel","Heavy Blade"],"picked":"SKIP","floor":14.0},{"not_picked":["Immolate","Dark Embrace"],"picked":"Offering","floor":16.0},{"not_picked":["Sentinel","Impervious","Twin Strike+1"],"picked":"SKIP","floor":18}],"player_experience":298401,"relics_obtained":[{"floor":9.0,"key":"Lantern"},{"floor":10.0,"key":"Bronze Scales"}],"event_choices":[{"damage_healed":0.0,"max_hp_gain":0.0,"max_hp_loss":0.0,"gold_gain":0.0,"event_name":"Scrap Ooze","player_choice":"Success","floor":2.0,"gold_loss":0.0,"damage_taken":56.0,"relics_obtained":["Peace Pipe"]},{"damage_healed":25.0,"max_hp_gain":0.0,"max_hp_loss":0.0,"gold_gain":0.0,"event_name":"Big Fish","player_choice":"Banana","floor":3.0,"gold_loss":0.0,"damage_taken":0.0},{"cards_removed":["Strike_R"],"damage_healed":0.0,"max_hp_gain":0.0,"max_hp_loss":0.0,"gold_gain":0.0,"event_name":"Living Wall","player_choice":"Forget","floor":5.0,"gold_loss":0.0,"damage_taken":0.0},{"damage_healed":0.0,"max_hp_gain":0.0,"max_hp_loss":0.0,"gold_gain":0.0,"event_name":"Match and Keep!","player_choice":"0 cards matched","floor":12.0,"gold_loss":0.0,"damage_taken":0.0,"cards_obtained":[]},{"damage_healed":0,"gold_gain":0,"player_choice":"Fight","damage_taken":0,"max_hp_gain":0,"max_hp_loss":0,"event_name":"Colosseum","floor":19,"gold_loss":0},{"damage_healed":0,"gold_gain":0,"player_choice":"Fled From Nobs","damage_taken":0,"max_hp_gain":0,"max_hp_loss":0,"event_name":"Colosseum","floor":19,"gold_loss":0}],"is_beta":false,"boss_relics":[{"not_picked":["White Beast Statue","Calling Bell"],"picked":"Orrery"}],"items_purged_floors":[],"is_endless":false,"potions_floor_spawned":[4,7,13,16,18,19],"killed_by":"Shell Parasite","ascension_level":17}