{"gold_per_floor":[117,136,136,136,55,86,86,117,117,127,127,145,145,145,145,216,216,228,242,10,26,41,41,70,70,70,80,80,93,93,93,93,170,170,181,199,299,63,76,76,93,93,93,109,142,142,154,170,170,170,170],"floor_reached":51,"playtime":3073,"items_purged":["Defend_R"],"score":1353,"play_id":"c6ff92b5-cb48-4ca6-a217-5dcb18359a8d","local_time":"20190321231454","is_ascension_mode":true,"campfire_choices":[{"data":"Limit Break","floor":7.0,"key":"SMITH"},{"floor":11.0,"key":"REST"},{"data":"Whirlwind","floor":13.0,"key":"SMITH"},{"data":"Flex","floor":15.0,"key":"SMITH"},{"data":"Armaments","floor":23.0,"key":"SMITH"},{"floor":28.0,"key":"REST"},{"floor":32.0,"key":"REST"},{"floor":40.0,"key":"REST"},{"data":"True Grit","floor":42.0,"key":"SMITH"},{"floor":46.0,"key":"REST"},{"floor":49.0,"key":"REST"}],"neow_cost":"NONE","seed_source_timestamp":619500832530,"circlet_count":0,"master_deck":["AscendersBane","Strike_R","Strike_R","Strike_R","Defend_R","Defend_R","Defend_R+1","Bash","Headbutt+1","Armaments+1","Limit Break+1","Flex+1","Warcry","Sentinel+1","Armaments+1","Impervious","Whirlwind+1","Offering","Shrug It Off+1","Double Tap","Shrug It Off","Power Through","Rage","True Grit+1","Headbutt","True Grit+1","Decay","J.A.X.","Impervious","Headbutt","Sword Boomerang","Demon Form","Decay","Flex+1","Pummel+1","Shockwave+1"],"special_seed":0,"relics":["Burning Blood","NeowsBlessing","Champion Belt","War Paint","Du-Vu Doll","Mark of Pain","Red Mask","Incense Burner","Cursed Key","Nunchaku","Bronze Scales","Self Forming Clay","Gambling Chip"],"potions_floor_usage":[51],"damage_taken":[{"damage":0.0,"enemies":"Cultist","floor":1.0,"turns":1.0},{"damage":0.0,"enemies":"Small Slimes","floor":2.0,"turns":1.0},{"damage":0.0,"enemies":"Lagavulin","floor":6.0,"turns":1.0},{"damage":53.0,"enemies":"Gremlin Nob","floor":8.0,"turns":5.0},{"damage":0.0,"enemies":"Jaw Worm","floor":10.0,"turns":4.0},{"damage":3.0,"enemies":"Looter","floor":12.0,"turns":4.0},{"damage":28.0,"enemies":"The Guardian","floor":16.0,"turns":11.0},{"damage":16.0,"enemies":"Chosen","floor":18.0,"turns":6.0},{"damage":6.0,"enemies":"3 Byrds","floor":19.0,"turns":6.0},{"damage":6.0,"enemies":"Snake Plant","floor":21.0,"turns":3.0},{"damage":8.0,"enemies":"Snecko","floor":22.0,"turns":5.0},{"damage":6.0,"enemies":"Masked Bandits","floor":24.0,"turns":2.0},{"damage":23.0,"enemies":"Centurion and Healer","floor":27.0,"turns":9.0},{"damage":14.0,"enemies":"Cultist and Chosen","floor":29.0,"turns":6.0},{"damage":45.0,"enemies":"Collector","floor":33.0,"turns":7.0},{"damage":0.0,"enemies":"3 Darklings","floor":35.0,"turns":2.0},{"damage":23.0,"enemies":"3 Shapes","floor":36.0,"turns":7.0},{"damage":11.0,"enemies":"Mind Bloom Boss Battle","floor":37.0,"turns":8.0},{"damage":16.0,"enemies":"Maw","floor":39.0,"turns":7.0},{"damage":16.0,"enemies":"3 Darklings","floor":41.0,"turns":4.0},{"damage":8.0,"enemies":"Spire Growth","floor":44.0,"turns":5.0},{"damage":33.0,"enemies":"Reptomancer","floor":45.0,"turns":5.0},{"damage":34.0,"enemies":"Sphere and 2 Shapes","floor":47.0,"turns":4.0},{"damage":9.0,"enemies":"Maw","floor":48.0,"turns":6.0},{"damage":37.0,"enemies":"Donu and Deca","floor":50.0,"turns":7.0},{"damage":27,"enemies":"Time Eater","floor":51,"turns":5}],"seed_played":"-1186890166234330178","potions_obtained":[{"floor":1.0,"key":"EssenceOfSteel"},{"floor":12.0,"key":"BloodPotion"},{"floor":16.0,"key":"Weak Potion"},{"floor":19.0,"key":"Explosive Potion"},{"floor":22.0,"key":"BloodPotion"},{"floor":24.0,"key":"PowerPotion"},{"floor":25.0,"key":"SmokeBomb"},{"floor":33.0,"key":"Swift Potion"},{"floor":41.0,"key":"Regen Potion"},{"floor":47.0,"key":"LiquidBronze"}],"is_trial":false,"path_per_floor":["M","M","?","?","$","E","R","E","T","M","R","M","R","?","R","B",null,"M","M","$","M","M","R","?","?","T","M","R","M","?","?","R","B",null,"M","M","?","$","M","R","M","R","T","M","E","R","M","M","R","B","B"],"character_chosen":"IRONCLAD","items_purchased":["Flex","Warcry","Double Tap","Shrug It Off","Bronze Scales"],"campfire_rested":6,"item_purchase_floors":[5,5,20,20,38],"current_hp_per_floor":[74,75,75,52,52,58,58,11,11,17,39,42,42,42,42,27,63,53,53,53,53,51,51,51,51,51,34,56,48,48,48,70,31,64,70,53,48,48,38,60,50,50,50,48,35,57,29,26,48,17,0],"gold":170,"neow_bonus":"THREE_ENEMY_KILL","is_prod":false,"is_daily":false,"chose_seed":false,"campfire_upgraded":5,"win_rate":0,"timestamp":1553177694,"path_taken":["M","?","?","?","$","E","R","E","T","M","R","M","R","?","R","BOSS","M","M","$","M","?","R","?","?","T","?","R","M","?","?","R","BOSS","M","M","?","$","M","R","M","R","T","M","E","R","M","M","R","BOSS","BOSS"],"build_version":"2019-01-23","purchased_purges":1,"victory":false,"max_hp_per_floor":[75,75,75,75,75,75,75,75,75,75,75,75,75,75,75,75,75,75,75,75,75,75,75,75,75,75,75,75,75,75,75,75,75,75,75,75,75,75,75,75,75,75,75,75,75,75,75,75,75,75,75],"card_choices":[{"not_picked":["Searing Blow","Wild Strike"],"picked":"Headbutt","floor":1.0},{"not_picked":["Warcry","Disarm"],"picked":"Armaments","floor":2.0},{"not_picked":["Armaments","Ghostly Armor"],"picked":"Sentinel","floor":6.0},{"not_picked":["Clash","Warcry"],"picked":"Armaments","floor":8.0},{"not_picked":["Searing Blow","Sentinel"],"picked":"Impervious","floor":10.0},{"not_picked":["Wild Strike","Cleave"],"picked":"Whirlwind","floor":12.0},{"not_picked":["Fiend Fire","Bludgeon"],"picked":"Offering","floor":16.0},{"not_picked":["Pommel Strike","Body Slam+1"],"picked":"Shrug It Off+1","floor":18.0},{"not_picked":["Clothesline","Dual Wield","Searing Blow"],"picked":"SKIP","floor":19.0},{"not_picked":["Twin Strike","Clash"],"picked":"Power Through","floor":21.0},{"not_picked":["Sever Soul","Wild Strike"],"picked":"Rage","floor":22.0},{"not_picked":["Havoc","Body Slam"],"picked":"True Grit","floor":24.0},{"not_picked":["Anger","Iron Wave"],"picked":"Headbutt","floor":27.0},{"not_picked":["Thunderclap","Brutality"],"picked":"True Grit+1","floor":29.0},{"not_picked":["Brutality","Dark Embrace"],"picked":"Impervious","floor":33.0},{"not_picked":["Havoc","Perfected Strike"],"picked":"Headbutt","floor":35.0},{"not_picked":["Armaments","Clothesline+1","Flex"],"picked":"SKIP","floor":36.0},{"not_picked":["Perfected Strike","Twin Strike"],"picked":"Sword Boomerang","floor":39.0},{"not_picked":["Power Through","Wild Strike"],"picked":"Demon Form","floor":41.0},{"not_picked":["True Grit","Fire Breathing"],"picked":"Flex+1","floor":44.0},{"not_picked":["Armaments","Hemokinesis","True Grit"],"picked":"SKIP","floor":45.0},{"not_picked":["Anger","Body Slam"],"picked":"Pummel+1","floor":47.0},{"not_picked":["Dropkick","Juggernaut"],"picked":"Shockwave+1","floor":48.0}],"player_experience":383581,"relics_obtained":[{"floor":6.0,"key":"Champion Belt"},{"floor":8.0,"key":"War Paint"},{"floor":9.0,"key":"Du-Vu Doll"},{"floor":24.0,"key":"Red Mask"},{"floor":26.0,"key":"Incense Burner"},{"floor":37.0,"key":"Nunchaku"},{"floor":43.0,"key":"Self Forming Clay"},{"floor":45.0,"key":"Gambling Chip"}],"event_choices":[{"damage_healed":0.0,"max_hp_gain":0.0,"max_hp_loss":0.0,"gold_gain":0.0,"cards_transformed":["Strike_R"],"event_name":"Living Wall","player_choice":"Change","floor":3.0,"gold_loss":0.0,"damage_taken":0.0,"cards_obtained":["Limit Break"]},{"damage_healed":0.0,"max_hp_gain":0.0,"max_hp_loss":0.0,"gold_gain":0.0,"event_name":"Shining Light","player_choice":"Entered Light","floor":4.0,"gold_loss":0.0,"damage_taken":23.0,"cards_upgraded":["Armaments","Headbutt"]},{"cards_removed":["Strike_R"],"damage_healed":0.0,"max_hp_gain":0.0,"max_hp_loss":0.0,"gold_gain":0.0,"event_name":"Bonfire Elementals","player_choice":"Offered Basic","floor":14.0,"gold_loss":0.0,"damage_taken":0.0},{"damage_healed":0.0,"max_hp_gain":0.0,"max_hp_loss":0.0,"gold_gain":0.0,"event_name":"Masked Bandits","player_choice":"Fought Bandits","floor":24.0,"gold_loss":0.0,"damage_taken":0.0},{"damage_healed":0.0,"max_hp_gain":0.0,"max_hp_loss":0.0,"gold_gain":0.0,"event_name":"Lab","player_choice":"Got Potions","floor":25.0,"gold_loss":0.0,"damage_taken":0.0},{"damage_healed":0.0,"max_hp_gain":0.0,"max_hp_loss":0.0,"gold_gain":0.0,"event_name":"Forgotten Altar","player_choice":"Smashed Altar","floor":30.0,"gold_loss":0.0,"damage_taken":0.0,"cards_obtained":["Decay"]},{"damage_healed":0.0,"max_hp_gain":0.0,"max_hp_loss":0.0,"gold_gain":0.0,"event_name":"Drug Dealer","player_choice":"Obtain J.A.X.","floor":31.0,"gold_loss":0.0,"damage_taken":0.0,"cards_obtained":["J.A.X."]},{"damage_healed":0.0,"max_hp_gain":0.0,"max_hp_loss":0.0,"gold_gain":0.0,"event_name":"MindBloom","player_choice":"Fight","floor":37.0,"gold_loss":0.0,"damage_taken":0.0}],"is_beta":false,"boss_relics":[{"not_picked":["Philosopher\u0027s Stone","Astrolabe"],"picked":"Mark of Pain"},{"not_picked":["Black Star","Calling Bell"],"picked":"Cursed Key"}],"items_purged_floors":[38],"is_endless":false,"potions_floor_spawned":[1,12,16,19,22,24,27,33,35,41,44,47,48],"killed_by":"Time Eater","ascension_level":20}