{"gold_per_floor":[116,291,291,303,253,284,296,296,370,396,396,101,121,141,141,240,240,256,267,167,167,167,167,192,192,192,205,219,219],"floor_reached":29,"playtime":1602,"items_purged":["Regret","Strike_R"],"score":271,"play_id":"a12f75e9-d769-4961-acc6-24f67c7800d4","local_time":"20190217203338","is_ascension_mode":true,"campfire_choices":[{"data":"Armaments","floor":8,"key":"SMITH"},{"floor":15,"key":"DIG"},{"floor":23,"key":"DIG"},{"floor":25,"key":"DIG"}],"neow_cost":"NONE","seed_source_timestamp":85445917867995,"circlet_count":0,"master_deck":["Strike_R","Strike_R","Defend_R","Defend_R","Defend_R","Defend_R","Bash","Shrug It Off","Armaments+1","Spot Weakness","Inflame","Second Wind","Dark Embrace","Wild Strike","Reckless Charge+1","Reckless Charge","Pommel Strike"],"relics":["Burning Blood","NeowsBlessing","Boot","Shovel","Ornamental Fan","Meat on the Bone","Self Forming Clay","Oddly Smooth Stone","Unceasing Top","Runic Pyramid","Potion Belt","Darkstone Periapt","Regal Pillow","Vajra","Paper Frog"],"potions_floor_usage":[14,16],"damage_taken":[{"damage":0,"enemies":"Jaw Worm","floor":1,"turns":1},{"damage":0,"enemies":"2 Louse","floor":4,"turns":1},{"damage":0,"enemies":"Lagavulin","floor":6,"turns":1},{"damage":0,"enemies":"Small Slimes","floor":7,"turns":3},{"damage":21,"enemies":"3 Sentries","floor":10,"turns":13},{"damage":1,"enemies":"Exordium Wildlife","floor":13,"turns":9},{"damage":0,"enemies":"Looter","floor":14,"turns":4},{"damage":51,"enemies":"The Guardian","floor":16,"turns":13},{"damage":32,"enemies":"Spheric Guardian","floor":18,"turns":8},{"damage":33,"enemies":"3 Byrds","floor":19,"turns":8},{"damage":18,"enemies":"Centurion and Healer","floor":27,"turns":6},{"damage":33,"enemies":"Snecko","floor":28,"turns":9},{"damage":32,"enemies":"Gremlin Leader","floor":29,"turns":6}],"seed_played":"-8197732663189200868","potions_obtained":[{"floor":4,"key":"SteroidPotion"},{"floor":13,"key":"Dexterity Potion"},{"floor":14,"key":"SneckoOil"},{"floor":18,"key":"EssenceOfSteel"},{"floor":27,"key":"SteroidPotion"},{"floor":28,"key":"Ancient Potion"}],"is_trial":false,"path_per_floor":["M","?","?","M","?","E","M","R","T","E","?","$","M","M","R","B",null,"M","M","$","?","?","R","T","R","T","M","M","E"],"character_chosen":"IRONCLAD","items_purchased":["Oddly Smooth Stone","Inflame"],"campfire_rested":0,"item_purchase_floors":[12,12],"current_hp_per_floor":[80,80,73,79,79,80,80,80,80,65,65,65,70,76,76,43,80,54,39,39,39,39,39,39,39,39,39,24,0],"gold":219,"neow_bonus":"THREE_ENEMY_KILL","is_prod":false,"is_daily":false,"chose_seed":false,"campfire_upgraded":1,"win_rate":0,"timestamp":1550403218,"path_taken":["M","?","?","M","?","E","M","R","T","E","?","$","M","M","R","BOSS","M","M","$","?","?","R","?","R","T","M","M","E"],"build_version":"2019-01-23","purchased_purges":2,"victory":false,"max_hp_per_floor":[80,80,80,80,80,80,80,80,80,80,80,80,80,80,80,80,80,80,80,80,80,80,80,80,80,80,80,80,80],"card_choices":[{"not_picked":["Sword Boomerang","Carnage","Anger"],"picked":"SKIP","floor":1},{"not_picked":["Flex","Headbutt","Sever Soul"],"picked":"SKIP","floor":4},{"not_picked":["Limit Break","Sever Soul"],"picked":"Shrug It Off","floor":6},{"not_picked":["Rage","Thunderclap"],"picked":"Armaments","floor":7},{"not_picked":["Anger","Burning Pact"],"picked":"Spot Weakness","floor":10},{"not_picked":["Blood for Blood","Wild Strike"],"picked":"Second Wind","floor":13},{"not_picked":["Carnage","True Grit","Shrug It Off"],"picked":"SKIP","floor":14},{"not_picked":["Brutality","Juggernaut"],"picked":"Dark Embrace","floor":16},{"not_picked":["Intimidate+1","Headbutt+1"],"picked":"Wild Strike","floor":18},{"not_picked":["True Grit","Warcry"],"picked":"Reckless Charge+1","floor":19},{"not_picked":["Warcry+1","Corruption","Iron Wave"],"picked":"SKIP","floor":27},{"not_picked":["Flex","Searing Blow+1","Fire Breathing"],"picked":"SKIP","floor":28}],"player_experience":115882,"relics_obtained":[{"floor":6,"key":"Shovel"},{"floor":9,"key":"Ornamental Fan"},{"floor":10,"key":"Meat on the Bone"},{"floor":15,"key":"Unceasing Top"},{"floor":23,"key":"Darkstone Periapt"},{"floor":24,"key":"Regal Pillow"},{"floor":25,"key":"Vajra"},{"floor":26,"key":"Paper Frog"}],"event_choices":[{"damage_healed":0,"gold_gain":175,"player_choice":"AGREE","damage_taken":0,"max_hp_gain":0,"max_hp_loss":0,"event_name":"Liars Game","floor":2,"gold_loss":0,"cards_obtained":["Doubt"]},{"damage_healed":0,"gold_gain":0,"player_choice":"Success","damage_taken":7,"relics_obtained":["Boot"],"max_hp_gain":0,"max_hp_loss":0,"event_name":"Scrap Ooze","floor":3,"gold_loss":0},{"cards_removed":["Doubt"],"damage_healed":0,"gold_gain":0,"player_choice":"Card Removal","damage_taken":0,"max_hp_gain":0,"max_hp_loss":0,"event_name":"The Cleric","floor":5,"gold_loss":50},{"damage_healed":0,"gold_gain":0,"player_choice":"Box","damage_taken":0,"relics_obtained":["Self Forming Clay"],"max_hp_gain":0,"max_hp_loss":0,"event_name":"Big Fish","floor":11,"gold_loss":0,"cards_obtained":["Regret"]},{"damage_healed":0,"gold_gain":0,"player_choice":"Opened","damage_taken":0,"relics_obtained":["Potion Belt"],"max_hp_gain":0,"max_hp_loss":0,"event_name":"The Mausoleum","floor":21,"gold_loss":0},{"damage_healed":0,"gold_gain":0,"cards_transformed":["Strike_R","Strike_R"],"player_choice":"Became Test Subject","damage_taken":0,"max_hp_gain":0,"max_hp_loss":0,"event_name":"Drug Dealer","floor":22,"gold_loss":0,"cards_obtained":["Reckless Charge","Pommel Strike"]}],"is_beta":false,"boss_relics":[{"not_picked":["Fusion Hammer","Lizard Tail"],"picked":"Runic Pyramid"}],"items_purged_floors":[12,20],"is_endless":false,"potions_floor_spawned":[4,13,14,18,27,28],"killed_by":"Gremlin Leader","ascension_level":1}