{"gold_per_floor":[209,223,233,246,146,146,164,198,198,35,35,35,35,35,35,114,114,126,106,106],"floor_reached":20,"playtime":538,"items_purged":["Strike_R"],"score":348,"play_id":"095e6882-0e69-433d-ab5d-92fb6c55f307","local_time":"20190111010411","is_ascension_mode":true,"campfire_choices":[{"data":"Juggernaut","floor":6,"key":"SMITH"},{"data":"Body Slam","floor":11,"key":"SMITH"},{"data":"Armaments","floor":13,"key":"SMITH"},{"data":"Evolve","floor":15,"key":"SMITH"}],"neow_cost":"NONE","seed_source_timestamp":26140190124567,"circlet_count":0,"master_deck":["AscendersBane","Strike_R","Strike_R","Strike_R","Defend_R","Defend_R","Defend_R","Defend_R","Bash","Shrug It Off","Second Wind","Uppercut","Juggernaut+1","Iron Wave","Armaments+1","Evolve+1","Body Slam+1"],"relics":["Burning Blood","Ancient Tea Set","Letter Opener","Runic Dome"],"potions_floor_usage":[8,8],"damage_taken":[{"damage":7,"enemies":"Small Slimes","floor":1,"turns":4},{"damage":7,"enemies":"Cultist","floor":2,"turns":4},{"damage":5,"enemies":"2 Louse","floor":3,"turns":4},{"damage":39,"enemies":"Gremlin Gang","floor":4,"turns":7},{"damage":17,"enemies":"3 Louse","floor":7,"turns":4},{"damage":12,"enemies":"Lagavulin","floor":8,"turns":6},{"damage":10,"enemies":"Hexaghost","floor":16,"turns":10},{"damage":28,"enemies":"3 Byrds","floor":18,"turns":6},{"damage":22,"enemies":"2 Thieves","floor":19,"turns":4},{"damage":29,"enemies":"Cultist and Chosen","floor":20,"turns":3}],"seed_played":"5971029891914892501","potions_obtained":[{"floor":2,"key":"FairyPotion"},{"floor":4,"key":"Regen Potion"},{"floor":7,"key":"AttackPotion"}],"is_trial":false,"path_per_floor":["M","M","M","M","?","R","M","E","T","$","R","$","R","?","R","B",null,"M","M","M"],"character_chosen":"IRONCLAD","items_purchased":["Evolve","Body Slam"],"campfire_rested":0,"item_purchase_floors":[10,10],"current_hp_per_floor":[67,66,67,34,34,34,23,32,32,32,32,32,32,32,32,28,63,41,25,0],"gold":106,"neow_bonus":"HUNDRED_GOLD","is_prod":false,"is_daily":false,"chose_seed":false,"campfire_upgraded":4,"win_rate":0,"timestamp":1547136251,"path_taken":["M","M","M","M","?","R","?","E","T","$","R","?","R","?","R","BOSS","M","M","M"],"build_version":"2019-01-03v4","purchased_purges":1,"victory":false,"max_hp_per_floor":[75,75,75,75,75,75,75,75,75,75,75,75,75,75,75,75,75,75,75,75],"card_choices":[{"not_picked":["Iron Wave","Heavy Blade"],"picked":"Shrug It Off","floor":1},{"not_picked":["Rupture","Shrug It Off"],"picked":"Second Wind","floor":2},{"not_picked":["True Grit","Disarm"],"picked":"Uppercut","floor":3},{"not_picked":["Havoc","Power Through"],"picked":"Juggernaut","floor":4},{"not_picked":["Clash","Cleave"],"picked":"Iron Wave","floor":7},{"not_picked":["Pommel Strike","Reckless Charge"],"picked":"Armaments","floor":8},{"not_picked":["Flex","Thunderclap+1","Clothesline"],"picked":"SKIP","floor":18},{"not_picked":["Flex","Disarm","Perfected Strike"],"picked":"SKIP","floor":19}],"player_experience":4042253,"relics_obtained":[{"floor":8,"key":"Letter Opener"}],"event_choices":[{"damage_healed":0,"gold_gain":0,"player_choice":"Paid Gold","damage_taken":0,"relics_obtained":["Ancient Tea Set"],"max_hp_gain":0,"max_hp_loss":0,"event_name":"WeMeetAgain","floor":5,"gold_loss":100},{"cards_removed":["Strike_R"],"damage_healed":0,"gold_gain":0,"player_choice":"Offered Basic","damage_taken":0,"max_hp_gain":0,"max_hp_loss":0,"event_name":"Bonfire Elementals","floor":14,"gold_loss":0}],"is_beta":false,"boss_relics":[{"not_picked":["Orrery","Calling Bell"],"picked":"Runic Dome"}],"items_purged_floors":[10],"is_endless":false,"potions_floor_spawned":[2,4,7],"killed_by":"Cultist and Chosen","ascension_level":20}