{"gold_per_floor":[112,124,139,152,163,195,33,33,33,63,82,110,128,154,154,226,226,239,267,127,139,64,64,90,108,108,108,108,66,66,82,82,159,159,173,173,190,208,223,251,251,351,401,411,423,423,434,434,434,434,434,434,434,54,81,81],"floor_reached":57,"playtime":3695,"items_purged":["Strike_R","Strike_R"],"score":2697,"play_id":"6f9c1f59-4944-41ad-a3a1-e847c7c5b2d4","local_time":"20190227025007","is_ascension_mode":true,"campfire_choices":[{"floor":8,"key":"REST"},{"data":"Armaments","floor":15,"key":"SMITH"},{"data":"Offering","floor":23,"key":"SMITH"},{"data":"Battle Trance","floor":27,"key":"SMITH"},{"floor":30,"key":"REST"},{"data":"Limit Break","floor":32,"key":"SMITH"},{"floor":41,"key":"REST"},{"floor":46,"key":"RECALL"},{"floor":49,"key":"REST"},{"data":"Apotheosis","floor":53,"key":"SMITH"}],"neow_cost":"NONE","seed_source_timestamp":1078959639841100,"circlet_count":0,"master_deck":["AscendersBane","Defend_R","Defend_R","Defend_R","Defend_R","Seeing Red","Inflame","Cleave","Armaments+1","Pummel","Metallicize","Offering+1","Bludgeon+1","Anger+1","Seeing Red","Uppercut+1","Battle Trance+1","Limit Break+1","Rage","Pummel+1","Dual Wield","Inflame+1","Shrug It Off","RitualDagger+1","Pummel+1","Body Slam+1","Body Slam+1","Power Through+1","Disarm","Clothesline+1","True Grit","Seeing Red+1","Shockwave","Dark Shackles","Apotheosis+1","PanicButton","Disarm+1"],"relics":["Burning Blood","Molten Egg 2","Bottled Flame","Letter Opener","Self Forming Clay","Runic Pyramid","Red Mask","Lantern","Ginger","Astrolabe","Magic Flower","Happy Flower","Gambling Chip","OrangePellets","Nunchaku"],"potions_floor_usage":[6,10,12,16,19,24,33,39,40,51,56,56],"damage_taken":[{"damage":7,"enemies":"Cultist","floor":1,"turns":4},{"damage":5,"enemies":"2 Louse","floor":2,"turns":4},{"damage":15,"enemies":"Small Slimes","floor":3,"turns":3},{"damage":11,"enemies":"Blue Slaver","floor":4,"turns":3},{"damage":8,"enemies":"Lots of Slimes","floor":5,"turns":2},{"damage":56,"enemies":"Gremlin Nob","floor":6,"turns":5},{"damage":9,"enemies":"3 Sentries","floor":10,"turns":5},{"damage":15,"enemies":"Gremlin Gang","floor":11,"turns":5},{"damage":6,"enemies":"Lagavulin","floor":12,"turns":2},{"damage":4,"enemies":"Blue Slaver","floor":13,"turns":4},{"damage":15,"enemies":"3 Sentries","floor":14,"turns":4},{"damage":11,"enemies":"Hexaghost","floor":16,"turns":7},{"damage":14,"enemies":"Shell Parasite","floor":18,"turns":3},{"damage":24,"enemies":"Masked Bandits","floor":19,"turns":4},{"damage":0,"enemies":"Spheric Guardian","floor":21,"turns":3},{"damage":8,"enemies":"Slavers","floor":24,"turns":3},{"damage":6,"enemies":"Cultist and Chosen","floor":25,"turns":3},{"damage":9,"enemies":"3 Cultists","floor":31,"turns":4},{"damage":27,"enemies":"Automaton","floor":33,"turns":6},{"damage":2,"enemies":"Orb Walker","floor":35,"turns":2},{"damage":7,"enemies":"3 Shapes","floor":37,"turns":5},{"damage":6,"enemies":"Spire Growth","floor":38,"turns":2},{"damage":25,"enemies":"3 Darklings","floor":39,"turns":5},{"damage":33,"enemies":"Giant Head","floor":40,"turns":7},{"damage":0,"enemies":"Mind Bloom Boss Battle","floor":42,"turns":6},{"damage":20,"enemies":"Writhing Mass","floor":44,"turns":3},{"damage":13,"enemies":"Sphere and 2 Shapes","floor":45,"turns":3},{"damage":30,"enemies":"4 Shapes","floor":47,"turns":10},{"damage":10,"enemies":"Time Eater","floor":50,"turns":7},{"damage":32,"enemies":"Awakened One","floor":51,"turns":13},{"damage":14,"enemies":"Shield and Spear","floor":55,"turns":6},{"damage":47,"enemies":"The Heart","floor":56,"turns":11}],"seed_played":"-8866607048037488096","potions_obtained":[{"floor":3,"key":"SpeedPotion"},{"floor":5,"key":"Regen Potion"},{"floor":6,"key":"Fire Potion"},{"floor":11,"key":"SteroidPotion"},{"floor":13,"key":"LiquidBronze"},{"floor":16,"key":"PowerPotion"},{"floor":21,"key":"SteroidPotion"},{"floor":25,"key":"Fire Potion"},{"floor":35,"key":"FearPotion"},{"floor":37,"key":"SpeedPotion"},{"floor":39,"key":"LiquidBronze"},{"floor":42,"key":"Weak Potion"}],"is_trial":false,"path_per_floor":["M","M","M","M","M","E","$","R","T","E","M","E","M","E","R","B",null,"M","?","$","M","?","R","E","M","T","R","?","$","R","M","R","B",null,"M","?","M","M","M","E","R","?","T","M","M","R","M","?","R","B","B",null,"R","$","E","B",null],"character_chosen":"IRONCLAD","items_purchased":["Offering","Pummel+1","Pummel+1","OrangePellets","SpeedPotion","PanicButton"],"campfire_rested":4,"item_purchase_floors":[7,20,29,54,54,54],"current_hp_per_floor":[67,68,59,54,52,16,16,38,38,35,26,26,28,19,19,14,60,52,34,34,40,40,40,38,38,38,38,32,32,54,51,51,30,64,68,68,70,73,57,33,55,64,64,53,49,49,28,18,40,39,16,60,60,60,55,17],"gold":81,"neow_bonus":"TRANSFORM_CARD","is_prod":false,"is_daily":false,"chose_seed":false,"campfire_upgraded":5,"win_rate":0,"timestamp":1551203407,"path_taken":["M","M","M","M","M","E","$","R","T","E","M","E","?","E","R","BOSS","M","?","$","M","?","R","E","M","T","R","?","$","R","M","R","BOSS","M","?","M","?","?","E","R","?","T","M","M","R","M","?","R","BOSS","BOSS","R","$","E","BOSS"],"build_version":"2019-01-23","purchased_purges":2,"victory":true,"max_hp_per_floor":[75,75,75,75,75,75,75,75,75,75,75,75,75,75,75,75,75,75,75,75,75,75,75,75,75,75,75,75,75,75,75,75,75,75,75,75,75,75,75,75,75,75,75,75,75,75,75,75,75,75,75,75,75,75,75,75],"card_choices":[{"not_picked":["Perfected Strike","Flame Barrier"],"picked":"Inflame","floor":1},{"not_picked":["Second Wind","Burning Pact"],"picked":"Cleave","floor":2},{"not_picked":["True Grit","Rupture"],"picked":"Cleave","floor":3},{"not_picked":["Pommel Strike","Reckless Charge"],"picked":"Armaments","floor":4},{"not_picked":["Warcry","Cleave"],"picked":"Pummel","floor":5},{"not_picked":["Intimidate","Flex"],"picked":"Metallicize","floor":6},{"not_picked":["Inflame","Sword Boomerang+1"],"picked":"Bludgeon+1","floor":10},{"not_picked":["Clash+1","Hemokinesis+1"],"picked":"Anger+1","floor":11},{"not_picked":["Cleave+1","Metallicize"],"picked":"Seeing Red","floor":12},{"not_picked":["Flex","Seeing Red"],"picked":"Uppercut+1","floor":13},{"not_picked":["Sword Boomerang+1","Thunderclap+1"],"picked":"Battle Trance","floor":14},{"not_picked":["Double Tap","Exhume"],"picked":"Limit Break","floor":16},{"not_picked":["Dropkick+1","Dual Wield"],"picked":"Rage","floor":18},{"not_picked":["Ghostly Armor","Infernal Blade"],"picked":"Dual Wield","floor":21},{"not_picked":["Warcry","Sword Boomerang+1"],"picked":"Inflame+1","floor":24},{"not_picked":["Warcry+1","Infernal Blade"],"picked":"Shrug It Off","floor":25},{"not_picked":["Heavy Blade+1","Iron Wave+1","Anger+1"],"picked":"SKIP","floor":31},{"not_picked":["Iron Wave+1","Metallicize+1","Twin Strike+1"],"picked":"SKIP","floor":35},{"not_picked":["Body Slam+1","Flex+1"],"picked":"Disarm","floor":37},{"not_picked":["Twin Strike+1","Shrug It Off"],"picked":"Clothesline+1","floor":38},{"not_picked":["Perfected Strike+1","Twin Strike+1"],"picked":"True Grit","floor":39},{"not_picked":["Inflame","Dropkick+1","Blood for Blood+1"],"picked":"SKIP","floor":40},{"not_picked":["Blood for Blood+1","Bloodletting+1"],"picked":"Seeing Red+1","floor":44},{"not_picked":["Rupture","Flex","Anger+1"],"picked":"SKIP","floor":45},{"not_picked":["Rupture","Anger+1"],"picked":"Shockwave","floor":47},{"not_picked":["Good Instincts","Finesse"],"picked":"Dark Shackles","floor":48},{"not_picked":["Finesse","HandOfGreed+1"],"picked":"Apotheosis","floor":48},{"not_picked":["Flex","Iron Wave+1"],"picked":"Disarm+1","floor":55}],"player_experience":4409254,"relics_obtained":[{"floor":9,"key":"Molten Egg 2"},{"floor":10,"key":"Bottled Flame"},{"floor":12,"key":"Letter Opener"},{"floor":14,"key":"Self Forming Clay"},{"floor":19,"key":"Red Mask"},{"floor":24,"key":"Lantern"},{"floor":26,"key":"Ginger"},{"floor":40,"key":"Happy Flower"},{"floor":42,"key":"Gambling Chip"},{"floor":55,"key":"Nunchaku"}],"event_choices":[{"damage_healed":0,"gold_gain":0,"player_choice":"Fought Bandits","damage_taken":0,"max_hp_gain":0,"max_hp_loss":0,"event_name":"Masked Bandits","floor":19,"gold_loss":0},{"cards_removed":["Strike_R"],"damage_healed":0,"gold_gain":0,"player_choice":"Gave Gold","damage_taken":0,"max_hp_gain":0,"max_hp_loss":0,"event_name":"Beggar","floor":22,"gold_loss":75},{"damage_healed":0,"gold_gain":0,"player_choice":"Joined the Cult","damage_taken":6,"max_hp_gain":0,"max_hp_loss":0,"event_name":"Nest","floor":28,"gold_loss":0,"cards_obtained":["RitualDagger"]},{"damage_healed":0,"gold_gain":0,"player_choice":"Gave Potion","damage_taken":0,"relics_obtained":["Magic Flower"],"max_hp_gain":0,"max_hp_loss":0,"event_name":"WeMeetAgain","floor":36,"gold_loss":0},{"damage_healed":0,"gold_gain":0,"player_choice":"Fight","damage_taken":0,"max_hp_gain":0,"max_hp_loss":0,"event_name":"MindBloom","floor":42,"gold_loss":0},{"damage_healed":0,"gold_gain":0,"player_choice":"Memory 3","damage_taken":10,"max_hp_gain":0,"max_hp_loss":0,"event_name":"SensoryStone","floor":48,"gold_loss":0}],"is_beta":false,"boss_relics":[{"not_picked":["Black Blood","Philosopher\u0027s Stone"],"picked":"Runic Pyramid"},{"not_picked":["White Beast Statue","Calling Bell"],"picked":"Astrolabe"}],"items_purged_floors":[7,20],"is_endless":false,"potions_floor_spawned":[3,5,6,11,13,16,18,21,25,35,37,39,42,45],"ascension_level":20}