{"gold_per_floor":[116,133,133,145,232,278,290,338,375,387,417,442,495,257,257,346,346,365,390,406,419,33,33,66,66,90,126,126,150,150,170,170,261,261,279,279,292,625,625,625,635,635,635,635,667,257,284,294,294,294,294,294,294,14,49,49],"floor_reached":57,"playtime":2984,"items_purged":["Strike_R","Battle Trance","Heavy Blade"],"score":2686,"play_id":"d4d5c43d-4265-456d-a793-afae263c3dc8","local_time":"20190110005826","is_ascension_mode":true,"campfire_choices":[{"data":"Sword Boomerang","floor":7.0,"key":"SMITH"},{"floor":10.0,"key":"REST"},{"data":"Bash","floor":15.0,"key":"SMITH"},{"data":"Flex","floor":23.0,"key":"SMITH"},{"floor":25.0,"key":"REST"},{"data":"True Grit","floor":28.0,"key":"SMITH"},{"data":"Whirlwind","floor":30.0,"key":"SMITH"},{"data":"Spot Weakness","floor":32.0,"key":"SMITH"},{"data":"Limit Break","floor":40.0,"key":"SMITH"},{"data":"Battle Trance","floor":42.0,"key":"SMITH"},{"data":"Ghostly Armor","floor":44.0,"key":"SMITH"},{"floor":49.0,"key":"RECALL"},{"data":"Offering","floor":53.0,"key":"SMITH"}],"neow_cost":"NONE","seed_source_timestamp":684208250861784,"circlet_count":0,"master_deck":["AscendersBane","Bash+1","Sword Boomerang+1","Pommel Strike","Ghostly Armor+1","Blood for Blood","Flex+1","Seeing Red","Fiend Fire","Battle Trance+1","Offering+1","Battle Trance","Spot Weakness+1","Whirlwind+1","Carnage","Blood for Blood+1","Entrench+1","Body Slam+1","True Grit+1","Reaper","Limit Break+1","Second Wind","Master of Strategy","Evolve+1","Shrug It Off"],"special_seed":0,"relics":["Burning Blood","Boot","MawBank","Pocketwatch","Bag of Preparation","Art of War","Ancient Tea Set","Pandora\u0027s Box","Chemical X","Pear","Whetstone","Blood Vial","Busted Crown","Self Forming Clay","Bottled Lightning","Letter Opener","ClockworkSouvenir","Centennial Puzzle"],"potions_floor_usage":[56],"damage_taken":[{"damage":7.0,"enemies":"Small Slimes","floor":1.0,"turns":4.0},{"damage":3.0,"enemies":"2 Louse","floor":2.0,"turns":2.0},{"damage":23.0,"enemies":"3 Sentries","floor":6.0,"turns":8.0},{"damage":26.0,"enemies":"Gremlin Nob","floor":8.0,"turns":4.0},{"damage":2.0,"enemies":"Jaw Worm","floor":11.0,"turns":3.0},{"damage":8.0,"enemies":"Large Slime","floor":12.0,"turns":4.0},{"damage":15.0,"enemies":"3 Sentries","floor":13.0,"turns":8.0},{"damage":28.0,"enemies":"Hexaghost","floor":16.0,"turns":6.0},{"damage":21.0,"enemies":"Shell Parasite","floor":18.0,"turns":2.0},{"damage":6.0,"enemies":"Chosen","floor":19.0,"turns":2.0},{"damage":0.0,"enemies":"Snake Plant","floor":20.0,"turns":2.0},{"damage":19.0,"enemies":"Centurion and Healer","floor":21.0,"turns":4.0},{"damage":12.0,"enemies":"Slavers","floor":24.0,"turns":3.0},{"damage":38.0,"enemies":"Book of Stabbing","floor":27.0,"turns":3.0},{"damage":0.0,"enemies":"Cultist and Chosen","floor":29.0,"turns":4.0},{"damage":0.0,"enemies":"Snecko","floor":31.0,"turns":2.0},{"damage":21.0,"enemies":"Collector","floor":33.0,"turns":4.0},{"damage":19.0,"enemies":"3 Darklings","floor":35.0,"turns":3.0},{"damage":5.0,"enemies":"3 Shapes","floor":37.0,"turns":2.0},{"damage":21.0,"enemies":"Spire Growth","floor":41.0,"turns":3.0},{"damage":17.0,"enemies":"Reptomancer","floor":45.0,"turns":5.0},{"damage":51.0,"enemies":"Nemesis","floor":47.0,"turns":3.0},{"damage":18.0,"enemies":"3 Darklings","floor":48.0,"turns":5.0},{"damage":27.0,"enemies":"Donu and Deca","floor":50.0,"turns":4.0},{"damage":82.0,"enemies":"Awakened One","floor":51.0,"turns":7.0},{"damage":18.0,"enemies":"Shield and Spear","floor":55.0,"turns":2.0},{"damage":111,"enemies":"The Heart","floor":56,"turns":8}],"seed_played":"-6821438646496788911","potions_obtained":[{"floor":1.0,"key":"AttackPotion"},{"floor":2.0,"key":"EntropicBrew"},{"floor":16.0,"key":"Swift Potion"},{"floor":19.0,"key":"SpeedPotion"},{"floor":24.0,"key":"FearPotion"},{"floor":31.0,"key":"Weak Potion"},{"floor":33.0,"key":"Energy Potion"},{"floor":37.0,"key":"Regen Potion"},{"floor":48.0,"key":"SmokeBomb"}],"is_trial":false,"path_per_floor":["M","M","?","?","?","E","R","E","T","R","M","M","E","$","R","B",null,"M","M","M","M","$","R","E","R","T","E","R","M","R","M","R","B",null,"M","?","M","?","?","R","M","R","T","R","E","$","E","M","R","B","B",null,"R","$","E","B",null],"character_chosen":"IRONCLAD","items_purchased":["Fiend Fire","Battle Trance","True Grit","Chemical X","Bottled Lightning","ClockworkSouvenir","AttackPotion"],"campfire_rested":2,"item_purchase_floors":[14,14,22,22,46,54,54],"current_hp_per_floor":[67,70,65,65,54,37,37,17,17,37,41,39,30,30,30,8,53,38,38,44,31,31,31,35,58,58,26,26,34,34,42,42,40,69,71,71,74,74,74,74,78,78,78,78,78,78,68,78,78,78,42,69,69,69,78,9],"gold":49,"neow_bonus":"RANDOM_COMMON_RELIC","is_prod":false,"is_daily":false,"chose_seed":false,"campfire_upgraded":10,"win_rate":0,"timestamp":1547049506,"path_taken":["M","M","?","?","?","E","R","E","T","R","?","M","E","$","R","BOSS","M","M","M","M","$","R","E","R","T","E","R","M","R","M","R","BOSS","M","?","M","?","?","R","M","R","T","R","E","$","E","M","R","BOSS","BOSS","R","$","E","BOSS"],"build_version":"2019-01-03v4","purchased_purges":3,"victory":true,"max_hp_per_floor":[75,75,75,68,68,68,68,68,68,68,68,68,68,68,68,68,68,68,68,68,68,68,68,78,78,78,78,78,78,78,78,78,78,78,78,78,78,78,78,78,78,78,78,78,78,78,78,78,78,78,78,78,78,78,78,78],"card_choices":[{"not_picked":["Shockwave","Warcry"],"picked":"Sword Boomerang","floor":1.0},{"not_picked":["Clothesline","Heavy Blade"],"picked":"Pommel Strike","floor":2.0},{"not_picked":["Body Slam","Corruption"],"picked":"Ghostly Armor","floor":6.0},{"not_picked":["Twin Strike","Warcry","Headbutt"],"picked":"SKIP","floor":8.0},{"not_picked":["Twin Strike","Warcry","Headbutt"],"picked":"SKIP","floor":8.0},{"not_picked":["Pommel Strike","Havoc"],"picked":"Blood for Blood","floor":11.0},{"not_picked":["Heavy Blade","Iron Wave"],"picked":"Flex","floor":12.0},{"not_picked":["Ghostly Armor","Seeing Red","Clothesline"],"picked":"SKIP","floor":13.0},{"not_picked":["Ghostly Armor","Seeing Red","Clothesline"],"picked":"SKIP","floor":13.0},{"not_picked":["Ghostly Armor","Clothesline"],"picked":"Seeing Red","floor":13.0},{"not_picked":["Exhume","Fiend Fire"],"picked":"Offering","floor":16.0},{"not_picked":["Body Slam","Thunderclap","Havoc"],"picked":"SKIP","floor":18.0},{"not_picked":["Warcry","Entrench+1","Headbutt"],"picked":"SKIP","floor":19.0},{"not_picked":["Warcry","Headbutt"],"picked":"Entrench+1","floor":19.0},{"not_picked":["Sword Boomerang+1","Infernal Blade"],"picked":"Body Slam+1","floor":20.0},{"not_picked":["Sword Boomerang","Iron Wave","Clash"],"picked":"SKIP","floor":21.0},{"not_picked":["Infernal Blade+1","Fire Breathing","Perfected Strike"],"picked":"SKIP","floor":24.0},{"not_picked":["Iron Wave","Havoc","Heavy Blade+1"],"picked":"SKIP","floor":27.0},{"not_picked":["Pommel Strike","Burning Pact","Seeing Red"],"picked":"SKIP","floor":29.0},{"not_picked":["Sword Boomerang","Reckless Charge"],"picked":"Reaper","floor":31.0},{"not_picked":["Brutality","Dark Embrace"],"picked":"Limit Break","floor":33.0},{"not_picked":["Spot Weakness+1"],"picked":"SKIP","floor":35.0},{"not_picked":[],"picked":"Second Wind","floor":37.0},{"not_picked":[],"picked":"Master of Strategy","floor":39.0},{"not_picked":["Inflame"],"picked":"SKIP","floor":41.0},{"not_picked":["Inflame"],"picked":"SKIP","floor":41.0},{"not_picked":[],"picked":"Evolve+1","floor":45.0},{"not_picked":["Battle Trance"],"picked":"SKIP","floor":47.0},{"not_picked":["Shockwave"],"picked":"SKIP","floor":48.0},{"not_picked":["Shrug It Off"],"picked":"SKIP","floor":55.0},{"not_picked":[],"picked":"Shrug It Off","floor":55.0}],"player_experience":4027694,"relics_obtained":[{"floor":6.0,"key":"Pocketwatch"},{"floor":8.0,"key":"Bag of Preparation"},{"floor":9.0,"key":"Art of War"},{"floor":13.0,"key":"Ancient Tea Set"},{"floor":24.0,"key":"Pear"},{"floor":26.0,"key":"Whetstone"},{"floor":27.0,"key":"Blood Vial"},{"floor":45.0,"key":"Self Forming Clay"},{"floor":47.0,"key":"Letter Opener"},{"floor":55.0,"key":"Centennial Puzzle"}],"event_choices":[{"damage_healed":0.0,"max_hp_gain":0.0,"max_hp_loss":0.0,"gold_gain":0.0,"event_name":"Scrap Ooze","player_choice":"Success","floor":3.0,"gold_loss":0.0,"damage_taken":5.0,"relics_obtained":["MawBank"]},{"damage_healed":0.0,"max_hp_gain":0.0,"max_hp_loss":7.0,"gold_gain":0.0,"event_name":"Golden Idol","player_choice":"Lose Max HP","floor":4.0,"gold_loss":0.0,"damage_taken":0.0,"relics_obtained":["Golden Idol"]},{"damage_healed":0.0,"max_hp_gain":0.0,"max_hp_loss":0.0,"gold_gain":75.0,"event_name":"World of Goop","player_choice":"Gather Gold","floor":5.0,"gold_loss":0.0,"damage_taken":11.0},{"cards_removed":["Clash"],"damage_healed":0.0,"max_hp_gain":0.0,"max_hp_loss":0.0,"gold_gain":0.0,"event_name":"Falling","player_choice":"Removed Attack","floor":36.0,"gold_loss":0.0,"damage_taken":0.0},{"damage_healed":0.0,"max_hp_gain":0.0,"max_hp_loss":0.0,"gold_gain":333.0,"event_name":"The Moai Head","player_choice":"Gave Idol","floor":38.0,"relics_lost":["Golden Idol"],"gold_loss":0.0,"damage_taken":0.0},{"damage_healed":0.0,"max_hp_gain":0.0,"max_hp_loss":0.0,"gold_gain":0.0,"event_name":"SensoryStone","player_choice":"Memory 1","floor":39.0,"gold_loss":0.0,"damage_taken":0.0}],"is_beta":false,"boss_relics":[{"not_picked":["Fusion Hammer","Velvet Choker"],"picked":"Pandora\u0027s Box"},{"not_picked":["Sozu","Philosopher\u0027s Stone"],"picked":"Busted Crown"}],"items_purged_floors":[14,22,46],"is_endless":false,"potions_floor_spawned":[1,2,16,19,24,31,33,37,48],"ascension_level":20}