{"gold_per_floor":[114,189,207,217,237,237,237,266,293,303,303,314,314,314],"floor_reached":14,"playtime":419,"items_purged":[],"score":101,"play_id":"0e7685e9-4b6f-45fa-a188-aa017f02064b","local_time":"20190218112754","is_ascension_mode":true,"campfire_choices":[{"data":"Searing Blow","floor":6,"key":"SMITH"},{"data":"Searing Blow+2","floor":11,"key":"SMITH"},{"data":"Searing Blow+3","floor":13,"key":"SMITH"}],"neow_cost":"NONE","seed_source_timestamp":5902975217303,"circlet_count":0,"master_deck":["Strike_R","Strike_R","Strike_R","Strike_R","Strike_R","Defend_R","Defend_R","Defend_R","Defend_R","Bash","Searing Blow+4","Rampage","Second Wind"],"relics":["Burning Blood","NeowsBlessing","Centennial Puzzle","Art of War"],"potions_floor_usage":[8],"damage_taken":[{"damage":0,"enemies":"Small Slimes","floor":1,"turns":1},{"damage":0,"enemies":"Cultist","floor":3,"turns":1},{"damage":0,"enemies":"2 Louse","floor":4,"turns":1},{"damage":43,"enemies":"Exordium Thugs","floor":5,"turns":5},{"damage":40,"enemies":"Lagavulin","floor":8,"turns":6},{"damage":5,"enemies":"3 Louse","floor":10,"turns":4},{"damage":4,"enemies":"2 Fungi Beasts","floor":12,"turns":3},{"damage":13,"enemies":"Large Slime","floor":14,"turns":1}],"seed_played":"-7079207555841982844","potions_obtained":[{"floor":1,"key":"Poison Potion"},{"floor":5,"key":"SteroidPotion"},{"floor":10,"key":"AttackPotion"}],"is_trial":false,"path_per_floor":["M","?","M","M","M","R","?","E","T","M","R","M","R","M"],"character_chosen":"IRONCLAD","items_purchased":[],"campfire_rested":0,"item_purchase_floors":[],"current_hp_per_floor":[80,72,78,80,43,43,43,9,9,10,10,12,12,0],"gold":314,"neow_bonus":"THREE_ENEMY_KILL","is_prod":false,"is_daily":false,"chose_seed":false,"campfire_upgraded":3,"win_rate":0,"timestamp":1550456874,"path_taken":["M","?","?","M","M","R","?","E","T","M","R","M","R","?"],"build_version":"2019-01-23","purchased_purges":0,"victory":false,"max_hp_per_floor":[80,80,80,80,80,80,80,80,80,80,80,80,80,80],"card_choices":[{"not_picked":["Shrug It Off","Wild Strike"],"picked":"Searing Blow","floor":1},{"not_picked":["Rage","Warcry","Shrug It Off"],"picked":"SKIP","floor":3},{"not_picked":["Blood for Blood","Disarm","Anger"],"picked":"SKIP","floor":4},{"not_picked":["Rage","Carnage","Havoc"],"picked":"SKIP","floor":5},{"not_picked":["Reaper","Cleave"],"picked":"Rampage","floor":8},{"not_picked":["Thunderclap","Wild Strike","Clash"],"picked":"SKIP","floor":10},{"not_picked":["Body Slam","Headbutt"],"picked":"Second Wind","floor":12}],"player_experience":122331,"relics_obtained":[{"floor":8,"key":"Centennial Puzzle"},{"floor":9,"key":"Art of War"}],"event_choices":[{"damage_healed":0,"gold_gain":75,"player_choice":"Touch","damage_taken":8,"max_hp_gain":0,"max_hp_loss":0,"event_name":"FaceTrader","floor":2,"gold_loss":0},{"damage_healed":0,"gold_gain":0,"player_choice":"Upgraded","damage_taken":0,"max_hp_gain":0,"max_hp_loss":0,"event_name":"Upgrade Shrine","floor":7,"gold_loss":0,"cards_upgraded":["Searing Blow"]}],"is_beta":false,"boss_relics":[],"items_purged_floors":[],"is_endless":false,"potions_floor_spawned":[1,5,10],"killed_by":"Large Slime","ascension_level":2}