{"gold_per_floor":[115,129,145,165,125,157,157,189,214,214,225,225,225,246,246,341,341,359,374,388,303,353,353,376,376,429,429,454,490,523,523,523,612,612,632,965,965,983,983,1010,1010],"floor_reached":41,"playtime":1245,"items_purged":[],"score":1077,"play_id":"bb0da9d3-7f41-4b37-8436-1cefb1a289e6","local_time":"20190217001230","is_ascension_mode":true,"campfire_choices":[{"data":"Glass Knife","floor":7.0,"key":"SMITH"},{"floor":10.0,"key":"REST"},{"data":"Defend_G","floor":15.0,"key":"SMITH"},{"floor":23.0,"key":"REST"},{"data":"RitualDagger","floor":27.0,"key":"SMITH"},{"floor":32,"key":"REST"}],"neow_cost":"NONE","seed_source_timestamp":207926633754500,"circlet_count":0,"master_deck":["AscendersBane","Defend_G","Defend_G+1","Defend_G","Defend_G+1","Defend_G+1","Strike_G","Strike_G","Strike_G","Strike_G","Strike_G","Survivor","Neutralize","Slice","Underhanded Strike","Glass Knife+1","Masterful Stab","Deadly Poison+1","All Out Attack","Terror+1","Crippling Poison+1","Crippling Poison+1","Burst+1","Dodge and Roll+1","RitualDagger+1","Catalyst+1","Leg Sweep+1","Well Laid Plans","Backflip+1","Blur+1","Deflect+1","Crippling Poison+1","Calculated Gamble+1"],"special_seed":0,"relics":["Ring of the Snake","Toxic Egg 2","Juzu Bracelet","Dream Catcher","Velvet Choker","Oddly Smooth Stone","Potion Belt","Red Mask","Bag of Marbles","Orrery","Meat on the Bone"],"potions_floor_usage":[33,33],"damage_taken":[{"damage":3.0,"enemies":"2 Louse","floor":1.0,"turns":3.0},{"damage":5.0,"enemies":"Cultist","floor":2.0,"turns":6.0},{"damage":3.0,"enemies":"Small Slimes","floor":3.0,"turns":4.0},{"damage":1.0,"enemies":"2 Fungi Beasts","floor":4.0,"turns":3.0},{"damage":17.0,"enemies":"3 Sentries","floor":6.0,"turns":8.0},{"damage":14.0,"enemies":"Lagavulin","floor":8.0,"turns":8.0},{"damage":1.0,"enemies":"Looter","floor":11.0,"turns":2.0},{"damage":5.0,"enemies":"Red Slaver","floor":14.0,"turns":3.0},{"damage":0.0,"enemies":"Hexaghost","floor":16.0,"turns":7.0},{"damage":0.0,"enemies":"2 Thieves","floor":18.0,"turns":2.0},{"damage":3.0,"enemies":"Spheric Guardian","floor":19.0,"turns":4.0},{"damage":6.0,"enemies":"Centurion and Healer","floor":20.0,"turns":4.0},{"damage":12.0,"enemies":"Cultist and Chosen","floor":24.0,"turns":4.0},{"damage":1.0,"enemies":"Snecko","floor":28.0,"turns":4.0},{"damage":29,"enemies":"Masked Bandits","floor":29,"turns":5},{"damage":9,"enemies":"Book of Stabbing","floor":30,"turns":4},{"damage":11,"enemies":"Automaton","floor":33,"turns":6},{"damage":0,"enemies":"3 Shapes","floor":35,"turns":8},{"damage":0,"enemies":"Orb Walker","floor":38,"turns":3},{"damage":39,"enemies":"Giant Head","floor":40,"turns":6},{"damage":6,"enemies":"Writhing Mass","floor":41,"turns":5}],"seed_played":"-869960170003421752","potions_obtained":[{"floor":4.0,"key":"GhostInAJar"},{"floor":5.0,"key":"Strength Potion"},{"floor":8.0,"key":"Block Potion"},{"floor":16.0,"key":"Energy Potion"},{"floor":19.0,"key":"Block Potion"},{"floor":24.0,"key":"Dexterity Potion"},{"floor":30,"key":"PowerPotion"},{"floor":35,"key":"Ancient Potion"},{"floor":38,"key":"Dexterity Potion"}],"is_trial":false,"path_per_floor":["M","M","M","M","?","E","R","E","T","R","M","?","?","M","R","B",null,"M","M","M","?","?","R","M","?","T","R","M","?","E","?","R","B",null,"M","?","?","M","?","E","M"],"character_chosen":"THE_SILENT","items_purchased":[],"campfire_rested":3,"item_purchase_floors":[],"current_hp_per_floor":[62,57,54,53,53,36,36,22,22,43,42,20,20,15,15,15,53,53,50,44,44,44,63,51,45,45,45,44,15,6,6,25,14,52,52,52,52,52,52,13,7],"gold":1010,"neow_bonus":"TEN_PERCENT_HP_BONUS","is_prod":false,"is_daily":false,"chose_seed":false,"campfire_upgraded":3,"win_rate":0,"timestamp":1550329950,"path_taken":["M","M","M","M","?","E","R","E","T","R","M","?","?","M","R","BOSS","M","M","M","?","?","R","M","?","T","R","M","?","E","?","R","BOSS","M","?","?","M","?","E","M"],"build_version":"2019-01-23","purchased_purges":0,"victory":false,"max_hp_per_floor":[72,72,72,72,72,72,72,72,72,72,72,72,65,65,65,65,65,65,65,65,65,65,65,65,65,65,65,65,65,65,65,65,65,65,65,65,65,65,62,62,62],"card_choices":[{"not_picked":["Cloak And Dagger","Sucker Punch"],"picked":"Slice","floor":1.0},{"not_picked":["Bane","Prepared"],"picked":"Underhanded Strike","floor":2.0},{"not_picked":["Dagger Throw","Blade Dance"],"picked":"Glass Knife","floor":3.0},{"not_picked":["Deflect","Poisoned Stab"],"picked":"Masterful Stab","floor":4.0},{"not_picked":["Well Laid Plans","Wraith Form v2"],"picked":"Deadly Poison","floor":6.0},{"not_picked":["Bane","Eviscerate"],"picked":"All Out Attack","floor":8.0},{"not_picked":["Dagger Throw","Prepared+1"],"picked":"Terror+1","floor":10.0},{"not_picked":["Dagger Throw","Flying Knee"],"picked":"Crippling Poison+1","floor":11.0},{"not_picked":["Dagger Spray","Flechettes"],"picked":"Crippling Poison+1","floor":14.0},{"not_picked":["Night Terror+1","Corpse Explosion+1"],"picked":"Burst+1","floor":16.0},{"not_picked":["Sucker Punch","Terror+1","Infinite Blades"],"picked":"SKIP","floor":18.0},{"not_picked":["Sucker Punch+1","Slice","Poisoned Stab"],"picked":"SKIP","floor":19.0},{"not_picked":["Caltrops","Deflect+1"],"picked":"Dodge and Roll+1","floor":20.0},{"not_picked":["Heel Hook","Bane","Dagger Spray"],"picked":"SKIP","floor":24.0},{"not_picked":["Grand Finale","Slice"],"picked":"Catalyst+1","floor":28.0},{"not_picked":["Deadly Poison+1","Outmaneuver+1"],"picked":"Leg Sweep+1","floor":29},{"not_picked":["Unload","Deadly Poison+1"],"picked":"Well Laid Plans","floor":30},{"not_picked":["Poisoned Stab","PiercingWail+1"],"picked":"Backflip+1","floor":34},{"not_picked":["PiercingWail+1","Poisoned Stab"],"picked":"Blur+1","floor":34},{"not_picked":["Concentrate+1","Crippling Poison+1"],"picked":"Deflect+1","floor":34},{"not_picked":["Heel Hook","Cloak And Dagger+1","Quick Slash"],"picked":"SKIP","floor":35},{"not_picked":["Cloak And Dagger+1","Prepared+1"],"picked":"Crippling Poison+1","floor":38},{"not_picked":["Tools of the Trade","Outmaneuver+1","Calculated Gamble+1"],"picked":"SKIP","floor":40},{"not_picked":["Tools of the Trade","Outmaneuver+1"],"picked":"Calculated Gamble+1","floor":40}],"player_experience":4306006,"relics_obtained":[{"floor":6.0,"key":"Toxic Egg 2"},{"floor":8.0,"key":"Juzu Bracelet"},{"floor":9.0,"key":"Dream Catcher"},{"floor":26.0,"key":"Potion Belt"},{"floor":29,"key":"Red Mask"},{"floor":30,"key":"Bag of Marbles"},{"floor":40,"key":"Meat on the Bone"}],"event_choices":[{"damage_healed":0.0,"max_hp_gain":0.0,"max_hp_loss":0.0,"gold_gain":0.0,"event_name":"The Woman in Blue","player_choice":"Bought 3 Potions","floor":5.0,"gold_loss":0.0,"damage_taken":0.0},{"damage_healed":0.0,"max_hp_gain":0.0,"max_hp_loss":0.0,"gold_gain":0.0,"event_name":"Shining Light","player_choice":"Entered Light","floor":12.0,"gold_loss":0.0,"damage_taken":22.0,"cards_upgraded":["Defend_G","Defend_G"]},{"damage_healed":0.0,"max_hp_gain":0.0,"max_hp_loss":7.0,"gold_gain":0.0,"event_name":"Golden Idol","player_choice":"Lose Max HP","floor":13.0,"gold_loss":0.0,"damage_taken":0.0,"relics_obtained":["Golden Idol"]},{"damage_healed":0.0,"max_hp_gain":0.0,"max_hp_loss":0.0,"gold_gain":0.0,"event_name":"Addict","player_choice":"Obtained Relic","floor":21.0,"gold_loss":85.0,"damage_taken":0.0,"relics_obtained":["Oddly Smooth Stone"]},{"damage_healed":0.0,"max_hp_gain":0.0,"max_hp_loss":0.0,"gold_gain":50.0,"event_name":"Golden Shrine","player_choice":"Pray","floor":22.0,"gold_loss":0.0,"damage_taken":0.0},{"damage_healed":0.0,"max_hp_gain":0.0,"max_hp_loss":0.0,"gold_gain":0.0,"event_name":"Nest","player_choice":"Joined the Cult","floor":25.0,"gold_loss":0.0,"damage_taken":6.0,"cards_obtained":["RitualDagger"]},{"damage_healed":0,"gold_gain":0,"player_choice":"Fought Bandits","damage_taken":0,"max_hp_gain":0,"max_hp_loss":0,"event_name":"Masked Bandits","floor":29,"gold_loss":0},{"damage_healed":0,"gold_gain":0,"player_choice":"Ignored","damage_taken":0,"max_hp_gain":0,"max_hp_loss":0,"event_name":"The Mausoleum","floor":31,"gold_loss":0},{"damage_healed":0,"gold_gain":333,"player_choice":"Gave Idol","damage_taken":0,"max_hp_gain":0,"max_hp_loss":0,"event_name":"The Moai Head","floor":36,"relics_lost":["Golden Idol"],"gold_loss":0},{"damage_healed":0,"gold_gain":0,"player_choice":"Leave","damage_taken":0,"max_hp_gain":0,"max_hp_loss":0,"event_name":"FaceTrader","floor":37,"gold_loss":0},{"damage_healed":0,"gold_gain":0,"player_choice":"Max HP","damage_taken":0,"max_hp_gain":0,"max_hp_loss":3,"event_name":"Winding Halls","floor":39,"gold_loss":0}],"is_beta":false,"boss_relics":[{"not_picked":["Runic Pyramid","Busted Crown"],"picked":"Velvet Choker"},{"not_picked":["Coffee Dripper","Empty Cage"],"picked":"Orrery"}],"items_purged_floors":[],"is_endless":false,"potions_floor_spawned":[4,8,16,19,24,30,35,38],"killed_by":"Writhing Mass","ascension_level":20}