{"gold_per_floor":[116,134,45,63,75,75,100,100,100,123,138,158,158,158,158,158],"floor_reached":16,"playtime":517,"items_purged":[],"score":170,"play_id":"944ea343-2a8b-484e-aeb1-b5f56809703c","local_time":"20190308135802","is_ascension_mode":true,"campfire_choices":[{"data":"Whirlwind","floor":6.0,"key":"SMITH"},{"data":"Perfected Strike","floor":8.0,"key":"SMITH"},{"floor":13.0,"key":"REST"},{"data":"Seeing Red","floor":15,"key":"SMITH"}],"neow_cost":"NONE","seed_source_timestamp":14692774784085,"circlet_count":0,"master_deck":["AscendersBane","Strike_R","Strike_R","Strike_R","Strike_R","Strike_R","Defend_R","Defend_R","Defend_R","Defend_R","Bash","Sentinel","Shrug It Off","Seeing Red+1","Perfected Strike+1","Twin Strike","Whirlwind+1","Seeing Red","Bloodletting"],"special_seed":0,"relics":["Burning Blood","NeowsBlessing","Odd Mushroom","Darkstone Periapt","Potion Belt","Unceasing Top"],"potions_floor_usage":[16,16],"damage_taken":[{"damage":0.0,"enemies":"Jaw Worm","floor":1.0,"turns":1.0},{"damage":0.0,"enemies":"Cultist","floor":2.0,"turns":1.0},{"damage":0.0,"enemies":"2 Louse","floor":4.0,"turns":1.0},{"damage":24.0,"enemies":"Large Slime","floor":5.0,"turns":6.0},{"damage":11.0,"enemies":"The Mushroom Lair","floor":7.0,"turns":3.0},{"damage":30.0,"enemies":"Lots of Slimes","floor":11.0,"turns":4.0},{"damage":11.0,"enemies":"Looter","floor":12.0,"turns":3.0},{"damage":59,"enemies":"Slime Boss","floor":16,"turns":8}],"seed_played":"-820300477337344810","potions_obtained":[{"floor":2.0,"key":"BloodPotion"},{"floor":7.0,"key":"Poison Potion"},{"floor":12.0,"key":"Swift Potion"}],"is_trial":false,"path_per_floor":["M","M","$","M","M","R","?","R","T","T","M","M","R","?","R","B"],"character_chosen":"IRONCLAD","items_purchased":["Seeing Red","Perfected Strike"],"campfire_rested":1,"item_purchase_floors":[3,3],"current_hp_per_floor":[74,75,75,75,57,57,52,52,52,52,28,23,45,45,45,0],"gold":158,"neow_bonus":"THREE_ENEMY_KILL","is_prod":false,"is_daily":false,"chose_seed":false,"campfire_upgraded":3,"win_rate":0,"timestamp":1552021082,"path_taken":["M","M","$","M","M","R","?","R","T","?","?","M","R","?","R","BOSS"],"build_version":"2019-01-23","purchased_purges":0,"victory":false,"max_hp_per_floor":[75,75,75,75,75,75,75,75,75,75,75,75,75,75,75,75],"card_choices":[{"not_picked":["Clash","Thunderclap"],"picked":"Sentinel","floor":1.0},{"not_picked":["Dual Wield","True Grit"],"picked":"Shrug It Off","floor":2.0},{"not_picked":["Anger","Spot Weakness"],"picked":"Twin Strike","floor":4.0},{"not_picked":["Warcry","Sentinel"],"picked":"Whirlwind","floor":5.0},{"not_picked":["Body Slam","Twin Strike"],"picked":"Seeing Red","floor":7.0},{"not_picked":["Cleave","Anger","Combust"],"picked":"SKIP","floor":11.0},{"not_picked":["Ghostly Armor","Power Through"],"picked":"Bloodletting","floor":12.0}],"player_experience":266865,"relics_obtained":[{"floor":7.0,"key":"Odd Mushroom"},{"floor":9.0,"key":"Darkstone Periapt"},{"floor":10.0,"key":"Potion Belt"}],"event_choices":[{"damage_healed":0.0,"max_hp_gain":0.0,"max_hp_loss":0.0,"gold_gain":0.0,"event_name":"Mushrooms","player_choice":"Fought Mushrooms","floor":7.0,"gold_loss":0.0,"damage_taken":0.0},{"damage_healed":0,"gold_gain":0,"player_choice":"Searched \u00272\u0027 times","damage_taken":0,"relics_obtained":["Unceasing Top"],"max_hp_gain":0,"max_hp_loss":0,"event_name":"Dead Adventurer","floor":14,"gold_loss":0}],"is_beta":false,"boss_relics":[],"items_purged_floors":[],"is_endless":false,"potions_floor_spawned":[2,7,12],"killed_by":"Slime Boss","ascension_level":17}