{"gold_per_floor":[110,110,122,135,150,150,175,175,200,218,218,238,251,251,251,251],"floor_reached":16,"playtime":379,"items_purged":[],"score":208,"play_id":"4183ec6b-361b-4320-988a-df237edffb9f","local_time":"20190120001820","is_ascension_mode":true,"campfire_choices":[{"data":"Bash","floor":6,"key":"SMITH"},{"data":"Pommel Strike","floor":8,"key":"SMITH"},{"data":"Perfected Strike","floor":15,"key":"SMITH"}],"neow_cost":"NONE","seed_source_timestamp":26270881845635,"circlet_count":0,"master_deck":["AscendersBane","Strike_R","Strike_R","Strike_R","Strike_R","Strike_R","Defend_R","Defend_R","Defend_R","Defend_R+1","Bash+1","Second Wind+1","Pommel Strike+1","Dropkick","Twin Strike","Clash","Corruption","Perfected Strike+1"],"special_seed":0,"relics":["Burning Blood","War Paint","Oddly Smooth Stone"],"potions_floor_usage":[5,16,16],"damage_taken":[{"damage":12.0,"enemies":"Small Slimes","floor":1.0,"turns":5.0},{"damage":9,"enemies":"Jaw Worm","floor":3,"turns":4},{"damage":4,"enemies":"2 Louse","floor":4,"turns":3},{"damage":21,"enemies":"Gremlin Gang","floor":5,"turns":4},{"damage":40,"enemies":"Lagavulin","floor":7,"turns":6},{"damage":5,"enemies":"3 Louse","floor":10,"turns":5},{"damage":3,"enemies":"Looter","floor":12,"turns":3},{"damage":12,"enemies":"Lots of Slimes","floor":13,"turns":7},{"damage":10,"enemies":"Hexaghost","floor":16,"turns":5}],"seed_played":"-1137741863885703210","potions_obtained":[{"floor":1.0,"key":"AttackPotion"},{"floor":4,"key":"Strength Potion"},{"floor":7,"key":"Energy Potion"}],"is_trial":false,"path_per_floor":["M","?","M","M","M","R","E","R","T","M","?","M","M","T","R","B"],"character_chosen":"IRONCLAD","items_purchased":[],"campfire_rested":0,"item_purchase_floors":[],"current_hp_per_floor":[69,69,66,68,53,53,19,19,19,20,20,23,17,17,17,7],"gold":251,"neow_bonus":"TEN_PERCENT_HP_BONUS","is_prod":false,"is_daily":false,"chose_seed":false,"campfire_upgraded":3,"win_rate":0,"timestamp":1547911100,"path_taken":["M","?","M","M","M","R","E","R","T","M","?","M","M","?","R","BOSS"],"build_version":"2019-01-17v2","purchased_purges":0,"victory":false,"max_hp_per_floor":[82,82,82,82,82,82,82,82,82,82,82,82,82,82,82,82],"card_choices":[{"not_picked":["Warcry","Heavy Blade"],"picked":"Second Wind","floor":1.0},{"not_picked":["Spot Weakness","Cleave"],"picked":"Pommel Strike","floor":3},{"not_picked":["Bloodletting","Shrug It Off"],"picked":"Dropkick","floor":4},{"not_picked":["Barricade","Anger"],"picked":"Twin Strike","floor":5},{"not_picked":["Uppercut","Cleave"],"picked":"Clash","floor":7},{"not_picked":["Uppercut","Headbutt","Thunderclap"],"picked":"SKIP","floor":10},{"not_picked":["Pommel Strike","True Grit"],"picked":"Corruption","floor":12},{"not_picked":["Heavy Blade","Pommel Strike"],"picked":"Perfected Strike","floor":13}],"player_experience":4158528,"relics_obtained":[{"floor":7,"key":"War Paint"},{"floor":9,"key":"Oddly Smooth Stone"}],"event_choices":[{"damage_healed":0,"gold_gain":0,"player_choice":"Ignored","damage_taken":0,"max_hp_gain":0,"max_hp_loss":0,"event_name":"Liars Game","floor":2,"gold_loss":0},{"damage_healed":0,"gold_gain":0,"player_choice":"Searched \u00270\u0027 times","damage_taken":0,"max_hp_gain":0,"max_hp_loss":0,"event_name":"Dead Adventurer","floor":11,"gold_loss":0}],"is_beta":false,"boss_relics":[],"items_purged_floors":[],"is_endless":false,"potions_floor_spawned":[1,4,7,10],"killed_by":"Hexaghost","ascension_level":20}