{"gold_per_floor":[109,184,109,109,24,51,51,86,86,116,142,202,202,202],"floor_reached":14,"playtime":447,"items_purged":["Strike_B"],"score":304,"play_id":"75091c96-a4a9-470b-9dff-67004fc3d529","local_time":"20190221025029","is_ascension_mode":true,"campfire_choices":[{"data":"Lockon","floor":7,"key":"SMITH"}],"neow_cost":"NONE","seed_source_timestamp":563853639900700,"circlet_count":0,"master_deck":["AscendersBane","Strike_B+1","Strike_B","Strike_B+1","Defend_B","Defend_B","Defend_B","Defend_B","Zap","Dualcast","Melter","Melter","Lockon+1","Leap","Defragment+1","White Noise","Ball Lightning"],"relics":["Cracked Core","NeowsBlessing","Dodecahedron","Art of War","Whetstone","Ginger","Odd Mushroom","Pen Nib"],"potions_floor_usage":[12,12],"damage_taken":[{"damage":0,"enemies":"2 Louse","floor":1,"turns":1},{"damage":0,"enemies":"Lagavulin","floor":6,"turns":1},{"damage":0,"enemies":"Gremlin Nob","floor":8,"turns":1},{"damage":21,"enemies":"3 Sentries","floor":10,"turns":7},{"damage":7,"enemies":"The Mushroom Lair","floor":11,"turns":4},{"damage":19,"enemies":"3 Sentries","floor":12,"turns":5},{"damage":12,"enemies":"Jaw Worm","floor":14,"turns":1}],"seed_played":"-8446915046817428926","potions_obtained":[{"floor":1,"key":"EssenceOfSteel"},{"floor":11,"key":"Energy Potion"},{"floor":12,"key":"SteroidPotion"}],"is_trial":false,"path_per_floor":["M","?","$","?","$","E","R","E","T","E","?","?","?","M"],"character_chosen":"DEFECT","items_purchased":["Melter"],"campfire_rested":0,"item_purchase_floors":[5],"current_hp_per_floor":[64,53,53,48,48,48,48,48,48,27,20,1,1,0],"gold":202,"neow_bonus":"THREE_ENEMY_KILL","is_prod":false,"is_daily":false,"chose_seed":false,"campfire_upgraded":1,"win_rate":0,"timestamp":1550685029,"path_taken":["M","?","$","?","$","E","R","E","T","E","?","?","?","?"],"build_version":"2019-01-23","purchased_purges":1,"victory":false,"max_hp_per_floor":[71,71,71,71,71,71,71,71,71,71,71,71,71,71],"card_choices":[{"not_picked":["Go for the Eyes","Streamline"],"picked":"Melter","floor":1},{"not_picked":["Go for the Eyes","Barrage"],"picked":"Lockon","floor":6},{"not_picked":["Coolheaded","Gash"],"picked":"Leap","floor":8},{"not_picked":["Rebound","Loop"],"picked":"Defragment","floor":10},{"not_picked":["Compile Driver","Steam Power"],"picked":"White Noise","floor":11},{"not_picked":["Streamline","Aggregate"],"picked":"Ball Lightning","floor":12}],"player_experience":4368043,"relics_obtained":[{"floor":6,"key":"Art of War"},{"floor":8,"key":"Whetstone"},{"floor":10,"key":"Ginger"},{"floor":11,"key":"Odd Mushroom"},{"floor":12,"key":"Pen Nib"}],"event_choices":[{"damage_healed":0,"gold_gain":75,"player_choice":"Gather Gold","damage_taken":11,"max_hp_gain":0,"max_hp_loss":0,"event_name":"World of Goop","floor":2,"gold_loss":0},{"damage_healed":0,"gold_gain":0,"player_choice":"Success","damage_taken":5,"relics_obtained":["Dodecahedron"],"max_hp_gain":0,"max_hp_loss":0,"event_name":"Scrap Ooze","floor":4,"gold_loss":0},{"damage_healed":0,"gold_gain":0,"player_choice":"Fought Mushrooms","damage_taken":0,"max_hp_gain":0,"max_hp_loss":0,"event_name":"Mushrooms","floor":11,"gold_loss":0},{"damage_healed":0,"gold_gain":0,"player_choice":"Searched \u00272\u0027 times","damage_taken":0,"max_hp_gain":0,"max_hp_loss":0,"event_name":"Dead Adventurer","floor":12,"gold_loss":0},{"damage_healed":0,"gold_gain":0,"player_choice":"Grow","damage_taken":0,"max_hp_gain":0,"max_hp_loss":0,"event_name":"Living Wall","floor":13,"gold_loss":0,"cards_upgraded":["Defragment"]}],"is_beta":false,"boss_relics":[],"items_purged_floors":[3],"is_endless":false,"potions_floor_spawned":[1,11,12],"killed_by":"Jaw Worm","ascension_level":20}