{"gold_per_floor":[116,129,129,147,147,173,173,173,173,173,98,98,116,147,158,158,258,258,271,283,283,283,299,299,314,314,340,340,353,108,108,108,134,134,239,239,249,249,249,260,276,308,308,42,65,65,76,176,176,192,192],"floor_reached":51,"playtime":1615,"items_purged":["Bloodletting","Anger"],"score":562,"play_id":"e73fe0e1-80dd-420e-88c0-a28641d6ac7a","local_time":"20190213025158","is_ascension_mode":false,"campfire_choices":[{"data":"Body Slam","floor":7,"key":"SMITH"},{"data":"Bludgeon","floor":12,"key":"SMITH"},{"data":"Havoc","floor":16,"key":"SMITH"},{"data":"Inflame","floor":24,"key":"SMITH"},{"data":"Shrug It Off","floor":32,"key":"SMITH"},{"data":"Whirlwind","floor":34,"key":"SMITH"},{"floor":43,"key":"RECALL"},{"data":"Demon Form","floor":49,"key":"SMITH"}],"neow_cost":"NONE","seed_source_timestamp":1150925927950600,"circlet_count":0,"master_deck":["Shrug It Off+1","Spot Weakness+1","Sword Boomerang+1","Headbutt+1","Pommel Strike","Whirlwind+1","Iron Wave","Shrug It Off+1","Inflame+1","Feel No Pain+1","Body Slam+1","Shockwave+1","Bludgeon+1","Carnage","Havoc+1","Anger+1","Barricade","Anger","Wild Strike","Searing Blow","Demon Form+1","Regret","Pain","Doubt","Sever Soul","Infernal Blade+1","Reckless Charge","Perfected Strike+1","Thunderclap","Anger"],"relics":["Mark of Pain","Dodecahedron","Ice Cream","War Paint","Paper Frog","Coffee Dripper","Ginger","PreservedInsect","Happy Flower","Whetstone","Calling Bell","Bronze Scales","Mercury Hourglass","Torii","Potion Belt","Toy Ornithopter","Blood Vial"],"potions_floor_usage":[17,31,37,40,41,47,51],"damage_taken":[{"damage":0,"enemies":"2 Louse","floor":1,"turns":1},{"damage":0,"enemies":"Small Slimes","floor":2,"turns":2},{"damage":0,"enemies":"Cultist","floor":4,"turns":3},{"damage":13,"enemies":"Lagavulin","floor":6,"turns":5},{"damage":0,"enemies":"Exordium Thugs","floor":13,"turns":3},{"damage":0,"enemies":"Gremlin Nob","floor":14,"turns":2},{"damage":7,"enemies":"Blue Slaver","floor":15,"turns":2},{"damage":0,"enemies":"Slime Boss","floor":17,"turns":2},{"damage":0,"enemies":"Chosen","floor":19,"turns":2},{"damage":0,"enemies":"Spheric Guardian","floor":20,"turns":3},{"damage":0,"enemies":"3 Cultists","floor":23,"turns":2},{"damage":0,"enemies":"Snecko","floor":25,"turns":3},{"damage":4,"enemies":"Centurion and Healer","floor":29,"turns":4},{"damage":0,"enemies":"Chosen and Byrds","floor":31,"turns":1},{"damage":18,"enemies":"Collector","floor":35,"turns":5},{"damage":0,"enemies":"Orb Walker","floor":37,"turns":3},{"damage":7,"enemies":"3 Shapes","floor":40,"turns":1},{"damage":29,"enemies":"Transient","floor":41,"turns":5},{"damage":22,"enemies":"Reptomancer","floor":42,"turns":5},{"damage":30,"enemies":"Sphere and 2 Shapes","floor":47,"turns":6},{"damage":23,"enemies":"Spire Growth","floor":50,"turns":3},{"damage":16,"enemies":"3 Darklings","floor":51,"turns":2}],"seed_played":"-38830459440959093","potions_obtained":[{"floor":2,"key":"Block Potion"},{"floor":4,"key":"AttackPotion"},{"floor":14,"key":"SteroidPotion"},{"floor":19,"key":"Block Potion"},{"floor":29,"key":"SmokeBomb"},{"floor":37,"key":"Regen Potion"},{"floor":42,"key":"Energy Potion"}],"is_trial":false,"path_per_floor":["M","M","?","M","?","E","R","?","T","T","$","R","M","E","M","R","B",null,"M","M","?","?","M","R","M","?","T","T","M","$","M","R","T","R","B",null,"M","?","?","M","M","E","R","$","T","T","M","?","R","M","M"],"character_chosen":"IRONCLAD","items_purchased":["Happy Flower","Toy Ornithopter","Regen Potion"],"campfire_rested":0,"item_purchase_floors":[30,44,44],"current_hp_per_floor":[80,80,64,64,61,48,48,48,48,48,48,48,48,48,41,41,41,80,80,80,80,80,80,80,80,80,80,80,76,76,76,76,76,76,58,80,80,80,80,73,57,35,35,35,35,35,27,27,27,6,0],"gold":192,"neow_bonus":"BOSS_RELIC","is_prod":false,"is_daily":false,"chose_seed":false,"campfire_upgraded":7,"win_rate":0,"timestamp":1549993918,"path_taken":["M","M","?","M","?","E","R","?","T","$","R","M","E","M","R","BOSS","M","M","?","?","M","R","M","?","T","?","$","M","R","?","R","BOSS","M","?","?","?","M","E","R","$","T","M","?","R","?","?"],"build_version":"2019-01-23","purchased_purges":2,"victory":false,"max_hp_per_floor":[80,80,80,80,80,80,80,80,80,80,80,80,80,80,80,80,80,80,80,80,80,80,80,80,80,80,80,80,80,80,80,80,80,80,80,80,80,80,80,80,80,80,80,80,80,80,80,80,80,80,80],"card_choices":[{"not_picked":["Shrug It Off","Warcry"],"picked":"Bloodletting","floor":1},{"not_picked":["Intimidate","Uppercut"],"picked":"Body Slam","floor":2},{"not_picked":["Iron Wave","Cleave"],"picked":"Shockwave","floor":4},{"not_picked":["Havoc","Sword Boomerang"],"picked":"Bludgeon","floor":6},{"not_picked":["True Grit","Dropkick"],"picked":"Carnage","floor":13},{"not_picked":["Heavy Blade","Pommel Strike"],"picked":"Havoc","floor":14},{"not_picked":["Intimidate","Body Slam"],"picked":"Anger","floor":15},{"not_picked":["Exhume","Impervious"],"picked":"Barricade","floor":17},{"not_picked":["Spot Weakness","Havoc"],"picked":"Anger","floor":19},{"not_picked":["Headbutt","Pommel Strike"],"picked":"Wild Strike","floor":20},{"not_picked":["Flex","Infernal Blade"],"picked":"Searing Blow","floor":23},{"not_picked":["Warcry","Sentinel+1"],"picked":"Anger","floor":29},{"not_picked":["Fiend Fire","Impervious"],"picked":"Demon Form","floor":35},{"not_picked":["Sentinel+1","Twin Strike+1"],"picked":"Sever Soul","floor":37},{"not_picked":["Warcry+1","Cleave+1"],"picked":"Infernal Blade+1","floor":40},{"not_picked":["Headbutt+1","Cleave+1"],"picked":"Reckless Charge","floor":41},{"not_picked":["Entrench+1","Iron Wave+1"],"picked":"Perfected Strike+1","floor":42},{"not_picked":["Warcry","Ghostly Armor"],"picked":"Thunderclap","floor":47},{"not_picked":["Battle Trance+1","Clothesline"],"picked":"Anger","floor":50}],"player_experience":4281843,"relics_obtained":[{"floor":6,"key":"Ice Cream"},{"floor":14,"key":"Paper Frog"},{"floor":27,"key":"PreservedInsect"},{"floor":33,"key":"Whetstone"},{"floor":36,"key":"Bronze Scales"},{"floor":36,"key":"Mercury Hourglass"},{"floor":36,"key":"Torii"},{"floor":42,"key":"Potion Belt"},{"floor":45,"key":"Blood Vial"}],"event_choices":[{"damage_healed":0,"gold_gain":0,"player_choice":"Entered Light","damage_taken":16,"max_hp_gain":0,"max_hp_loss":0,"event_name":"Shining Light","floor":3,"gold_loss":0,"cards_upgraded":["Headbutt","Spot Weakness"]},{"damage_healed":0,"gold_gain":0,"player_choice":"Success","damage_taken":3,"relics_obtained":["Dodecahedron"],"max_hp_gain":0,"max_hp_loss":0,"event_name":"Scrap Ooze","floor":5,"gold_loss":0},{"damage_healed":0,"gold_gain":0,"player_choice":"Searched \u00271\u0027 times","damage_taken":0,"relics_obtained":["War Paint"],"max_hp_gain":0,"max_hp_loss":0,"event_name":"Dead Adventurer","floor":8,"gold_loss":0},{"damage_healed":0,"gold_gain":0,"player_choice":"Opened","damage_taken":0,"relics_obtained":["Ginger"],"max_hp_gain":0,"max_hp_loss":0,"event_name":"The Mausoleum","floor":21,"gold_loss":0},{"damage_healed":0,"gold_gain":0,"player_choice":"Ignored","damage_taken":0,"max_hp_gain":0,"max_hp_loss":0,"event_name":"Ghosts","floor":22,"gold_loss":0},{"damage_healed":0,"gold_gain":0,"player_choice":"Forge","damage_taken":0,"max_hp_gain":0,"max_hp_loss":0,"event_name":"Accursed Blacksmith","floor":26,"gold_loss":0,"cards_upgraded":["Feel No Pain"]},{"damage_healed":0,"gold_gain":0,"player_choice":"Memory 1","damage_taken":0,"max_hp_gain":0,"max_hp_loss":0,"event_name":"SensoryStone","floor":38,"gold_loss":0},{"damage_healed":0,"gold_gain":0,"player_choice":"Ignored","damage_taken":0,"max_hp_gain":0,"max_hp_loss":0,"event_name":"SecretPortal","floor":39,"gold_loss":0},{"damage_healed":0,"gold_gain":100,"player_choice":"Pray","damage_taken":0,"max_hp_gain":0,"max_hp_loss":0,"event_name":"Golden Shrine","floor":48,"gold_loss":0}],"is_beta":false,"boss_relics":[{"not_picked":["Philosopher\u0027s Stone","White Beast Statue"],"picked":"Coffee Dripper"},{"not_picked":["Runic Dome","Astrolabe"],"picked":"Calling Bell"}],"items_purged_floors":[11,30],"is_endless":false,"potions_floor_spawned":[2,4,14,19,29,31,37,42],"killed_by":"3 Darklings","ascension_level":0}