{"gold_per_floor":[110,121,121,132,144,176,176,189,260,260],"floor_reached":10,"playtime":303,"items_purged":[],"score":133,"play_id":"44699a87-28cb-42a6-b39f-1b788747585a","local_time":"20190320134144","is_ascension_mode":true,"campfire_choices":[{"data":"Seeing Red","floor":7,"key":"SMITH"}],"neow_cost":"NONE","seed_source_timestamp":13816154449693,"circlet_count":0,"master_deck":["AscendersBane","Strike_R","Strike_R","Strike_R","Strike_R","Strike_R","Defend_R","Defend_R","Defend_R","Defend_R","Bash","Evolve","Flame Barrier","Sword Boomerang","Headbutt","Seeing Red+1","Metallicize"],"special_seed":0,"relics":["Burning Blood","NeowsBlessing","The Courier","Molten Egg 2"],"potions_floor_usage":[6,6],"damage_taken":[{"damage":0.0,"enemies":"Cultist","floor":1.0,"turns":1.0},{"damage":0.0,"enemies":"2 Louse","floor":2.0,"turns":1.0},{"damage":0,"enemies":"Small Slimes","floor":4,"turns":2},{"damage":1,"enemies":"Looter","floor":5,"turns":4},{"damage":32,"enemies":"Gremlin Nob","floor":6,"turns":4},{"damage":29,"enemies":"3 Louse","floor":8,"turns":4},{"damage":34,"enemies":"3 Sentries","floor":10,"turns":7}],"seed_played":"7102647141590116498","potions_obtained":[{"floor":1.0,"key":"BloodPotion"},{"floor":5,"key":"GamblersBrew"}],"is_trial":false,"path_per_floor":["M","M","?","M","M","E","R","M","T","E"],"character_chosen":"IRONCLAD","items_purchased":[],"campfire_rested":0,"item_purchase_floors":[],"current_hp_per_floor":[74,75,64,70,75,56,56,33,33,0],"gold":260,"neow_bonus":"THREE_ENEMY_KILL","is_prod":false,"is_daily":false,"chose_seed":false,"campfire_upgraded":1,"win_rate":0,"timestamp":1553056904,"path_taken":["M","M","?","?","M","E","R","M","T","E"],"build_version":"2019-01-23","purchased_purges":0,"victory":false,"max_hp_per_floor":[75,75,75,75,75,75,75,75,75,75],"card_choices":[{"not_picked":["Wild Strike","Pommel Strike"],"picked":"Evolve","floor":1.0},{"not_picked":["Body Slam","Heavy Blade"],"picked":"Flame Barrier","floor":2.0},{"not_picked":["Seeing Red","Headbutt"],"picked":"Sword Boomerang","floor":4},{"not_picked":["Heavy Blade","Iron Wave"],"picked":"Headbutt","floor":5},{"not_picked":["Wild Strike","Reckless Charge"],"picked":"Seeing Red","floor":6},{"not_picked":["Wild Strike","Bludgeon"],"picked":"Metallicize","floor":8}],"player_experience":370951,"relics_obtained":[{"floor":6,"key":"The Courier"},{"floor":9,"key":"Molten Egg 2"}],"event_choices":[{"damage_healed":0.0,"max_hp_gain":0.0,"max_hp_loss":0.0,"gold_gain":0.0,"event_name":"Wheel of Change","player_choice":"Damaged","floor":3.0,"gold_loss":0.0,"damage_taken":11.0}],"is_beta":false,"boss_relics":[],"items_purged_floors":[],"is_endless":false,"potions_floor_spawned":[1,5],"killed_by":"3 Sentries","ascension_level":18}