{"gold_per_floor":[110,127,142,156,174,174,202,202,278,303,319,347,347,422,422,500,500,513,94,112,131,151,176,176,205,205,231,242,142,155,62,62,133,133,152,152,27,27,81,81,114,114,114,143,143,174,174,199,199,199,199,199,199,66,94,94],"floor_reached":57,"playtime":2404,"items_purged":["Strike_R","Strike_R","Strike_R"],"score":3267,"play_id":"29656691-1b37-4524-b027-b60e57c07d38","local_time":"20190225003359","is_ascension_mode":true,"campfire_choices":[{"data":"Armaments","floor":6,"key":"SMITH"},{"floor":8,"key":"REST"},{"data":"Demon Form","floor":13,"key":"SMITH"},{"data":"Disarm","floor":15,"key":"SMITH"},{"data":"Fiend Fire","floor":24,"key":"SMITH"},{"data":"Shockwave","floor":32,"key":"SMITH"},{"data":"Uppercut","floor":40,"key":"SMITH"},{"floor":42,"key":"RECALL"},{"floor":45,"key":"REST"},{"data":"Evolve","floor":49,"key":"SMITH"},{"floor":53,"key":"REST"}],"neow_cost":"NONE","seed_source_timestamp":899291247238100,"circlet_count":0,"master_deck":["AscendersBane","Strike_R","Strike_R","Defend_R","Defend_R","Defend_R","Defend_R","Bash","Armaments+1","Anger","Perfected Strike","Iron Wave","Infernal Blade","Cleave","Clothesline","Disarm+1","Demon Form+1","Impervious","Shrug It Off","Carnage+1","Uppercut+1","Fiend Fire+1","Shrug It Off+1","Shockwave+1","Blood for Blood","True Grit","Limit Break","Heavy Blade+1","Flame Barrier","Second Wind","Mayhem","Evolve+1","Second Wind","Shrug It Off","True Grit","Sentinel"],"relics":["Burning Blood","Potion Belt","Gremlin Horn","Gambling Chip","Juzu Bracelet","Snecko Eye","Dead Branch","Pantograph","Du-Vu Doll","Pear","Dodecahedron","White Beast Statue","Bag of Preparation","Bird Faced Urn","Unceasing Top","Bag of Marbles","Boot","Dream Catcher","Oddly Smooth Stone"],"potions_floor_usage":[7,12,23,33,33,35,44,46,50,55,56,56,56],"damage_taken":[{"damage":2,"enemies":"Small Slimes","floor":1,"turns":5},{"damage":12,"enemies":"Jaw Worm","floor":2,"turns":3},{"damage":0,"enemies":"Cultist","floor":3,"turns":3},{"damage":14,"enemies":"Large Slime","floor":4,"turns":6},{"damage":12,"enemies":"Gremlin Gang","floor":5,"turns":6},{"damage":23,"enemies":"Lagavulin","floor":7,"turns":7},{"damage":19,"enemies":"Gremlin Nob","floor":10,"turns":4},{"damage":4,"enemies":"3 Louse","floor":11,"turns":2},{"damage":21,"enemies":"Lagavulin","floor":12,"turns":7},{"damage":24,"enemies":"The Guardian","floor":16,"turns":13},{"damage":5,"enemies":"Chosen","floor":18,"turns":4},{"damage":1,"enemies":"Shell Parasite","floor":20,"turns":3},{"damage":0,"enemies":"Cultist and Chosen","floor":21,"turns":3},{"damage":3,"enemies":"Snecko","floor":22,"turns":3},{"damage":0,"enemies":"Gremlin Leader","floor":23,"turns":3},{"damage":21,"enemies":"Book of Stabbing","floor":25,"turns":4},{"damage":0,"enemies":"Slavers","floor":27,"turns":2},{"damage":4,"enemies":"Shelled Parasite and Fungi","floor":28,"turns":3},{"damage":0,"enemies":"Centurion and Healer","floor":30,"turns":2},{"damage":0,"enemies":"Collector","floor":33,"turns":4},{"damage":0,"enemies":"3 Darklings","floor":35,"turns":3},{"damage":0,"enemies":"2 Orb Walkers","floor":39,"turns":1},{"damage":0,"enemies":"Reptomancer","floor":41,"turns":3},{"damage":22,"enemies":"Giant Head","floor":44,"turns":6},{"damage":0,"enemies":"Nemesis","floor":46,"turns":1},{"damage":3,"enemies":"Giant Head","floor":48,"turns":4},{"damage":42,"enemies":"Time Eater","floor":50,"turns":8},{"damage":69,"enemies":"Awakened One","floor":51,"turns":8},{"damage":12,"enemies":"Shield and Spear","floor":55,"turns":4},{"damage":84,"enemies":"The Heart","floor":56,"turns":6}],"seed_played":"8423424939680956439","potions_obtained":[{"floor":2,"key":"EssenceOfSteel"},{"floor":3,"key":"SpeedPotion"},{"floor":10,"key":"GamblersBrew"},{"floor":11,"key":"GamblersBrew"},{"floor":12,"key":"Fruit Juice"},{"floor":18,"key":"GamblersBrew"},{"floor":23,"key":"GamblersBrew"},{"floor":25,"key":"Energy Potion"},{"floor":35,"key":"Strength Potion"},{"floor":39,"key":"FearPotion"},{"floor":41,"key":"FairyPotion"},{"floor":44,"key":"Energy Potion"},{"floor":46,"key":"Energy Potion"},{"floor":48,"key":"Strength Potion"},{"floor":55,"key":"SkillPotion"}],"is_trial":false,"path_per_floor":["M","M","M","M","M","R","E","R","T","E","M","E","R","?","R","B",null,"M","$","M","M","M","E","R","E","T","E","M","$","M","$","R","B",null,"M","?","$","?","?","R","E","R","T","E","R","E","?","E","R","B","B",null,"R","$","E","B",null],"character_chosen":"IRONCLAD","items_purchased":["Dead Branch","Shrug It Off","Blood for Blood","True Grit","Swift Potion","Shrug It Off","True Grit"],"campfire_rested":3,"item_purchase_floors":[19,19,31,31,54,54,54],"current_hp_per_floor":[72,66,72,64,58,58,41,63,63,50,52,42,42,31,31,13,63,64,64,69,75,78,80,80,65,75,81,83,83,89,89,89,90,90,90,90,90,90,90,90,90,90,90,74,90,90,90,90,90,58,28,75,90,90,86,22],"gold":94,"neow_bonus":"THREE_CARDS","is_prod":false,"is_daily":false,"chose_seed":false,"campfire_upgraded":7,"win_rate":0,"timestamp":1551022439,"path_taken":["M","M","M","M","M","R","E","R","T","E","M","E","R","?","R","BOSS","M","$","M","M","M","E","R","E","T","E","M","$","M","$","R","BOSS","M","?","$","?","?","R","E","R","T","E","R","E","?","E","R","BOSS","BOSS","R","$","E","BOSS"],"build_version":"2019-01-23","purchased_purges":3,"victory":true,"max_hp_per_floor":[75,75,75,75,75,75,75,75,75,75,75,80,80,80,80,80,80,80,80,80,80,80,80,80,80,90,90,90,90,90,90,90,90,90,90,90,90,90,90,90,90,90,90,90,90,90,90,90,90,90,90,90,90,90,90,90],"card_choices":[{"not_picked":["Havoc","Burning Pact"],"picked":"Armaments","floor":0},{"not_picked":["Sword Boomerang","Rupture"],"picked":"Anger","floor":1},{"not_picked":["Clash","Twin Strike"],"picked":"Perfected Strike","floor":2},{"not_picked":["Anger","Burning Pact"],"picked":"Ghostly Armor","floor":3},{"not_picked":["Body Slam","Rupture"],"picked":"Iron Wave","floor":4},{"not_picked":["Berserk","Anger"],"picked":"Infernal Blade","floor":5},{"not_picked":["Entrench","Thunderclap"],"picked":"Cleave","floor":7},{"not_picked":["Power Through","Hemokinesis"],"picked":"Clothesline","floor":10},{"not_picked":["Intimidate","Anger"],"picked":"Disarm","floor":11},{"not_picked":["Perfected Strike","Cleave"],"picked":"Demon Form","floor":12},{"not_picked":["Feed","Dark Embrace"],"picked":"Impervious","floor":16},{"not_picked":["Headbutt","Armaments"],"picked":"Shrug It Off","floor":18},{"not_picked":["Flame Barrier","Uppercut"],"picked":"Carnage+1","floor":20},{"not_picked":["Fire Breathing","Seeing Red"],"picked":"Uppercut","floor":21},{"not_picked":["Thunderclap","Armaments","Warcry"],"picked":"SKIP","floor":22},{"not_picked":["Uppercut","Warcry"],"picked":"Fiend Fire","floor":23},{"not_picked":["Intimidate","Rage+1"],"picked":"Shrug It Off+1","floor":25},{"not_picked":["Uppercut","Carnage","Clothesline"],"picked":"SKIP","floor":27},{"not_picked":["Sword Boomerang","Clothesline"],"picked":"Shockwave","floor":28},{"not_picked":["Warcry","Fire Breathing","Perfected Strike"],"picked":"SKIP","floor":30},{"not_picked":["Brutality","Feed"],"picked":"Limit Break","floor":33},{"not_picked":["Dual Wield","Shockwave","Intimidate+1"],"picked":"SKIP","floor":35},{"not_picked":["Dropkick","Body Slam"],"picked":"Heavy Blade+1","floor":39},{"not_picked":["Shrug It Off","Pummel+1"],"picked":"Flame Barrier","floor":41},{"not_picked":["Clothesline","Iron Wave+1","Rupture+1"],"picked":"SKIP","floor":44},{"not_picked":["Clothesline","Iron Wave+1","Rupture+1"],"picked":"SKIP","floor":44},{"not_picked":["Clash+1","Infernal Blade"],"picked":"Second Wind","floor":46},{"not_picked":["Panache","Impatience"],"picked":"Mayhem","floor":47},{"not_picked":["Shockwave+1","Burning Pact+1"],"picked":"Evolve","floor":48},{"not_picked":["Armaments","Heavy Blade"],"picked":"Second Wind","floor":53},{"not_picked":["Pommel Strike","Clash"],"picked":"Sentinel","floor":55}],"player_experience":4390293,"relics_obtained":[{"floor":7,"key":"Potion Belt"},{"floor":9,"key":"Gremlin Horn"},{"floor":10,"key":"Gambling Chip"},{"floor":12,"key":"Juzu Bracelet"},{"floor":23,"key":"Pantograph"},{"floor":25,"key":"Du-Vu Doll"},{"floor":26,"key":"Pear"},{"floor":27,"key":"Dodecahedron"},{"floor":39,"key":"Bird Faced Urn"},{"floor":41,"key":"Unceasing Top"},{"floor":44,"key":"Bag of Marbles"},{"floor":46,"key":"Boot"},{"floor":48,"key":"Dream Catcher"},{"floor":55,"key":"Oddly Smooth Stone"}],"event_choices":[{"damage_healed":0,"gold_gain":75,"player_choice":"Gather Gold","damage_taken":11,"max_hp_gain":0,"max_hp_loss":0,"event_name":"World of Goop","floor":14,"gold_loss":0},{"cards_removed":["Shrug It Off"],"damage_healed":0,"gold_gain":0,"player_choice":"Removed Skill","damage_taken":0,"max_hp_gain":0,"max_hp_loss":0,"event_name":"Falling","floor":36,"gold_loss":0},{"cards_removed":["Ghostly Armor"],"damage_healed":0,"gold_gain":0,"player_choice":"Gave Card","damage_taken":0,"relics_obtained":["Bag of Preparation"],"max_hp_gain":0,"max_hp_loss":0,"event_name":"WeMeetAgain","floor":38,"gold_loss":0},{"damage_healed":0,"gold_gain":0,"player_choice":"Fight","damage_taken":0,"max_hp_gain":0,"max_hp_loss":0,"event_name":"Mysterious Sphere","floor":39,"gold_loss":0},{"damage_healed":0,"gold_gain":0,"player_choice":"Memory 1","damage_taken":0,"max_hp_gain":0,"max_hp_loss":0,"event_name":"SensoryStone","floor":47,"gold_loss":0}],"is_beta":false,"boss_relics":[{"not_picked":["Sozu","Empty Cage"],"picked":"Snecko Eye"},{"not_picked":["Busted Crown","Tiny House"],"picked":"White Beast Statue"}],"items_purged_floors":[19,29,37],"is_endless":false,"potions_floor_spawned":[2,3,10,11,12,18,23,25,27,35,39,41,44,46,48,55],"ascension_level":20}