{"gold_per_floor":[119,119,13,25,25,60,60,71,71,98,113,113,138,165,177,278,290,273,314,326,338,360,372,416,428,440,470,501,513,52,152,152,152],"floor_reached":33,"playtime":2201,"items_purged":["Decay"],"score":570,"play_id":"a1913c09-b57a-40a8-8a2f-b61a04c76df6","local_time":"20190315103958","is_ascension_mode":true,"campfire_choices":[{"data":"Bandage Up","floor":7.0,"key":"SMITH"},{"data":"Shrug It Off","floor":12.0,"key":"SMITH"},{"data":"True Grit","floor":15.0,"key":"SMITH"},{"floor":23.0,"key":"REST"},{"floor":29.0,"key":"REST"},{"floor":32,"key":"REST"}],"neow_cost":"NONE","seed_source_timestamp":168654914815,"circlet_count":0,"master_deck":["AscendersBane","Strike_R+1","Strike_R+1","Strike_R+1","Strike_R+1","Defend_R+1","Defend_R+1","Defend_R+1","Defend_R+1","Bash","Inflame","Bandage Up+1","Carnage","Reaper","Shrug It Off+1","Feel No Pain","True Grit+1","Dark Embrace","Clothesline","Sever Soul","Power Through","Corruption","Warcry","Shrug It Off"],"special_seed":0,"relics":["Burning Blood","NeowsBlessing","Blue Candle","Happy Flower","Bronze Scales","MawBank","Fusion Hammer","Red Mask","Strawberry","Turnip","Du-Vu Doll","Dodecahedron"],"potions_floor_usage":[31,33],"damage_taken":[{"damage":0.0,"enemies":"Small Slimes","floor":1.0,"turns":1.0},{"damage":0.0,"enemies":"Cultist","floor":4.0,"turns":1.0},{"damage":0.0,"enemies":"Gremlin Nob","floor":6.0,"turns":1.0},{"damage":16.0,"enemies":"Jaw Worm","floor":8.0,"turns":5.0},{"damage":35.0,"enemies":"Lagavulin","floor":10.0,"turns":4.0},{"damage":20.0,"enemies":"Exordium Thugs","floor":11.0,"turns":4.0},{"damage":20.0,"enemies":"3 Sentries","floor":13.0,"turns":10.0},{"damage":8.0,"enemies":"Blue Slaver","floor":14.0,"turns":4.0},{"damage":63.0,"enemies":"Slime Boss","floor":16.0,"turns":11.0},{"damage":18.0,"enemies":"2 Thieves","floor":18.0,"turns":4.0},{"damage":64.0,"enemies":"Masked Bandits","floor":19.0,"turns":5.0},{"damage":2.0,"enemies":"3 Byrds","floor":22.0,"turns":2.0},{"damage":34.0,"enemies":"Book of Stabbing","floor":24.0,"turns":6.0},{"damage":23.0,"enemies":"Snecko","floor":27.0,"turns":7.0},{"damage":20.0,"enemies":"Shelled Parasite and Fungi","floor":28.0,"turns":7.0},{"damage":34,"enemies":"Colosseum Slavers","floor":31,"turns":5},{"damage":30,"enemies":"Colosseum Nobs","floor":31,"turns":6},{"damage":83,"enemies":"Champ","floor":33,"turns":18}],"seed_played":"8953604193623694275","potions_obtained":[{"floor":1.0,"key":"GamblersBrew"},{"floor":4.0,"key":"Poison Potion"},{"floor":8.0,"key":"BloodPotion"},{"floor":16.0,"key":"Dexterity Potion"},{"floor":18.0,"key":"AttackPotion"},{"floor":19.0,"key":"PowerPotion"},{"floor":28.0,"key":"FearPotion"},{"floor":31,"key":"BloodPotion"}],"is_trial":false,"path_per_floor":["M","?","$","M","$","E","R","M","T","E","M","R","E","M","R","B",null,"M","?","?","?","M","R","E","?","T","M","M","R","$","?","R","B"],"character_chosen":"IRONCLAD","items_purchased":["Bandage Up","Turnip","Shrug It Off"],"campfire_rested":3,"item_purchase_floors":[3,30,30],"current_hp_per_floor":[74,74,74,75,75,75,75,75,75,52,59,59,63,67,67,16,60,54,12,12,12,22,44,35,35,35,28,26,50,50,16,40,0],"gold":152,"neow_bonus":"THREE_ENEMY_KILL","is_prod":false,"is_daily":false,"chose_seed":false,"campfire_upgraded":3,"win_rate":0,"timestamp":1552613998,"path_taken":["M","?","$","M","?","E","R","M","T","E","?","R","E","M","R","BOSS","BOSS","M","?","?","?","M","R","E","?","T","M","M","R","$","?","R","BOSS"],"build_version":"2019-01-23","purchased_purges":1,"victory":false,"max_hp_per_floor":[75,75,75,75,75,75,75,75,75,75,75,75,75,75,75,75,75,75,75,75,75,75,75,82,82,82,82,82,82,82,82,82,82],"card_choices":[{"not_picked":["Infernal Blade","Pummel"],"picked":"Inflame","floor":1.0},{"not_picked":["Cleave","Warcry"],"picked":"Carnage","floor":4.0},{"not_picked":["Uppercut","Brutality"],"picked":"Reaper","floor":6.0},{"not_picked":["Headbutt","Havoc","Iron Wave"],"picked":"SKIP","floor":8.0},{"not_picked":["Combust","Carnage"],"picked":"Shrug It Off","floor":10.0},{"not_picked":["Intimidate","Combust","Cleave"],"picked":"SKIP","floor":11.0},{"not_picked":["Carnage","Havoc"],"picked":"Feel No Pain","floor":13.0},{"not_picked":["Shrug It Off","Body Slam"],"picked":"True Grit","floor":14.0},{"not_picked":["Double Tap","Reaper"],"picked":"Dark Embrace","floor":16.0},{"not_picked":["Sword Boomerang","Pommel Strike"],"picked":"Clothesline","floor":18.0},{"not_picked":["Feel No Pain","Metallicize"],"picked":"Sever Soul","floor":22.0},{"not_picked":["Havoc","Wild Strike"],"picked":"Power Through","floor":24.0},{"not_picked":["Cleave","Warcry"],"picked":"Corruption","floor":27.0},{"not_picked":["Headbutt","Cleave"],"picked":"Warcry","floor":28.0}],"player_experience":325242,"relics_obtained":[{"floor":6.0,"key":"Blue Candle"},{"floor":9.0,"key":"Happy Flower"},{"floor":10.0,"key":"Bronze Scales"},{"floor":13.0,"key":"MawBank"},{"floor":19.0,"key":"Red Mask"},{"floor":24.0,"key":"Strawberry"},{"floor":31,"key":"Du-Vu Doll"},{"floor":31,"key":"Dodecahedron"}],"event_choices":[{"cards_removed":["Strike_R"],"damage_healed":0.0,"max_hp_gain":0.0,"max_hp_loss":0.0,"gold_gain":0.0,"event_name":"Purifier","player_choice":"Purged","floor":2.0,"gold_loss":0.0,"damage_taken":0.0},{"damage_healed":0.0,"max_hp_gain":0.0,"max_hp_loss":0.0,"gold_gain":0.0,"event_name":"Masked Bandits","player_choice":"Fought Bandits","floor":19.0,"gold_loss":0.0,"damage_taken":0.0},{"damage_healed":0.0,"max_hp_gain":0.0,"max_hp_loss":0.0,"gold_gain":0.0,"event_name":"Cursed Tome","player_choice":"Ignored","floor":20.0,"gold_loss":0.0,"damage_taken":0.0},{"damage_healed":0.0,"max_hp_gain":0.0,"max_hp_loss":0.0,"gold_gain":0.0,"event_name":"Forgotten Altar","player_choice":"Smashed Altar","floor":21.0,"gold_loss":0.0,"damage_taken":0.0,"cards_obtained":["Decay"]},{"damage_healed":0.0,"max_hp_gain":0.0,"max_hp_loss":0.0,"gold_gain":0.0,"event_name":"Back to Basics","player_choice":"Simplicity","floor":25.0,"gold_loss":0.0,"damage_taken":0.0,"cards_upgraded":["Strike_R","Strike_R","Strike_R","Strike_R","Defend_R","Defend_R","Defend_R","Defend_R"]},{"damage_healed":0,"gold_gain":0,"player_choice":"Fight","damage_taken":0,"max_hp_gain":0,"max_hp_loss":0,"event_name":"Colosseum","floor":31,"gold_loss":0},{"damage_healed":0,"gold_gain":0,"player_choice":"Fought Nobs","damage_taken":0,"max_hp_gain":0,"max_hp_loss":0,"event_name":"Colosseum","floor":31,"gold_loss":0}],"is_beta":false,"boss_relics":[{"not_picked":["Lizard Tail","Eternal Feather"],"picked":"Fusion Hammer"}],"items_purged_floors":[30],"is_endless":false,"potions_floor_spawned":[1,4,8,16,18,19,28,31,31],"killed_by":"Champ","ascension_level":17}