{"gold_per_floor":[114,114,125,137,148,183,194,194,194,228,245,263,289,309,309,387,387,399,202,202,27,43,43,73,73,73,17,32,364,364,364,364,364],"floor_reached":33,"playtime":1044,"items_purged":["Strike_R","Writhe"],"score":614,"play_id":"8573d12e-225f-486b-8b45-085d2f2309d5","local_time":"20190218023852","is_ascension_mode":true,"campfire_choices":[{"data":"Flex","floor":8.0,"key":"SMITH"},{"data":"Disarm","floor":15.0,"key":"SMITH"},{"data":"Immolate","floor":23.0,"key":"SMITH"},{"floor":25.0,"key":"REST"},{"floor":30,"key":"REST"},{"data":"Evolve","floor":32,"key":"SMITH"}],"neow_cost":"NONE","seed_source_timestamp":303342596440800,"circlet_count":0,"master_deck":["AscendersBane","Strike_R","Strike_R","Strike_R","Defend_R","Defend_R+1","Defend_R+1","Defend_R","Bash","Twin Strike","Anger","Pummel","Disarm+1","Flex+1","Immolate+1","Shrug It Off","Disarm","Offering","Evolve+1","Feel No Pain","Second Wind","Uppercut","Inflame+1","Twin Strike","Reckless Charge","Sword Boomerang","Barricade"],"special_seed":0,"relics":["Burning Blood","CultistMask","Darkstone Periapt","Question Card","Pantograph","War Paint","Black Star","Ancient Tea Set","Potion Belt","Calipers","Old Coin","Mercury Hourglass"],"potions_floor_usage":[29,33],"damage_taken":[{"damage":2.0,"enemies":"2 Louse","floor":1.0,"turns":4.0},{"damage":0.0,"enemies":"Cultist","floor":3.0,"turns":3.0},{"damage":2.0,"enemies":"Jaw Worm","floor":4.0,"turns":3.0},{"damage":22.0,"enemies":"Exordium Thugs","floor":5.0,"turns":5.0},{"damage":25.0,"enemies":"Lagavulin","floor":6.0,"turns":5.0},{"damage":10.0,"enemies":"Blue Slaver","floor":7.0,"turns":4.0},{"damage":28.0,"enemies":"3 Sentries","floor":10.0,"turns":9.0},{"damage":0.0,"enemies":"Exordium Wildlife","floor":11.0,"turns":1.0},{"damage":0.0,"enemies":"2 Fungi Beasts","floor":12.0,"turns":1.0},{"damage":17.0,"enemies":"Lagavulin","floor":13.0,"turns":7.0},{"damage":12.0,"enemies":"Lots of Slimes","floor":14.0,"turns":3.0},{"damage":27.0,"enemies":"The Guardian","floor":16.0,"turns":15.0},{"damage":33.0,"enemies":"Spheric Guardian","floor":18.0,"turns":4.0},{"damage":17.0,"enemies":"2 Thieves","floor":22.0,"turns":3.0},{"damage":35.0,"enemies":"Slavers","floor":24.0,"turns":4.0},{"damage":12,"enemies":"Snecko","floor":28,"turns":5},{"damage":42,"enemies":"Book of Stabbing","floor":29,"turns":7},{"damage":79,"enemies":"Automaton","floor":33,"turns":6}],"seed_played":"-2604150590049382200","potions_obtained":[{"floor":3.0,"key":"Fire Potion"},{"floor":6.0,"key":"Block Potion"},{"floor":7.0,"key":"Fruit Juice"},{"floor":12.0,"key":"Regen Potion"},{"floor":14.0,"key":"Swift Potion"},{"floor":16.0,"key":"GamblersBrew"},{"floor":18.0,"key":"Regen Potion"},{"floor":29,"key":"SkillPotion"}],"is_trial":false,"path_per_floor":["M","?","M","M","M","E","M","R","T","E","M","M","E","M","R","B",null,"M","$","?","$","M","R","E","R","T","$","M","E","R","?","R","B"],"character_chosen":"IRONCLAD","items_purchased":["Feel No Pain","Second Wind","Uppercut","PowerPotion"],"campfire_rested":2,"item_purchase_floors":[19,19,21,27],"current_hp_per_floor":[79,79,82,82,66,47,48,48,48,26,32,38,27,21,21,25,72,57,57,63,63,61,61,32,59,59,59,53,17,44,44,44,0],"gold":364,"neow_bonus":"TEN_PERCENT_HP_BONUS","is_prod":false,"is_daily":false,"chose_seed":false,"campfire_upgraded":4,"win_rate":0,"timestamp":1550425132,"path_taken":["M","?","M","M","M","E","M","R","T","E","?","M","E","M","R","BOSS","M","?","?","$","M","R","E","R","T","?","?","E","R","?","R","BOSS"],"build_version":"2019-01-23","purchased_purges":2,"victory":false,"max_hp_per_floor":[82,82,82,82,82,82,87,87,87,87,87,87,87,87,87,87,87,87,87,93,93,93,93,93,93,93,93,93,93,93,93,93,93],"card_choices":[{"not_picked":["Thunderclap","Body Slam"],"picked":"Twin Strike","floor":1.0},{"not_picked":["Iron Wave","Shrug It Off"],"picked":"Perfected Strike","floor":3.0},{"not_picked":["Clash","Iron Wave"],"picked":"Anger","floor":4.0},{"not_picked":["Anger","Reckless Charge"],"picked":"Pummel","floor":5.0},{"not_picked":["Seeing Red","Clothesline"],"picked":"Disarm","floor":6.0},{"not_picked":["Sword Boomerang","Sentinel"],"picked":"Flex","floor":7.0},{"not_picked":["True Grit","Pommel Strike","Twin Strike"],"picked":"Immolate","floor":10.0},{"not_picked":["Brutality","Headbutt","Disarm"],"picked":"Shrug It Off","floor":11.0},{"not_picked":["Warcry","Hemokinesis","Iron Wave"],"picked":"Disarm","floor":12.0},{"not_picked":["Pommel Strike","Exhume","Dropkick","Bloodletting"],"picked":"SKIP","floor":13.0},{"not_picked":["Heavy Blade","Havoc","Warcry","Headbutt"],"picked":"SKIP","floor":14.0},{"not_picked":["Bludgeon","Brutality","Fiend Fire"],"picked":"Offering","floor":16.0},{"not_picked":["Headbutt","Anger","Heavy Blade"],"picked":"Evolve","floor":18.0},{"not_picked":["Battle Trance","Havoc","Headbutt"],"picked":"Inflame+1","floor":22.0},{"not_picked":["Pommel Strike","True Grit+1","Flame Barrier","Cleave"],"picked":"SKIP","floor":24.0},{"not_picked":["Perfected Strike","Heavy Blade","Headbutt"],"picked":"Twin Strike","floor":28},{"not_picked":["Immolate","Perfected Strike+1","Disarm+1"],"picked":"Reckless Charge","floor":29}],"player_experience":4327508,"relics_obtained":[{"floor":6.0,"key":"Darkstone Periapt"},{"floor":9.0,"key":"Question Card"},{"floor":10.0,"key":"Pantograph"},{"floor":13.0,"key":"War Paint"},{"floor":24.0,"key":"Potion Belt"},{"floor":24.0,"key":"Calipers"},{"floor":29,"key":"Old Coin"},{"floor":29,"key":"Mercury Hourglass"}],"event_choices":[{"damage_healed":0.0,"max_hp_gain":0.0,"max_hp_loss":0.0,"gold_gain":0.0,"event_name":"FaceTrader","player_choice":"Trade","floor":2.0,"gold_loss":0.0,"damage_taken":0.0,"relics_obtained":["CultistMask"]},{"damage_healed":0.0,"max_hp_gain":0.0,"max_hp_loss":0.0,"gold_gain":0.0,"event_name":"The Mausoleum","player_choice":"Opened","floor":20.0,"gold_loss":0.0,"damage_taken":0.0,"relics_obtained":["Ancient Tea Set"],"cards_obtained":["Writhe"]},{"damage_healed":0,"gold_gain":0,"cards_transformed":["Perfected Strike","Strike_R"],"player_choice":"Became Test Subject","damage_taken":0,"max_hp_gain":0,"max_hp_loss":0,"event_name":"Drug Dealer","floor":31,"gold_loss":0,"cards_obtained":["Sword Boomerang","Barricade"]}],"is_beta":false,"boss_relics":[{"not_picked":["Eternal Feather","Snecko Eye"],"picked":"Black Star"}],"items_purged_floors":[19,21],"is_endless":false,"potions_floor_spawned":[3,6,7,12,14,16,18,29],"killed_by":"Automaton","ascension_level":20}