{"gold_per_floor":[109,109,129,140,128,128,145,145,171,191,215,215,228,248,248,351,351,365,134,134],"floor_reached":20,"playtime":1304,"items_purged":["Strike_R"],"score":203,"play_id":"c868b611-eb83-4ef3-a138-48a475a79824","local_time":"20190217213815","is_ascension_mode":true,"campfire_choices":[{"data":"Barricade","floor":6.0,"key":"SMITH"},{"data":"Body Slam","floor":8.0,"key":"SMITH"},{"data":"Entrench","floor":12.0,"key":"SMITH"},{"floor":15.0,"key":"REST"}],"neow_cost":"PERCENT_DAMAGE","seed_source_timestamp":89396874134151,"circlet_count":0,"master_deck":["Strike_R","Strike_R","Strike_R","Strike_R","Defend_R","Defend_R","Defend_R","Defend_R","Bash","Barricade+1","Metallicize","Metallicize","Entrench+1","Body Slam+1","Evolve","Battle Trance","Offering","Ghostly Armor","Feel No Pain"],"special_seed":0,"relics":["Burning Blood","Lantern","Odd Mushroom","Cursed Key"],"potions_floor_usage":[],"damage_taken":[{"damage":11.0,"enemies":"Jaw Worm","floor":1.0,"turns":4.0},{"damage":4.0,"enemies":"Small Slimes","floor":3.0,"turns":6.0},{"damage":9.0,"enemies":"2 Louse","floor":4.0,"turns":3.0},{"damage":23.0,"enemies":"Exordium Thugs","floor":5.0,"turns":6.0},{"damage":1.0,"enemies":"Large Slime","floor":7.0,"turns":10.0},{"damage":25.0,"enemies":"2 Fungi Beasts","floor":10.0,"turns":7.0},{"damage":13.0,"enemies":"The Mushroom Lair","floor":11.0,"turns":5.0},{"damage":0.0,"enemies":"Gremlin Gang","floor":13.0,"turns":6.0},{"damage":15.0,"enemies":"3 Louse","floor":14.0,"turns":5.0},{"damage":26.0,"enemies":"The Guardian","floor":16.0,"turns":9.0},{"damage":18.0,"enemies":"Shell Parasite","floor":18.0,"turns":8.0},{"damage":39,"enemies":"Colosseum Slavers","floor":20,"turns":7},{"damage":36,"enemies":"Colosseum Nobs","floor":20,"turns":4}],"seed_played":"-6822790450255745559","potions_obtained":[{"floor":4.0,"key":"FearPotion"},{"floor":5.0,"key":"AttackPotion"},{"floor":11.0,"key":"Fire Potion"},{"floor":13.0,"key":"GamblersBrew"}],"is_trial":false,"path_per_floor":["M","?","M","M","M","R","M","R","T","M","?","R","M","M","R","B",null,"M","$","?"],"character_chosen":"IRONCLAD","items_purchased":["Ghostly Armor","Feel No Pain"],"campfire_rested":1,"item_purchase_floors":[19,19],"current_hp_per_floor":[51,51,53,50,33,33,38,38,38,19,12,12,18,9,33,13,80,68,68,0],"gold":134,"neow_bonus":"THREE_RARE_CARDS","is_prod":false,"is_daily":false,"chose_seed":false,"campfire_upgraded":3,"win_rate":0,"timestamp":1550407095,"path_taken":["M","?","M","M","M","R","M","R","T","M","?","R","M","M","R","BOSS","M","$","?"],"build_version":"2019-01-23","purchased_purges":1,"victory":false,"max_hp_per_floor":[80,80,80,80,80,80,80,80,80,80,80,80,80,80,80,80,80,80,80,80],"card_choices":[{"not_picked":["Feed","Offering"],"picked":"Barricade","floor":0.0},{"not_picked":["Anger","Bloodletting"],"picked":"Metallicize","floor":1.0},{"not_picked":["Armaments","Heavy Blade"],"picked":"Metallicize","floor":3.0},{"not_picked":["Armaments","Ghostly Armor"],"picked":"Entrench","floor":4.0},{"not_picked":["Metallicize","Flex"],"picked":"Body Slam","floor":5.0},{"not_picked":["Iron Wave","Intimidate","Pommel Strike"],"picked":"SKIP","floor":7.0},{"not_picked":["Warcry","Anger","Clash"],"picked":"SKIP","floor":10.0},{"not_picked":["Iron Wave","Clothesline"],"picked":"Evolve","floor":11.0},{"not_picked":["Anger","Clash"],"picked":"Battle Trance","floor":13.0},{"not_picked":["Uppercut","Intimidate","Thunderclap"],"picked":"SKIP","floor":14.0},{"not_picked":["Fiend Fire","Brutality"],"picked":"Offering","floor":16.0},{"not_picked":["Headbutt+1","Havoc","Clash+1"],"picked":"SKIP","floor":18.0}],"player_experience":117484,"relics_obtained":[{"floor":9.0,"key":"Lantern"},{"floor":11.0,"key":"Odd Mushroom"}],"event_choices":[{"damage_healed":0.0,"max_hp_gain":0.0,"max_hp_loss":0.0,"gold_gain":0.0,"event_name":"Liars Game","player_choice":"Ignored","floor":2.0,"gold_loss":0.0,"damage_taken":0.0},{"damage_healed":0.0,"max_hp_gain":0.0,"max_hp_loss":0.0,"gold_gain":0.0,"event_name":"Mushrooms","player_choice":"Fought Mushrooms","floor":11.0,"gold_loss":0.0,"damage_taken":0.0},{"damage_healed":0,"gold_gain":0,"player_choice":"Fight","damage_taken":0,"max_hp_gain":0,"max_hp_loss":0,"event_name":"Colosseum","floor":20,"gold_loss":0},{"damage_healed":0,"gold_gain":0,"player_choice":"Fought Nobs","damage_taken":0,"max_hp_gain":0,"max_hp_loss":0,"event_name":"Colosseum","floor":20,"gold_loss":0}],"is_beta":false,"boss_relics":[{"not_picked":["Philosopher\u0027s Stone","Astrolabe"],"picked":"Cursed Key"}],"items_purged_floors":[19],"is_endless":false,"potions_floor_spawned":[4,5,11,13,20],"killed_by":"Colosseum Nobs","ascension_level":1}