{"gold_per_floor":[112,112,13,23,23,23,55,55,55,67,67,86,97,113,113,191,191,204,214,226,239,256,256,256],"floor_reached":24,"playtime":843,"items_purged":["Defend_R"],"score":454,"play_id":"b2292e87-d1b1-4093-b723-b1b166f8ade1","local_time":"20190111021149","is_ascension_mode":true,"campfire_choices":[{"data":"Bash","floor":6,"key":"SMITH"},{"data":"Wild Strike","floor":8,"key":"SMITH"},{"data":"Inflame","floor":11,"key":"SMITH"},{"data":"Body Slam","floor":15,"key":"SMITH"},{"data":"Rage","floor":23,"key":"SMITH"}],"neow_cost":"NONE","seed_source_timestamp":29892414386566,"circlet_count":0,"master_deck":["AscendersBane","Strike_R","Strike_R","Strike_R","Strike_R","Defend_R","Defend_R","Defend_R","Bash+1","Shrug It Off","Seeing Red","Armaments+1","Wild Strike+1","Inflame+1","Rage+1","Body Slam+1","Barricade","Iron Wave","True Grit","Shrug It Off","Juggernaut"],"relics":["Burning Blood","NeowsBlessing","Blood Vial","Coffee Dripper"],"potions_floor_usage":[16,16,21,24],"damage_taken":[{"damage":0,"enemies":"2 Louse","floor":1,"turns":1},{"damage":0,"enemies":"Cultist","floor":4,"turns":1},{"damage":0,"enemies":"Lagavulin","floor":7,"turns":1},{"damage":0,"enemies":"Small Slimes","floor":10,"turns":3},{"damage":13,"enemies":"Red Slaver","floor":12,"turns":3},{"damage":9,"enemies":"Exordium Wildlife","floor":13,"turns":5},{"damage":10,"enemies":"2 Fungi Beasts","floor":14,"turns":3},{"damage":12,"enemies":"The Guardian","floor":16,"turns":12},{"damage":8,"enemies":"Chosen","floor":18,"turns":6},{"damage":22,"enemies":"Spheric Guardian","floor":19,"turns":5},{"damage":20,"enemies":"Centurion and Healer","floor":20,"turns":9},{"damage":29,"enemies":"Snecko","floor":21,"turns":8},{"damage":23,"enemies":"Snake Plant","floor":22,"turns":7},{"damage":0,"enemies":"Book of Stabbing","floor":24,"turns":1}],"seed_played":"808792289894277699","potions_obtained":[{"floor":7,"key":"Strength Potion"},{"floor":10,"key":"Swift Potion"},{"floor":16,"key":"Explosive Potion"},{"floor":19,"key":"Energy Potion"},{"floor":21,"key":"PowerPotion"}],"is_trial":false,"path_per_floor":["M","?","$","M","?","R","E","R","T","M","R","M","M","M","R","B",null,"M","M","M","M","M","R","E"],"character_chosen":"IRONCLAD","items_purchased":["Armaments"],"campfire_rested":0,"item_purchase_floors":[3],"current_hp_per_floor":[74,74,74,75,75,75,75,75,75,75,75,68,67,65,65,61,72,72,58,46,25,10,10,12],"gold":256,"neow_bonus":"THREE_ENEMY_KILL","is_prod":false,"is_daily":false,"chose_seed":false,"campfire_upgraded":5,"win_rate":0,"timestamp":1547140309,"path_taken":["M","?","?","?","?","R","E","R","T","M","R","M","M","?","R","BOSS","M","M","M","M","M","R","E"],"build_version":"2019-01-03v4","purchased_purges":1,"victory":false,"max_hp_per_floor":[75,75,75,75,75,75,75,75,75,75,75,75,75,75,75,75,75,75,75,75,75,75,75,75],"card_choices":[{"not_picked":["Havoc","Flex"],"picked":"Shrug It Off","floor":1},{"not_picked":["Havoc","Flex"],"picked":"Wild Strike","floor":4},{"not_picked":["Intimidate","Rupture","Brutality"],"picked":"SKIP","floor":7},{"not_picked":["Heavy Blade","Entrench"],"picked":"Inflame","floor":10},{"not_picked":["Shrug It Off","Clothesline"],"picked":"Rage","floor":12},{"not_picked":["Sentinel","Flex"],"picked":"Body Slam","floor":13},{"not_picked":["Thunderclap","Body Slam","Wild Strike"],"picked":"SKIP","floor":14},{"not_picked":["Berserk","Juggernaut"],"picked":"Barricade","floor":16},{"not_picked":["Inflame","Perfected Strike"],"picked":"Iron Wave","floor":18},{"not_picked":["Iron Wave","Rupture+1"],"picked":"True Grit","floor":19},{"not_picked":["Seeing Red","Clash"],"picked":"Shrug It Off","floor":20},{"not_picked":["Sever Soul","Sword Boomerang","Clash"],"picked":"SKIP","floor":21},{"not_picked":["Armaments","Wild Strike"],"picked":"Juggernaut","floor":22}],"player_experience":4045360,"relics_obtained":[{"floor":7,"key":"Blood Vial"}],"event_choices":[{"damage_healed":0,"gold_gain":0,"cards_transformed":["Strike_R"],"player_choice":"Transformed","damage_taken":0,"max_hp_gain":0,"max_hp_loss":0,"event_name":"Transmorgrifier","floor":2,"gold_loss":0,"cards_obtained":["Seeing Red"]},{"damage_healed":0,"gold_gain":0,"player_choice":"Upgraded","damage_taken":0,"max_hp_gain":0,"max_hp_loss":0,"event_name":"Upgrade Shrine","floor":5,"gold_loss":0,"cards_upgraded":["Armaments"]}],"is_beta":false,"boss_relics":[{"not_picked":["Black Blood","Tiny House"],"picked":"Coffee Dripper"}],"items_purged_floors":[3],"is_endless":false,"potions_floor_spawned":[7,10,16,19,21],"killed_by":"Book of Stabbing","ascension_level":20}