{"gold_per_floor":[209,227,237,247,267,267,292,292,343,343,355,355,372,13,13,90,90,105,122,47,47,61,61,78,78],"floor_reached":25,"playtime":1991,"items_purged":["Strike_R"],"score":414,"play_id":"79867316-4f40-4d5c-a9ed-fd2897229c68","local_time":"20190322130900","is_ascension_mode":true,"campfire_choices":[{"data":"Second Wind","floor":6.0,"key":"SMITH"},{"floor":8.0,"key":"REST"},{"data":"Evolve","floor":10.0,"key":"SMITH"},{"data":"Power Through","floor":12.0,"key":"SMITH"},{"floor":15.0,"key":"DIG"},{"floor":23,"key":"REST"}],"neow_cost":"NONE","seed_source_timestamp":9680466606684,"circlet_count":0,"master_deck":["AscendersBane","Strike_R+1","Strike_R","Strike_R","Strike_R","Defend_R","Defend_R","Defend_R","Defend_R","Bash+1","Carnage","Rage","Evolve+1","Sentinel","Second Wind+1","Impervious","Power Through+1","Disarm","Shrug It Off","Dark Embrace","Burning Pact","Seeing Red","Reckless Charge"],"special_seed":0,"relics":["Black Blood","Charon\u0027s Ashes","Whetstone","Shovel","Blue Candle"],"potions_floor_usage":[16],"damage_taken":[{"damage":1.0,"enemies":"Cultist","floor":1.0,"turns":3.0},{"damage":9.0,"enemies":"Jaw Worm","floor":2.0,"turns":4.0},{"damage":4.0,"enemies":"2 Louse","floor":3.0,"turns":2.0},{"damage":14.0,"enemies":"2 Fungi Beasts","floor":4.0,"turns":4.0},{"damage":20.0,"enemies":"3 Louse","floor":5.0,"turns":5.0},{"damage":29.0,"enemies":"3 Sentries","floor":7.0,"turns":13.0},{"damage":12.0,"enemies":"Large Slime","floor":11.0,"turns":5.0},{"damage":9.0,"enemies":"Red Slaver","floor":13.0,"turns":3.0},{"damage":36,"enemies":"The Guardian","floor":16,"turns":24},{"damage":21,"enemies":"Spheric Guardian","floor":18,"turns":8},{"damage":18,"enemies":"Shell Parasite","floor":19,"turns":16},{"damage":32,"enemies":"Shelled Parasite and Fungi","floor":22,"turns":15},{"damage":11,"enemies":"Cultist and Chosen","floor":24,"turns":6},{"damage":47,"enemies":"Slavers","floor":25,"turns":4}],"seed_played":"-4213128041627244221","potions_obtained":[{"floor":2.0,"key":"LiquidBronze"},{"floor":4.0,"key":"LiquidBronze"},{"floor":5.0,"key":"EssenceOfSteel"},{"floor":13.0,"key":"SkillPotion"},{"floor":18,"key":"Energy Potion"}],"is_trial":false,"path_per_floor":["M","M","M","M","M","R","E","R","T","R","M","R","M","$","R","B",null,"M","M","$","?","M","R","M","E"],"character_chosen":"IRONCLAD","items_purchased":["Shovel","Shrug It Off"],"campfire_rested":2,"item_purchase_floors":[14,14],"current_hp_per_floor":[73,70,72,64,50,50,27,49,49,49,43,43,40,40,40,10,59,48,40,40,40,18,40,39,0],"gold":78,"neow_bonus":"HUNDRED_GOLD","is_prod":false,"is_daily":false,"chose_seed":false,"campfire_upgraded":3,"win_rate":0,"timestamp":1553227740,"path_taken":["M","?","M","M","M","R","E","R","T","R","M","R","M","$","R","BOSS","M","M","$","?","M","R","M","E"],"build_version":"2019-01-23","purchased_purges":1,"victory":false,"max_hp_per_floor":[75,75,75,75,75,75,75,75,75,75,75,75,75,75,75,75,75,75,75,75,75,75,75,75,75],"card_choices":[{"not_picked":["Iron Wave","Headbutt"],"picked":"Carnage","floor":1.0},{"not_picked":["Anger","Reckless Charge"],"picked":"Rage","floor":2.0},{"not_picked":["Cleave","Shrug It Off"],"picked":"Evolve","floor":3.0},{"not_picked":["Pommel Strike","Thunderclap"],"picked":"Sentinel","floor":4.0},{"not_picked":["Warcry","Havoc"],"picked":"Second Wind","floor":5.0},{"not_picked":["Rupture","Sword Boomerang"],"picked":"Impervious","floor":7.0},{"not_picked":["Metallicize","Clothesline"],"picked":"Power Through","floor":11.0},{"not_picked":["Iron Wave","Bloodletting"],"picked":"Disarm","floor":13.0},{"not_picked":["Offering","Demon Form"],"picked":"Dark Embrace","floor":16},{"not_picked":["Fire Breathing","Cleave"],"picked":"Burning Pact","floor":18},{"not_picked":["Burning Pact","Clash"],"picked":"Seeing Red","floor":19},{"not_picked":["Pommel Strike","Seeing Red","Cleave"],"picked":"SKIP","floor":22},{"not_picked":["Clash","Burning Pact"],"picked":"Reckless Charge","floor":24}],"player_experience":386654,"relics_obtained":[{"floor":7.0,"key":"Charon\u0027s Ashes"},{"floor":9.0,"key":"Whetstone"},{"floor":15.0,"key":"Blue Candle"}],"event_choices":[{"damage_healed":0,"gold_gain":0,"player_choice":"Ignored","damage_taken":0,"max_hp_gain":0,"max_hp_loss":0,"event_name":"Beggar","floor":21,"gold_loss":0}],"is_beta":false,"boss_relics":[{"not_picked":["Black Star","White Beast Statue"],"picked":"Black Blood"}],"items_purged_floors":[20],"is_endless":false,"potions_floor_spawned":[2,4,5,13,18],"killed_by":"Slavers","ascension_level":20}