{"gold_per_floor":[119,138,154,329,329,360,360,377,377,377,405,405,439,454,454,454],"floor_reached":16,"playtime":687,"items_purged":[],"score":162,"play_id":"5e20b689-c070-4609-91a0-0ec928cdf1d6","local_time":"20190225193710","is_ascension_mode":true,"campfire_choices":[{"floor":7,"key":"REST"},{"data":"True Grit","floor":10,"key":"SMITH"},{"floor":12,"key":"REST"},{"floor":15,"key":"REST"}],"neow_cost":"NONE","seed_source_timestamp":34712457032461,"circlet_count":0,"master_deck":["Strike_R","Strike_R","Strike_R","Strike_R","Strike_R","Defend_R","Defend_R","Defend_R","Defend_R","Bash+1","Body Slam","Wild Strike+1","Evolve","True Grit+1","Flame Barrier","Juggernaut"],"relics":["Burning Blood","Omamori","Darkstone Periapt","Blue Candle","The Courier","Whetstone"],"potions_floor_usage":[6,8,11,13,13,16],"damage_taken":[{"damage":8,"enemies":"2 Louse","floor":1,"turns":3},{"damage":13,"enemies":"Jaw Worm","floor":2,"turns":4},{"damage":6,"enemies":"Cultist","floor":3,"turns":3},{"damage":40,"enemies":"3 Sentries","floor":6,"turns":10},{"damage":8,"enemies":"Blue Slaver","floor":8,"turns":2},{"damage":40,"enemies":"Gremlin Nob","floor":11,"turns":5},{"damage":34,"enemies":"Lagavulin","floor":13,"turns":8},{"damage":11,"enemies":"Exordium Thugs","floor":14,"turns":6},{"damage":36,"enemies":"Slime Boss","floor":16,"turns":8}],"seed_played":"-8146250339524819190","potions_obtained":[{"floor":3,"key":"AttackPotion"},{"floor":5,"key":"PowerPotion"},{"floor":5,"key":"Fire Potion"},{"floor":5,"key":"Dexterity Potion"},{"floor":6,"key":"Fire Potion"},{"floor":11,"key":"Fire Potion"},{"floor":13,"key":"Block Potion"}],"is_trial":false,"path_per_floor":["M","M","M","?","?","E","R","M","T","R","E","R","E","M","R","B"],"character_chosen":"IRONCLAD","items_purchased":[],"campfire_rested":3,"item_purchase_floors":[],"current_hp_per_floor":[70,63,63,63,63,29,53,51,51,51,17,41,13,8,32,0],"gold":454,"neow_bonus":"RANDOM_COMMON_RELIC","is_prod":false,"is_daily":false,"chose_seed":false,"campfire_upgraded":1,"win_rate":0,"timestamp":1551091030,"path_taken":["M","M","M","?","?","E","R","M","T","R","E","R","E","M","R","BOSS"],"build_version":"2019-01-23","purchased_purges":0,"victory":false,"max_hp_per_floor":[80,80,80,80,80,80,80,80,80,80,80,80,80,80,80,80],"card_choices":[{"not_picked":["True Grit","Bloodletting"],"picked":"Body Slam","floor":1},{"not_picked":["Flex","Headbutt","Sword Boomerang"],"picked":"SKIP","floor":2},{"not_picked":["Inflame","Sword Boomerang"],"picked":"Wild Strike","floor":3},{"not_picked":["Intimidate","Thunderclap"],"picked":"Evolve","floor":6},{"not_picked":["Wild Strike","Clothesline"],"picked":"True Grit","floor":8},{"not_picked":["Clash","Headbutt"],"picked":"Flame Barrier","floor":11},{"not_picked":["Shrug It Off","Ghostly Armor"],"picked":"Juggernaut","floor":13},{"not_picked":["Rampage","Havoc","Rupture"],"picked":"SKIP","floor":14}],"player_experience":188224,"relics_obtained":[{"floor":6,"key":"Darkstone Periapt"},{"floor":9,"key":"Blue Candle"},{"floor":11,"key":"The Courier"},{"floor":13,"key":"Whetstone"}],"event_choices":[{"damage_healed":0,"gold_gain":175,"player_choice":"AGREE","damage_taken":0,"max_hp_gain":0,"max_hp_loss":0,"event_name":"Liars Game","floor":4,"gold_loss":0,"cards_obtained":["Doubt"]},{"damage_healed":0,"gold_gain":0,"player_choice":"Got Potions","damage_taken":0,"max_hp_gain":0,"max_hp_loss":0,"event_name":"Lab","floor":5,"gold_loss":0}],"is_beta":false,"boss_relics":[],"items_purged_floors":[],"is_endless":false,"potions_floor_spawned":[3,6,11,13],"killed_by":"Slime Boss","ascension_level":7}