{"gold_per_floor":[110,128,147,147,147,147,177,177,177,192,22,22,39,49,49,126,126,137,137,151,0,14,14,45,45,45,57,68,79,90,90,90,90],"floor_reached":33,"playtime":1667,"items_purged":["Pain","Strike_R"],"score":474,"play_id":"9d487214-ffcd-4357-a191-191b27ae28d3","local_time":"20190311175324","is_ascension_mode":true,"campfire_choices":[{"data":"True Grit","floor":6,"key":"SMITH"},{"floor":8,"key":"REST"},{"floor":12,"key":"REST"},{"data":"Flex","floor":15,"key":"SMITH"},{"floor":23,"key":"REST"},{"floor":25,"key":"REST"},{"floor":32,"key":"REST"}],"neow_cost":"NONE","seed_source_timestamp":391441631085271,"circlet_count":0,"master_deck":["AscendersBane","Strike_R","Strike_R","Strike_R","Strike_R","Defend_R","Defend_R","Defend_R","Defend_R","Bash","True Grit+1","Headbutt","Sentinel","Flex+1","Shrug It Off","Warcry","Evolve","Sword Boomerang","Reaper","Dual Wield+1","Shrug It Off","Armaments+1","Spot Weakness","Double Tap","Flame Barrier","Intimidate","Thunderclap+1"],"relics":["Burning Blood","WarpedTongs","Mercury Hourglass","Letter Opener","Velvet Choker","Ice Cream","Vajra","The Courier"],"potions_floor_usage":[1,16,22,24,28,29,33],"damage_taken":[{"damage":15,"enemies":"Cultist","floor":1,"turns":5},{"damage":5,"enemies":"2 Louse","floor":2,"turns":4},{"damage":12,"enemies":"Small Slimes","floor":3,"turns":4},{"damage":51,"enemies":"Lagavulin","floor":7,"turns":7},{"damage":27,"enemies":"Gremlin Gang","floor":10,"turns":4},{"damage":2,"enemies":"3 Louse","floor":13,"turns":2},{"damage":14,"enemies":"Exordium Thugs","floor":14,"turns":4},{"damage":29,"enemies":"Slime Boss","floor":16,"turns":9},{"damage":31,"enemies":"Spheric Guardian","floor":18,"turns":6},{"damage":32,"enemies":"3 Byrds","floor":20,"turns":5},{"damage":34,"enemies":"Cultist and Chosen","floor":22,"turns":6},{"damage":41,"enemies":"Slavers","floor":24,"turns":6},{"damage":36,"enemies":"Chosen and Byrds","floor":27,"turns":5},{"damage":21,"enemies":"Snake Plant","floor":28,"turns":5},{"damage":16,"enemies":"Centurion and Healer","floor":29,"turns":6},{"damage":12,"enemies":"Shelled Parasite and Fungi","floor":30,"turns":8},{"damage":146,"enemies":"Automaton","floor":33,"turns":12}],"seed_played":"5968805081404396342","potions_obtained":[{"floor":1,"key":"Fruit Juice"},{"floor":10,"key":"Explosive Potion"},{"floor":16,"key":"Energy Potion"},{"floor":20,"key":"Regen Potion"},{"floor":27,"key":"BloodPotion"},{"floor":28,"key":"Regen Potion"},{"floor":29,"key":"EssenceOfSteel"}],"is_trial":false,"path_per_floor":["M","M","M","?","?","R","E","R","T","M","$","R","M","M","R","B",null,"M","?","M","$","M","R","E","R","T","M","M","M","M","?","R","B"],"character_chosen":"IRONCLAD","items_purchased":["Shrug It Off","Warcry","Armaments"],"campfire_rested":5,"item_purchase_floors":[11,11,21],"current_hp_per_floor":[64,65,59,64,64,64,19,44,44,23,23,48,52,44,44,21,69,53,53,33,33,26,51,30,55,55,37,30,51,58,58,83,0],"gold":90,"neow_bonus":"ONE_RANDOM_RARE_CARD","is_prod":false,"is_daily":false,"chose_seed":false,"campfire_upgraded":2,"win_rate":0,"timestamp":1552294404,"path_taken":["M","?","M","?","?","R","E","R","T","M","$","R","M","?","R","BOSS","M","?","M","$","?","R","E","R","T","M","M","M","M","?","R","BOSS"],"build_version":"2019-01-23","purchased_purges":2,"victory":false,"max_hp_per_floor":[80,80,80,85,85,85,85,85,85,85,85,85,85,85,85,85,85,85,85,85,85,85,85,85,85,85,85,85,85,85,85,85,85],"card_choices":[{"not_picked":["Corruption","Anger"],"picked":"True Grit","floor":1},{"not_picked":["Havoc","Body Slam"],"picked":"Headbutt","floor":2},{"not_picked":["Iron Wave","Second Wind"],"picked":"Sentinel","floor":3},{"not_picked":["Barricade","Combust"],"picked":"Flex","floor":7},{"not_picked":["Headbutt","Fire Breathing","Pommel Strike"],"picked":"SKIP","floor":10},{"not_picked":["Headbutt","Iron Wave"],"picked":"Evolve","floor":13},{"not_picked":["Pommel Strike","Rampage"],"picked":"Sword Boomerang","floor":14},{"not_picked":["Berserk","Double Tap"],"picked":"Reaper","floor":16},{"not_picked":["Shrug It Off","Hemokinesis"],"picked":"Dual Wield+1","floor":18},{"not_picked":["Pommel Strike","Ghostly Armor"],"picked":"Shrug It Off","floor":20},{"not_picked":["Sentinel+1","Heavy Blade+1"],"picked":"Spot Weakness","floor":22},{"not_picked":["Thunderclap","Flex"],"picked":"Double Tap","floor":24},{"not_picked":["Havoc","Pommel Strike"],"picked":"Flame Barrier","floor":27},{"not_picked":["Perfected Strike","Warcry"],"picked":"Intimidate","floor":28},{"not_picked":["Armaments","Thunderclap","Flex"],"picked":"SKIP","floor":29},{"not_picked":["Clash","Body Slam"],"picked":"Thunderclap+1","floor":30}],"player_experience":676789,"relics_obtained":[{"floor":7,"key":"Mercury Hourglass"},{"floor":9,"key":"Letter Opener"},{"floor":24,"key":"Vajra"},{"floor":26,"key":"The Courier"}],"event_choices":[{"damage_healed":0,"gold_gain":0,"player_choice":"Donut","damage_taken":0,"max_hp_gain":5,"max_hp_loss":0,"event_name":"Big Fish","floor":4,"gold_loss":0},{"damage_healed":0,"gold_gain":0,"player_choice":"Rummage","damage_taken":0,"relics_obtained":["WarpedTongs"],"max_hp_gain":0,"max_hp_loss":0,"event_name":"Accursed Blacksmith","floor":5,"gold_loss":0,"cards_obtained":["Pain"]},{"cards_removed":["Brutality"],"damage_healed":0,"gold_gain":0,"player_choice":"Gave Card","damage_taken":0,"relics_obtained":["Ice Cream"],"max_hp_gain":0,"max_hp_loss":0,"event_name":"WeMeetAgain","floor":19,"gold_loss":0},{"damage_healed":0,"gold_gain":0,"player_choice":"Upgraded","damage_taken":0,"max_hp_gain":0,"max_hp_loss":0,"event_name":"Upgrade Shrine","floor":31,"gold_loss":0,"cards_upgraded":["Armaments"]}],"is_beta":false,"boss_relics":[{"not_picked":["Runic Dome","White Beast Statue"],"picked":"Velvet Choker"}],"items_purged_floors":[11,21],"is_endless":false,"potions_floor_spawned":[1,10,16,20,27,28,29],"killed_by":"Automaton","ascension_level":15}