{"gold_per_floor":[113,113,63,81,95,95,95,106,133,167,184,217,217,250,250,350,350,362,287,287,287,297,297,324,98,98,98,109,109,136,159,171,278,290,321,333,345,375,398,410,437,449,461,65,65,84,104,124,124,124],"floor_reached":51,"playtime":4508,"items_purged":[],"score":662,"play_id":"5e89e616-c4f7-4ac2-b9bb-fdf96b18ebf2","local_time":"20190124232253","is_ascension_mode":false,"campfire_choices":[{"data":"Dualcast","floor":6.0,"key":"SMITH"},{"data":"Barrage","floor":15.0,"key":"SMITH"},{"data":"Creative AI","floor":23.0,"key":"SMITH"},{"floor":27.0,"key":"REST"},{"data":"Loop","floor":29,"key":"SMITH"},{"floor":32,"key":"REST"},{"data":"Echo Form","floor":40,"key":"SMITH"},{"data":"Static Discharge","floor":42,"key":"SMITH"},{"floor":49,"key":"REST"}],"neow_cost":"NONE","seed_source_timestamp":0,"circlet_count":0,"master_deck":["Strike_B","Strike_B","Strike_B","Defend_B+1","Dualcast+1","Coolheaded","Coolheaded+1","Rebound","Ball Lightning","Cold Snap","Sweeping Beam","Self Repair","Barrage+1","Creative AI+1","Conserve Battery","Skim+1","Multi-Cast","Loop+1","Conserve Battery","Echo Form+1","Static Discharge+1","Storm+1","Cold Snap+1"],"special_seed":0,"relics":["Cracked Core","War Paint","DataDisk","Meat on the Bone","Potion Belt","Eternal Feather","Sundial","Anchor","Mummified Hand","MawBank","Shuriken","Toy Ornithopter","Bronze Scales"],"potions_floor_usage":[39,39,46,47,50,50,50],"damage_taken":[{"damage":1.0,"enemies":"Jaw Worm","floor":1.0,"turns":3.0},{"damage":3.0,"enemies":"Small Slimes","floor":4.0,"turns":3.0},{"damage":0.0,"enemies":"Cultist","floor":5.0,"turns":4.0},{"damage":2.0,"enemies":"3 Louse","floor":8.0,"turns":5.0},{"damage":24.0,"enemies":"Gremlin Nob","floor":10.0,"turns":5.0},{"damage":0.0,"enemies":"Large Slime","floor":11.0,"turns":2.0},{"damage":2.0,"enemies":"3 Sentries","floor":12.0,"turns":7.0},{"damage":0.0,"enemies":"Lagavulin","floor":14.0,"turns":5.0},{"damage":15.0,"enemies":"The Guardian","floor":16.0,"turns":11.0},{"damage":17.0,"enemies":"2 Thieves","floor":18.0,"turns":4.0},{"damage":7.0,"enemies":"Chosen","floor":22.0,"turns":5.0},{"damage":69.0,"enemies":"Book of Stabbing","floor":24.0,"turns":10.0},{"damage":2,"enemies":"Snecko","floor":28,"turns":6},{"damage":42,"enemies":"3 Cultists","floor":31,"turns":8},{"damage":16,"enemies":"Automaton","floor":33,"turns":8},{"damage":0,"enemies":"3 Shapes","floor":35,"turns":6},{"damage":26,"enemies":"3 Darklings","floor":38,"turns":7},{"damage":27,"enemies":"Transient","floor":39,"turns":5},{"damage":14,"enemies":"4 Shapes","floor":41,"turns":4},{"damage":11,"enemies":"Spire Growth","floor":46,"turns":4},{"damage":15,"enemies":"3 Darklings","floor":47,"turns":4},{"damage":33,"enemies":"Maw","floor":48,"turns":6},{"damage":52,"enemies":"Time Eater","floor":50,"turns":9}],"seed_played":"3219825020219706519","potions_obtained":[{"floor":4.0,"key":"Ancient Potion"},{"floor":10.0,"key":"SkillPotion"},{"floor":12.0,"key":"PowerPotion"},{"floor":16.0,"key":"SteroidPotion"},{"floor":28,"key":"SteroidPotion"},{"floor":31,"key":"Ancient Potion"},{"floor":33,"key":"Regen Potion"},{"floor":39,"key":"FearPotion"},{"floor":41,"key":"PowerPotion"},{"floor":46,"key":"SkillPotion"}],"is_trial":false,"path_per_floor":["M","?","?","M","M","R","?","M","T","E","M","E","?","E","R","B",null,"M","?","$","?","M","R","E","$","T","R","M","R","T","M","R","B",null,"M","?","?","M","M","R","M","R","T","$","?","M","M","M","R","B",null],"character_chosen":"DEFECT","items_purchased":["Anchor","Loop","Toy Ornithopter","Bronze Scales","Dexterity Potion"],"campfire_rested":3,"item_purchase_floors":[25,25,44,44,44],"current_hp_per_floor":[81,81,81,78,78,78,78,76,76,52,52,57,50,57,57,49,82,65,65,65,65,65,74,17,17,17,50,55,64,64,41,74,65,82,82,82,82,63,55,67,60,72,72,72,72,73,63,49,82,45],"gold":124,"neow_bonus":"TEN_PERCENT_HP_BONUS","is_prod":false,"is_daily":false,"chose_seed":false,"campfire_upgraded":6,"win_rate":0,"timestamp":1548368573,"path_taken":["M","?","?","M","M","R","?","?","T","E","M","E","?","E","R","BOSS","M","?","$","?","M","R","E","$","T","R","M","R","?","M","R","BOSS","M","?","?","M","?","R","M","R","T","$","?","M","M","M","R","BOSS"],"build_version":"2019-01-23","purchased_purges":0,"victory":true,"max_hp_per_floor":[82,82,82,82,82,82,82,82,82,82,82,82,82,82,82,82,82,82,82,82,82,82,82,82,82,82,82,82,82,82,82,82,82,82,82,82,82,82,82,82,82,82,82,82,82,82,82,82,82,82],"card_choices":[{"not_picked":["Barrage","Sunder"],"picked":"Coolheaded","floor":1.0},{"not_picked":["Lockon","Sunder"],"picked":"Coolheaded","floor":4.0},{"not_picked":["White Noise","Thunder Strike"],"picked":"Rebound","floor":5.0},{"not_picked":["Sweeping Beam","Redo"],"picked":"Cold Snap","floor":8.0},{"not_picked":["Beam Cell","Leap"],"picked":"Sweeping Beam","floor":10.0},{"not_picked":["Double Energy","Hello World"],"picked":"Self Repair","floor":11.0},{"not_picked":["Rebound","Auto Shields"],"picked":"Barrage","floor":12.0},{"not_picked":["Barrage","Rip and Tear","Streamline"],"picked":"SKIP","floor":14.0},{"not_picked":["All For One","Electrodynamics"],"picked":"Creative AI","floor":16.0},{"not_picked":["Consume","Go for the Eyes"],"picked":"Conserve Battery","floor":18.0},{"not_picked":["Coolheaded","Gash"],"picked":"Skim+1","floor":22.0},{"not_picked":["Cold Snap","Ball Lightning"],"picked":"Multi-Cast","floor":24.0},{"not_picked":["Lockon","Sweeping Beam"],"picked":"Conserve Battery","floor":28},{"not_picked":["Gash","Go for the Eyes","Stack"],"picked":"SKIP","floor":31},{"not_picked":["Core Surge","Multi-Cast"],"picked":"Echo Form","floor":33},{"not_picked":["Consume+1","Conserve Battery","Scrape+1"],"picked":"SKIP","floor":35},{"not_picked":["Hologram","BootSequence"],"picked":"Static Discharge","floor":38},{"not_picked":["Redo","Steam"],"picked":"Storm+1","floor":39},{"not_picked":["Gash","Sweeping Beam+1","Steam Power+1"],"picked":"SKIP","floor":41},{"not_picked":["Beam Cell","Compile Driver+1"],"picked":"Cold Snap+1","floor":46},{"not_picked":["Go for the Eyes+1","Skim","Hyperbeam"],"picked":"SKIP","floor":47},{"not_picked":["Scrape","Streamline","Cold Snap+1"],"picked":"SKIP","floor":48}],"player_experience":261546,"relics_obtained":[{"floor":9.0,"key":"War Paint"},{"floor":10.0,"key":"DataDisk"},{"floor":12.0,"key":"Meat on the Bone"},{"floor":14.0,"key":"Potion Belt"},{"floor":24.0,"key":"Sundial"},{"floor":26.0,"key":"Mummified Hand"},{"floor":30,"key":"MawBank"},{"floor":43,"key":"Shuriken"}],"event_choices":[{"cards_removed":["Defend_B"],"damage_healed":0.0,"max_hp_gain":0.0,"max_hp_loss":0.0,"gold_gain":0.0,"event_name":"Living Wall","player_choice":"Forget","floor":2.0,"gold_loss":0.0,"damage_taken":0.0},{"cards_removed":["Strike_B"],"damage_healed":0.0,"max_hp_gain":0.0,"max_hp_loss":0.0,"gold_gain":0.0,"event_name":"The Cleric","player_choice":"Card Removal","floor":3.0,"gold_loss":50.0,"damage_taken":0.0},{"damage_healed":0.0,"max_hp_gain":0.0,"max_hp_loss":0.0,"gold_gain":0.0,"cards_transformed":["Zap"],"event_name":"Transmorgrifier","player_choice":"Transformed","floor":7.0,"gold_loss":0.0,"damage_taken":0.0,"cards_obtained":["Ball Lightning"]},{"cards_removed":["Defend_B"],"damage_healed":0.0,"max_hp_gain":0.0,"max_hp_loss":0.0,"gold_gain":0.0,"event_name":"Golden Wing","player_choice":"Card Removal","floor":13.0,"gold_loss":0.0,"damage_taken":7.0},{"cards_removed":["Defend_B"],"damage_healed":0.0,"max_hp_gain":0.0,"max_hp_loss":0.0,"gold_gain":0.0,"event_name":"Beggar","player_choice":"Gave Gold","floor":19.0,"gold_loss":75.0,"damage_taken":0.0},{"damage_healed":0.0,"max_hp_gain":0.0,"max_hp_loss":0.0,"gold_gain":0.0,"event_name":"Ghosts","player_choice":"Ignored","floor":21.0,"gold_loss":0.0,"damage_taken":0.0},{"damage_healed":0,"gold_gain":0,"player_choice":"Ignored","damage_taken":0,"max_hp_gain":0,"max_hp_loss":0,"event_name":"Tomb of Lord Red Mask","floor":36,"gold_loss":0},{"damage_healed":0,"gold_gain":0,"player_choice":"Ignored","damage_taken":0,"max_hp_gain":0,"max_hp_loss":0,"event_name":"SecretPortal","floor":37,"gold_loss":0},{"damage_healed":0,"gold_gain":0,"player_choice":"Ignored","damage_taken":0,"max_hp_gain":0,"max_hp_loss":0,"event_name":"Mysterious Sphere","floor":45,"gold_loss":0}],"is_beta":false,"boss_relics":[{"not_picked":["Runic Dome","Snecko Eye"],"picked":"Eternal Feather"},{"not_picked":["Philosopher\u0027s Stone","Astrolabe","Calling Bell"]}],"items_purged_floors":[],"is_endless":false,"potions_floor_spawned":[4,10,12,16,28,31,33,39,41,46],"ascension_level":0}