{"gold_per_floor":[20,30,41,41,41,41,116,116,141,154,154,167,195,212,212,212],"floor_reached":16,"playtime":303,"items_purged":[],"score":204,"play_id":"5ea92f68-8efa-490c-8708-8fa94f3f3f71","local_time":"20190119234518","is_ascension_mode":true,"campfire_choices":[{"floor":6,"key":"REST"},{"data":"Pommel Strike","floor":8,"key":"SMITH"},{"floor":11,"key":"REST"},{"data":"Shrug It Off","floor":15,"key":"SMITH"}],"neow_cost":"NO_GOLD","seed_source_timestamp":24378119047038,"circlet_count":0,"master_deck":["AscendersBane","Strike_R","Strike_R","Defend_R","Defend_R","Defend_R+1","Defend_R+1","Bash","Pommel Strike+1","Spot Weakness","Twin Strike","Shrug It Off+1"],"relics":["Burning Blood","Ancient Tea Set","War Paint","Self Forming Clay"],"potions_floor_usage":[13,16],"damage_taken":[{"damage":12,"enemies":"Cultist","floor":1,"turns":4},{"damage":13,"enemies":"Small Slimes","floor":2,"turns":6},{"damage":7,"enemies":"Jaw Worm","floor":3,"turns":7},{"damage":12,"enemies":"Exordium Wildlife","floor":10,"turns":8},{"damage":0,"enemies":"Looter","floor":12,"turns":4},{"damage":34,"enemies":"Lagavulin","floor":13,"turns":8},{"damage":7,"enemies":"3 Louse","floor":14,"turns":3},{"damage":0,"enemies":"The Guardian","floor":16,"turns":2}],"seed_played":"-3970757805037561776","potions_obtained":[{"floor":3,"key":"SpeedPotion"},{"floor":10,"key":"AttackPotion"},{"floor":14,"key":"FearPotion"}],"is_trial":false,"path_per_floor":["M","M","M","?","?","R","?","R","T","M","R","M","E","M","R","B"],"character_chosen":"IRONCLAD","items_purchased":[],"campfire_rested":2,"item_purchase_floors":[],"current_hp_per_floor":[62,55,54,47,12,34,23,23,23,17,39,45,17,16,16,16],"gold":212,"neow_bonus":"REMOVE_TWO","is_prod":false,"is_daily":false,"chose_seed":false,"campfire_upgraded":2,"win_rate":0,"timestamp":1547909118,"path_taken":["M","M","M","?","?","R","?","R","T","?","R","M","E","M","R","BOSS"],"build_version":"2019-01-17v2","purchased_purges":0,"victory":false,"max_hp_per_floor":[75,75,75,75,75,75,75,75,75,75,75,75,75,75,75,75],"card_choices":[{"not_picked":["Perfected Strike","Dual Wield","Searing Blow"],"picked":"SKIP","floor":1},{"not_picked":["Clash","Anger"],"picked":"Pommel Strike","floor":2},{"not_picked":["Flex","Perfected Strike","Wild Strike"],"picked":"SKIP","floor":3},{"not_picked":["Headbutt","Clash","Clothesline"],"picked":"SKIP","floor":10},{"not_picked":["Pommel Strike","Headbutt"],"picked":"Spot Weakness","floor":12},{"not_picked":["Thunderclap","Blood for Blood"],"picked":"Twin Strike","floor":13},{"not_picked":["Combust","Armaments"],"picked":"Shrug It Off","floor":14}],"player_experience":4156748,"relics_obtained":[{"floor":9,"key":"War Paint"},{"floor":13,"key":"Self Forming Clay"}],"event_choices":[{"cards_removed":["Strike_R"],"damage_healed":0,"gold_gain":0,"player_choice":"Card Removal","damage_taken":7,"max_hp_gain":0,"max_hp_loss":0,"event_name":"Golden Wing","floor":4,"gold_loss":0},{"damage_healed":0,"gold_gain":0,"player_choice":"Success","damage_taken":35,"relics_obtained":["Ancient Tea Set"],"max_hp_gain":0,"max_hp_loss":0,"event_name":"Scrap Ooze","floor":5,"gold_loss":0},{"damage_healed":0,"gold_gain":75,"player_choice":"Gather Gold","damage_taken":11,"max_hp_gain":0,"max_hp_loss":0,"event_name":"World of Goop","floor":7,"gold_loss":0}],"is_beta":false,"boss_relics":[],"items_purged_floors":[],"is_endless":false,"potions_floor_spawned":[3,10,14],"killed_by":"The Guardian","ascension_level":20}