{"gold_per_floor":[109,123,123,140,35,35,65,80,80,80,80,80,99,110,110,187,187,203,203],"floor_reached":19,"playtime":1000,"items_purged":[],"score":321,"play_id":"f367446b-2a12-4d82-991c-088d2e6d20e3","local_time":"20190319184440","is_ascension_mode":true,"campfire_choices":[{"data":"Armaments","floor":6.0,"key":"SMITH"},{"floor":10.0,"key":"REST"},{"data":"Body Slam","floor":12.0,"key":"SMITH"},{"data":"Entrench","floor":15.0,"key":"SMITH"}],"neow_cost":"NONE","seed_source_timestamp":31896687314136,"circlet_count":0,"master_deck":["AscendersBane","Strike_R","Strike_R","Strike_R","Strike_R","Defend_R","Defend_R","Defend_R","Defend_R","Bash","Body Slam+1","Evolve","Armaments+1","Warcry","Second Wind","Entrench+1","Shockwave","Juggernaut","Battle Trance"],"special_seed":0,"relics":["Burning Blood","Regal Pillow","Orichalcum","Kunai","Velvet Choker"],"potions_floor_usage":[],"damage_taken":[{"damage":7.0,"enemies":"2 Louse","floor":1.0,"turns":3.0},{"damage":7.0,"enemies":"Cultist","floor":2.0,"turns":4.0},{"damage":9.0,"enemies":"Jaw Worm","floor":4.0,"turns":4.0},{"damage":36.0,"enemies":"3 Sentries","floor":7.0,"turns":13.0},{"damage":18.0,"enemies":"Lots of Slimes","floor":8.0,"turns":6.0},{"damage":16.0,"enemies":"Large Slime","floor":13.0,"turns":8.0},{"damage":14.0,"enemies":"3 Louse","floor":14.0,"turns":4.0},{"damage":46.0,"enemies":"The Guardian","floor":16.0,"turns":16.0},{"damage":42.0,"enemies":"Spheric Guardian","floor":18.0,"turns":7.0},{"damage":31,"enemies":"Shell Parasite","floor":19,"turns":4}],"seed_played":"-812485838284094590","potions_obtained":[{"floor":4.0,"key":"Poison Potion"},{"floor":13.0,"key":"SkillPotion"},{"floor":14.0,"key":"AttackPotion"}],"is_trial":false,"path_per_floor":["M","M","?","M","$","R","E","M","T","R","?","R","M","M","R","B",null,"M","M"],"character_chosen":"IRONCLAD","items_purchased":["Fruit Juice"],"campfire_rested":1,"item_purchase_floors":[5],"current_hp_per_floor":[67,66,66,63,68,68,38,26,26,65,80,80,70,62,62,22,66,30,0],"gold":203,"neow_bonus":"RANDOM_COMMON_RELIC","is_prod":false,"is_daily":false,"chose_seed":false,"campfire_upgraded":3,"win_rate":0,"timestamp":1552988680,"path_taken":["M","M","?","?","$","R","E","M","T","R","?","R","?","M","R","BOSS","M","M"],"build_version":"2019-01-23","purchased_purges":0,"victory":false,"max_hp_per_floor":[75,75,75,75,80,80,80,80,80,80,80,80,80,80,80,80,80,80,80],"card_choices":[{"not_picked":["Cleave","Clothesline"],"picked":"Body Slam","floor":1.0},{"not_picked":["Flame Barrier","Metallicize"],"picked":"Evolve","floor":2.0},{"not_picked":["Flex","Heavy Blade"],"picked":"Armaments","floor":4.0},{"not_picked":["Hemokinesis","Ghostly Armor"],"picked":"Warcry","floor":7.0},{"not_picked":["Perfected Strike","Shrug It Off"],"picked":"Second Wind","floor":8.0},{"not_picked":["Warcry","Flex"],"picked":"Entrench","floor":13.0},{"not_picked":["Thunderclap","Armaments"],"picked":"Shockwave","floor":14.0},{"not_picked":["Impervious","Demon Form"],"picked":"Juggernaut","floor":16.0},{"not_picked":["Hemokinesis","Headbutt"],"picked":"Battle Trance","floor":18.0}],"player_experience":363579,"relics_obtained":[{"floor":7.0,"key":"Orichalcum"},{"floor":9.0,"key":"Kunai"}],"event_choices":[{"cards_removed":["Strike_R"],"damage_healed":0.0,"max_hp_gain":0.0,"max_hp_loss":0.0,"gold_gain":0.0,"event_name":"Bonfire Elementals","player_choice":"Offered Basic","floor":3.0,"gold_loss":0.0,"damage_taken":0.0},{"damage_healed":15.0,"max_hp_gain":0.0,"max_hp_loss":0.0,"gold_gain":0.0,"event_name":"Wheel of Change","player_choice":"Full Heal","floor":11.0,"gold_loss":0.0,"damage_taken":0.0}],"is_beta":false,"boss_relics":[{"not_picked":["Black Blood","Snecko Eye"],"picked":"Velvet Choker"}],"items_purged_floors":[],"is_endless":false,"potions_floor_spawned":[4,13,14],"killed_by":"Shell Parasite","ascension_level":18}