{"gold_per_floor":[114,130,142,142,166,197,197,222,222,93,93,113,113,132,132,132],"floor_reached":16,"playtime":521,"items_purged":["Strike_R"],"score":192,"play_id":"18351601-797e-4ad7-a2f2-cb2fb20f807b","local_time":"20190309201554","is_ascension_mode":true,"campfire_choices":[{"data":"Bash","floor":7.0,"key":"SMITH"},{"data":"Defend_R","floor":13.0,"key":"SMITH"},{"data":"Defend_R","floor":15,"key":"SMITH"}],"neow_cost":"NONE","seed_source_timestamp":514530933204338,"circlet_count":0,"master_deck":["AscendersBane","Strike_R","Strike_R","Strike_R","Strike_R","Defend_R+1","Defend_R+1","Defend_R","Defend_R","Bash+1","Dropkick+1"],"special_seed":0,"relics":["Coffee Dripper","Golden Idol","Calipers","Letter Opener"],"potions_floor_usage":[16,16],"damage_taken":[{"damage":2.0,"enemies":"Small Slimes","floor":1.0,"turns":4.0},{"damage":1.0,"enemies":"Cultist","floor":2.0,"turns":4.0},{"damage":11.0,"enemies":"2 Louse","floor":3.0,"turns":3.0},{"damage":6.0,"enemies":"2 Fungi Beasts","floor":5.0,"turns":3.0},{"damage":18.0,"enemies":"Gremlin Nob","floor":6.0,"turns":4.0},{"damage":24.0,"enemies":"Red Slaver","floor":8.0,"turns":4.0},{"damage":7.0,"enemies":"Looter","floor":12.0,"turns":3.0},{"damage":4.0,"enemies":"2 Fungi Beasts","floor":14.0,"turns":3.0},{"damage":28,"enemies":"Slime Boss","floor":16,"turns":3}],"seed_played":"-4347673190917507476","potions_obtained":[{"floor":1.0,"key":"Weak Potion"},{"floor":6.0,"key":"BloodPotion"},{"floor":8.0,"key":"Ancient Potion"},{"floor":14.0,"key":"BloodPotion"}],"is_trial":false,"path_per_floor":["M","M","M","?","M","E","R","M","T","$","?","M","R","M","R","B"],"character_chosen":"IRONCLAD","items_purchased":["SkillPotion"],"campfire_rested":0,"item_purchase_floors":[10],"current_hp_per_floor":[66,65,54,54,48,30,30,12,12,12,12,5,5,1,1,0],"gold":132,"neow_bonus":"BOSS_RELIC","is_prod":false,"is_daily":false,"chose_seed":false,"campfire_upgraded":3,"win_rate":0,"timestamp":1552130154,"path_taken":["M","M","M","?","M","E","R","M","T","$","?","?","R","M","R","BOSS"],"build_version":"2019-01-23","purchased_purges":1,"victory":false,"max_hp_per_floor":[75,75,75,68,68,68,68,68,68,68,68,68,68,68,68,68],"card_choices":[{"not_picked":["True Grit","Flex"],"picked":"Dropkick","floor":1.0},{"not_picked":["Inflame","Perfected Strike","Power Through"],"picked":"SKIP","floor":2.0},{"not_picked":["Perfected Strike","Clash","Headbutt"],"picked":"SKIP","floor":3.0},{"not_picked":["Rage","Shrug It Off","Armaments"],"picked":"SKIP","floor":5.0},{"not_picked":["Heavy Blade","Flex","Body Slam"],"picked":"SKIP","floor":6.0},{"not_picked":["Corruption","Twin Strike","Whirlwind"],"picked":"SKIP","floor":8.0},{"not_picked":["Sword Boomerang","Anger","Warcry"],"picked":"SKIP","floor":12.0},{"not_picked":["Searing Blow","Intimidate","Uppercut"],"picked":"SKIP","floor":14.0}],"player_experience":274442,"relics_obtained":[{"floor":6.0,"key":"Calipers"},{"floor":9.0,"key":"Letter Opener"}],"event_choices":[{"damage_healed":0.0,"max_hp_gain":0.0,"max_hp_loss":7.0,"gold_gain":0.0,"event_name":"Golden Idol","player_choice":"Lose Max HP","floor":4.0,"gold_loss":0.0,"damage_taken":0.0,"relics_obtained":["Golden Idol"]},{"damage_healed":0.0,"max_hp_gain":0.0,"max_hp_loss":0.0,"gold_gain":0.0,"event_name":"Accursed Blacksmith","player_choice":"Forge","floor":11.0,"gold_loss":0.0,"damage_taken":0.0,"cards_upgraded":["Dropkick"]}],"is_beta":false,"boss_relics":[],"items_purged_floors":[10],"is_endless":false,"potions_floor_spawned":[1,6,8,14],"killed_by":"Slime Boss","ascension_level":17}