{"gold_per_floor":[116,116,116,116,66,95,119,131,143,155,167,193,205,217,247,259,395,407,437,449,560,572,604,616,553,571,652,652,652,690,735,735,758,758,888,888,901,1001,1025,1039,1054,1054,1094,1110,1163,1163,780,1113,1129,1067,1084,1084,1084,1084,1084,171,206,206],"floor_reached":59,"playtime":2632,"items_purged":["Pain","Streamline","Gash"],"score":1337,"play_id":"aae75dfe-19dd-4dee-81e3-5f4776131267","local_time":"20190226024804","is_ascension_mode":false,"campfire_choices":[{"data":"Sunder","floor":8,"key":"SMITH"},{"data":"Sunder","floor":11,"key":"SMITH"},{"data":"Beam Cell","floor":16,"key":"SMITH"},{"data":"Creative AI","floor":24,"key":"SMITH"},{"data":"Conserve Battery","floor":32,"key":"SMITH"},{"data":"Aggregate","floor":34,"key":"SMITH"},{"floor":42,"key":"RECALL"},{"floor":52,"key":"REST"},{"data":"Defragment","floor":55,"key":"SMITH"}],"neow_cost":"NONE","seed_source_timestamp":993515823987800,"circlet_count":0,"master_deck":["Conserve Battery+1","Leap","Leap","Beam Cell+1","Sunder+1","Echo Form","BootSequence+1","Lockon+1","Chill+1","Melter","Sunder+1","Aggregate+1","Genetic Algorithm","Creative AI+1","Ball Lightning+1","Ball Lightning+1","Barrage","Hyperbeam","Streamline","Multi-Cast+1","Streamline","Static Discharge","Blizzard","Genetic Algorithm","Turbo+1","Reboot","Glacier+1","Hello World+1","Darkness+1","Stack+1","Defragment+1","Coolheaded+1","Leap","Genetic Algorithm","Streamline","Seek","Scrape"],"relics":["Astrolabe","MawBank","Calling Bell","Omamori","Meat on the Bone","Thread and Needle","Enchiridion","Bottled Flame","Happy Flower","Lantern","Orrery","Orichalcum","Centennial Puzzle","Blood Vial","War Paint","Sling","Runesmith:AutoHammer","Vajra","Mummified Hand"],"potions_floor_usage":[4,35,35,35,51,53,57,58,58],"damage_taken":[{"damage":0,"enemies":"Small Slimes","floor":1,"turns":2},{"damage":0,"enemies":"2 Louse","floor":4,"turns":1},{"damage":16,"enemies":"Gremlin Nob","floor":6,"turns":4},{"damage":0,"enemies":"Jaw Worm","floor":7,"turns":2},{"damage":0,"enemies":"Blue Slaver","floor":12,"turns":2},{"damage":0,"enemies":"Exordium Wildlife","floor":15,"turns":3},{"damage":5,"enemies":"Slime Boss","floor":17,"turns":7},{"damage":9,"enemies":"Shell Parasite","floor":19,"turns":3},{"damage":3,"enemies":"2 Thieves","floor":23,"turns":5},{"damage":8,"enemies":"Chosen and Byrds","floor":26,"turns":5},{"damage":12,"enemies":"Book of Stabbing","floor":30,"turns":3},{"damage":0,"enemies":"Centurion and Healer","floor":33,"turns":4},{"damage":12,"enemies":"Collector","floor":35,"turns":11},{"damage":0,"enemies":"Orb Walker","floor":37,"turns":2},{"damage":0,"enemies":"3 Shapes","floor":39,"turns":2},{"damage":0,"enemies":"Transient","floor":40,"turns":5},{"damage":0,"enemies":"Jaw Worm Horde","floor":41,"turns":7},{"damage":41,"enemies":"Reptomancer","floor":43,"turns":9},{"damage":0,"enemies":"3 Darklings","floor":44,"turns":5},{"damage":0,"enemies":"Sphere and 2 Shapes","floor":49,"turns":7},{"damage":16,"enemies":"Transient","floor":51,"turns":5},{"damage":0,"enemies":"Time Eater","floor":53,"turns":23},{"damage":8,"enemies":"Shield and Spear","floor":57,"turns":6},{"damage":43,"enemies":"The Heart","floor":58,"turns":10}],"seed_played":"5674186729041376159","potions_obtained":[{"floor":1,"key":"SmokeBomb"},{"floor":6,"key":"SpeedPotion"},{"floor":7,"key":"SteroidPotion"},{"floor":23,"key":"Ancient Potion"},{"floor":39,"key":"GamblersBrew"},{"floor":40,"key":"LiquidBronze"},{"floor":41,"key":"Weak Potion"},{"floor":57,"key":"SpeedPotion"}],"is_trial":false,"path_per_floor":["M","?","?","M","?","E","M","R","T","T","R","M","?","$","M","R","B",null,"M","?","?","?","M","R","$","M","T","T","?","E","T","R","M","R","B",null,"M","?","M","M","M","R","E","M","T","T","$","?","M","?","M","R","B",null,"R","$","E","B",null],"character_chosen":"DEFECT","items_purchased":["Blood Vial","Defragment","Coolheaded","Leap","Seek","GamblersBrew","Sling","Runesmith:AutoHammer","Vajra","Poison Potion"],"campfire_rested":1,"item_purchase_floors":[47,47,47,47,56,56,56,56,56,56],"current_hp_per_floor":[75,75,80,80,80,64,64,64,64,64,64,64,44,44,44,44,39,80,71,71,71,55,52,52,52,44,44,44,44,44,44,44,44,44,44,80,80,80,80,80,80,80,51,51,51,51,51,51,53,53,51,75,77,80,80,80,72,43],"gold":206,"neow_bonus":"BOSS_RELIC","is_prod":false,"is_daily":false,"chose_seed":false,"campfire_upgraded":7,"win_rate":0,"timestamp":1551116884,"path_taken":["M","?","?","M","?","E","M","R","T","R","M","?","?","?","R","BOSS","M","?","?","?","M","R","?","?","T","?","E","?","R","M","R","BOSS","M","?","?","M","M","R","E","M","T","$","?","M","?","M","R","BOSS","R","$","E","BOSS"],"build_version":"2019-01-23","purchased_purges":3,"victory":true,"max_hp_per_floor":[75,75,80,80,80,80,80,80,80,80,80,80,80,80,80,80,80,80,80,80,80,80,80,80,80,80,80,80,80,80,80,80,80,80,80,80,80,80,80,80,80,80,80,80,80,80,80,80,80,80,80,80,80,80,80,80,80,80],"card_choices":[{"not_picked":["Sweeping Beam","Stack"],"picked":"Melter","floor":1},{"not_picked":["Auto Shields","Fission"],"picked":"Sunder","floor":6},{"not_picked":["Chaos","Undo"],"picked":"Aggregate","floor":7},{"not_picked":["Turbo","Hologram"],"picked":"Gash","floor":12},{"not_picked":["Go for the Eyes","Turbo"],"picked":"Genetic Algorithm","floor":15},{"not_picked":["Thunder Strike","Amplify"],"picked":"Creative AI","floor":17},{"not_picked":["Self Repair","Double Energy"],"picked":"Ball Lightning+1","floor":19},{"not_picked":["Compile Driver","Cold Snap"],"picked":"Ball Lightning+1","floor":23},{"not_picked":["Leap","Rebound"],"picked":"Barrage","floor":26},{"not_picked":["Coolheaded","Gash+1"],"picked":"Hyperbeam","floor":30},{"not_picked":["Steam","Rip and Tear"],"picked":"Streamline","floor":33},{"not_picked":["Amplify","Fission"],"picked":"Multi-Cast","floor":35},{"not_picked":["Compile Driver","Loop"],"picked":"Streamline","floor":36},{"not_picked":["Redo+1","Ball Lightning"],"picked":"Static Discharge","floor":36},{"not_picked":["Loop","Conserve Battery"],"picked":"Blizzard","floor":36},{"not_picked":["Capacitor","Compile Driver"],"picked":"Streamline","floor":36},{"not_picked":["Turbo","Undo"],"picked":"Genetic Algorithm","floor":36},{"not_picked":["Compile Driver+1","Redo"],"picked":"Turbo+1","floor":37},{"not_picked":["Redo+1","Barrage+1"],"picked":"Reboot","floor":39},{"not_picked":["Conserve Battery+1","Lockon"],"picked":"Glacier+1","floor":40},{"not_picked":["Capacitor+1","Go for the Eyes+1"],"picked":"Hello World+1","floor":41},{"not_picked":["Beam Cell","Aggregate"],"picked":"Darkness+1","floor":43},{"not_picked":["Ball Lightning+1","Gash"],"picked":"Stack+1","floor":44},{"not_picked":["Leap+1","Go for the Eyes+1"],"picked":"Genetic Algorithm","floor":49},{"not_picked":["Cold Snap+1","Coolheaded+1"],"picked":"Streamline","floor":51},{"not_picked":["Stack+1","Go for the Eyes+1"],"picked":"Scrape","floor":57}],"player_experience":4409191,"relics_obtained":[{"floor":6,"key":"MawBank"},{"floor":18,"key":"Omamori"},{"floor":18,"key":"Meat on the Bone"},{"floor":18,"key":"Thread and Needle"},{"floor":22,"key":"Enchiridion"},{"floor":27,"key":"Bottled Flame"},{"floor":30,"key":"Happy Flower"},{"floor":31,"key":"Lantern"},{"floor":43,"key":"Orichalcum"},{"floor":45,"key":"Centennial Puzzle"},{"floor":57,"key":"Mummified Hand"}],"event_choices":[{"damage_healed":0,"gold_gain":0,"player_choice":"Ignored","damage_taken":0,"max_hp_gain":0,"max_hp_loss":0,"event_name":"Liars Game","floor":2,"gold_loss":0},{"damage_healed":0,"gold_gain":0,"player_choice":"Donut","damage_taken":0,"max_hp_gain":5,"max_hp_loss":0,"event_name":"Big Fish","floor":3,"gold_loss":0},{"cards_removed":["Go for the Eyes"],"damage_healed":0,"gold_gain":0,"player_choice":"Card Removal","damage_taken":0,"max_hp_gain":0,"max_hp_loss":0,"event_name":"The Cleric","floor":5,"gold_loss":50},{"damage_healed":0,"gold_gain":0,"player_choice":"Take Damage","damage_taken":20,"relics_obtained":["Golden Idol"],"max_hp_gain":0,"max_hp_loss":0,"event_name":"Golden Idol","floor":13,"gold_loss":0},{"damage_healed":0,"gold_gain":0,"player_choice":"Ignored","damage_taken":0,"max_hp_gain":0,"max_hp_loss":0,"event_name":"Vampires","floor":20,"gold_loss":0},{"damage_healed":0,"gold_gain":99,"player_choice":"Stole From Cult","damage_taken":0,"max_hp_gain":0,"max_hp_loss":0,"event_name":"Nest","floor":21,"gold_loss":0},{"damage_healed":0,"gold_gain":0,"player_choice":"Obtained Book","damage_taken":16,"max_hp_gain":0,"max_hp_loss":0,"event_name":"Cursed Tome","floor":22,"gold_loss":0},{"damage_healed":0,"gold_gain":0,"cards_transformed":["Shame","Injury"],"player_choice":"Became Test Subject","damage_taken":0,"max_hp_gain":0,"max_hp_loss":0,"event_name":"Drug Dealer","floor":29,"gold_loss":0,"cards_obtained":["Doubt","Regret"]},{"damage_healed":0,"gold_gain":100,"player_choice":"Pray","damage_taken":0,"max_hp_gain":0,"max_hp_loss":0,"event_name":"Golden Shrine","floor":38,"gold_loss":0},{"damage_healed":0,"gold_gain":333,"player_choice":"Gave Idol","damage_taken":0,"max_hp_gain":0,"max_hp_loss":0,"event_name":"The Moai Head","floor":48,"relics_lost":["Golden Idol"],"gold_loss":0},{"damage_healed":0,"gold_gain":0,"player_choice":"Paid Gold","damage_taken":0,"relics_obtained":["War Paint"],"max_hp_gain":0,"max_hp_loss":0,"event_name":"WeMeetAgain","floor":50,"gold_loss":62}],"is_beta":false,"boss_relics":[{"not_picked":["Nuclear Battery","Cursed Key"],"picked":"Calling Bell"},{"not_picked":["Sozu","Black Star"],"picked":"Orrery"}],"items_purged_floors":[25,47,56],"is_endless":false,"potions_floor_spawned":[1,6,7,23,26,39,40,41,43,57],"ascension_level":0}