{"gold_per_floor":[10,26,26,1,11,25,45,64,64,81,114,126,138,75,75,75],"floor_reached":16,"playtime":446,"items_purged":["Strike_R"],"score":208,"play_id":"e0c2e23e-75d9-4f17-b5bd-eb54c456316e","local_time":"20190312014254","is_ascension_mode":true,"campfire_choices":[{"data":"True Grit","floor":13,"key":"SMITH"},{"data":"Body Slam","floor":15,"key":"SMITH"}],"neow_cost":"NO_GOLD","seed_source_timestamp":374864799591000,"circlet_count":0,"master_deck":["AscendersBane","Strike_R","Strike_R+1","Defend_R","Defend_R","Defend_R","Defend_R","Bash+1","Cleave","Battle Trance","Shrug It Off","True Grit+1","Body Slam+1","Seeing Red","Entrench"],"relics":["Burning Blood","Whetstone","MawBank","Golden Idol"],"potions_floor_usage":[11],"damage_taken":[{"damage":1,"enemies":"2 Louse","floor":1,"turns":7},{"damage":6,"enemies":"Cultist","floor":2,"turns":4},{"damage":0,"enemies":"Jaw Worm","floor":5,"turns":3},{"damage":6,"enemies":"Lots of Slimes","floor":6,"turns":3},{"damage":8,"enemies":"Blue Slaver","floor":7,"turns":6},{"damage":14,"enemies":"Large Slime","floor":8,"turns":14},{"damage":5,"enemies":"Lots of Slimes","floor":10,"turns":3},{"damage":29,"enemies":"Gremlin Nob","floor":11,"turns":4},{"damage":38,"enemies":"Slime Boss","floor":16,"turns":7}],"seed_played":"857061559219472589","potions_obtained":[{"floor":1,"key":"FairyPotion"},{"floor":5,"key":"LiquidBronze"}],"is_trial":false,"path_per_floor":["M","M","?","$","M","M","M","M","T","M","E","?","R","$","R","B"],"character_chosen":"IRONCLAD","items_purchased":["Shrug It Off"],"campfire_rested":0,"item_purchase_floors":[4],"current_hp_per_floor":[73,73,73,73,75,75,73,65,65,66,43,43,43,43,43,5],"gold":75,"neow_bonus":"REMOVE_TWO","is_prod":false,"is_daily":false,"chose_seed":false,"campfire_upgraded":2,"win_rate":0,"timestamp":1552322574,"path_taken":["M","M","?","?","M","M","M","?","T","?","E","?","R","$","R","BOSS"],"build_version":"2019-01-23","purchased_purges":1,"victory":false,"max_hp_per_floor":[75,75,75,75,75,75,75,75,75,75,75,68,68,68,68,68],"card_choices":[{"not_picked":["Fire Breathing","Perfected Strike"],"picked":"Cleave","floor":1},{"not_picked":["Corruption","Inflame"],"picked":"Battle Trance","floor":2},{"not_picked":["Thunderclap","Rampage"],"picked":"True Grit","floor":5},{"not_picked":["Headbutt","Thunderclap"],"picked":"Body Slam","floor":6},{"not_picked":["Entrench","True Grit","Havoc"],"picked":"SKIP","floor":7},{"not_picked":["Thunderclap","Intimidate","True Grit"],"picked":"SKIP","floor":8},{"not_picked":["Cleave","Fire Breathing"],"picked":"Seeing Red","floor":10},{"not_picked":["Bludgeon","Heavy Blade"],"picked":"Entrench","floor":11}],"player_experience":4512800,"relics_obtained":[{"floor":9,"key":"Whetstone"},{"floor":11,"key":"MawBank"}],"event_choices":[{"damage_healed":0,"gold_gain":0,"player_choice":"0 cards matched","damage_taken":0,"max_hp_gain":0,"max_hp_loss":0,"event_name":"Match and Keep!","floor":3,"gold_loss":0,"cards_obtained":[]},{"damage_healed":0,"gold_gain":0,"player_choice":"Lose Max HP","damage_taken":0,"relics_obtained":["Golden Idol"],"max_hp_gain":0,"max_hp_loss":7,"event_name":"Golden Idol","floor":12,"gold_loss":0}],"is_beta":false,"boss_relics":[],"items_purged_floors":[14],"is_endless":false,"potions_floor_spawned":[1,5,6],"killed_by":"Slime Boss","ascension_level":20}