{"gold_per_floor":[111,111,111,30,53,92,92,113,113,113,133,17,17,17],"floor_reached":14,"playtime":288,"items_purged":["Parasite"],"score":176,"play_id":"e04bd97e-f1d7-445e-b51d-11bba9668c06","local_time":"20190211004958","daily_mods":["Diverse"],"is_ascension_mode":true,"campfire_choices":[{"data":"Deadly Poison","floor":7,"key":"SMITH"},{"data":"The Bomb","floor":10,"key":"SMITH"},{"data":"Catalyst","floor":13,"key":"SMITH"}],"neow_cost":"","seed_source_timestamp":0,"circlet_count":0,"master_deck":["AscendersBane","Strike_R","Strike_R","Strike_R","Strike_R","Strike_R","Defend_R","Defend_R","Defend_R","Defend_R","Bash","Clumsy","Clothesline","Deadly Poison+1","Dagger Throw","Footwork","Chaos","The Bomb+1","Catalyst+1","Calculated Gamble"],"relics":["Burning Blood","PrismaticShard","Calling Bell","Pen Nib","Letter Opener","Turnip","Golden Idol","WingedGreaves","Pear"],"potions_floor_usage":[6,11],"damage_taken":[{"damage":9,"enemies":"2 Louse","floor":1,"turns":3},{"damage":10,"enemies":"Small Slimes","floor":5,"turns":2},{"damage":33,"enemies":"Lagavulin","floor":6,"turns":8},{"damage":4,"enemies":"Jaw Worm","floor":8,"turns":3},{"damage":0,"enemies":"Lots of Slimes","floor":11,"turns":1},{"damage":45,"enemies":"3 Sentries","floor":14,"turns":4}],"seed_played":"-5826987520882311602","potions_obtained":[{"floor":1,"key":"SneckoOil"},{"floor":6,"key":"Explosive Potion"}],"is_trial":true,"path_per_floor":["M","?","?","$","M","E","R","M","T","R","M","$","R","E"],"character_chosen":"IRONCLAD","items_purchased":["Deadly Poison","Dagger Throw","Calculated Gamble"],"campfire_rested":0,"item_purchase_floors":[4,4,12],"current_hp_per_floor":[65,58,58,58,54,27,27,29,39,39,45,45,45,0],"gold":17,"neow_bonus":"","is_prod":false,"is_daily":false,"chose_seed":false,"campfire_upgraded":3,"win_rate":0,"timestamp":1549813798,"path_taken":["M","?","?","?","M","E","R","M","T","R","?","$","R","E"],"build_version":"2019-01-23","purchased_purges":1,"victory":false,"max_hp_per_floor":[75,75,68,68,68,68,68,68,78,78,78,75,75,75],"card_choices":[{"not_picked":["Slice","Deep Breath"],"picked":"Clothesline","floor":1},{"not_picked":["Dodge and Roll","Uppercut"],"picked":"Footwork","floor":5},{"not_picked":["Anger","Rip and Tear"],"picked":"Chaos","floor":6},{"not_picked":["Chill","Pommel Strike"],"picked":"The Bomb","floor":8},{"not_picked":["Stack","Carnage"],"picked":"Catalyst","floor":11}],"player_experience":4253228,"relics_obtained":[{"floor":0,"key":"Pen Nib"},{"floor":0,"key":"Letter Opener"},{"floor":0,"key":"Turnip"},{"floor":6,"key":"WingedGreaves"},{"floor":9,"key":"Pear"}],"event_choices":[{"cards_removed":["Normality"],"damage_healed":0,"gold_gain":0,"player_choice":"Card Removal","damage_taken":7,"max_hp_gain":0,"max_hp_loss":0,"event_name":"Golden Wing","floor":2,"gold_loss":0},{"damage_healed":0,"gold_gain":0,"player_choice":"Lose Max HP","damage_taken":0,"relics_obtained":["Golden Idol"],"max_hp_gain":0,"max_hp_loss":7,"event_name":"Golden Idol","floor":3,"gold_loss":0}],"is_beta":false,"boss_relics":[],"items_purged_floors":[12],"is_endless":false,"potions_floor_spawned":[1,6],"killed_by":"3 Sentries","ascension_level":20}