{"gold_per_floor":[112,187,187,199,30,30,63,63,138,138,148,160,160,160,160,233,233,253,253,253,265,113,144,19,19,45,45,60,60,60,74,74,148,148,161,176,176,187,107,107,120,120,147,159,159,159,174,192,192,192],"floor_reached":51,"playtime":2758,"items_purged":["Strike_B","Strike_B","Strike_B"],"score":1065,"play_id":"d1d3444a-0301-4baf-94a1-9651b1c92365","local_time":"20190127132900","is_ascension_mode":true,"campfire_choices":[{"data":"Coolheaded","floor":6.0,"key":"SMITH"},{"floor":10.0,"key":"REST"},{"floor":15.0,"key":"REST"},{"floor":25.0,"key":"REST"},{"floor":27.0,"key":"REST"},{"data":"Rainbow","floor":30.0,"key":"SMITH"},{"data":"Dualcast","floor":32.0,"key":"SMITH"},{"floor":40.0,"key":"REST"},{"data":"Echo Form","floor":42.0,"key":"SMITH"},{"floor":45.0,"key":"REST"},{"floor":49.0,"key":"REST"}],"neow_cost":"NONE","seed_source_timestamp":756110134310048,"circlet_count":0,"master_deck":["AscendersBane","Zap","Dualcast+1","Loop","Defragment+1","Coolheaded+1","Defragment+1","Biased Cognition","Leap","Chaos","Rainbow+1","Glacier","Chill","Gash","Conserve Battery","Scrape","Echo Form+1","Go for the Eyes","Gash","FTL","Scrape","Parasite","Gash","Fission"],"special_seed":0,"relics":["Cracked Core","WingedGreaves","Bag of Marbles","Darkstone Periapt","Philosopher\u0027s Stone","Vajra","Blood Vial","Empty Cage","Regal Pillow"],"potions_floor_usage":[50,50],"damage_taken":[{"damage":9.0,"enemies":"Jaw Worm","floor":1.0,"turns":3.0},{"damage":9.0,"enemies":"2 Louse","floor":4.0,"turns":3.0},{"damage":32.0,"enemies":"Gremlin Nob","floor":7.0,"turns":4.0},{"damage":0.0,"enemies":"Cultist","floor":11.0,"turns":4.0},{"damage":9.0,"enemies":"Red Slaver","floor":12.0,"turns":4.0},{"damage":27.0,"enemies":"Slime Boss","floor":16.0,"turns":9.0},{"damage":0.0,"enemies":"Spheric Guardian","floor":18.0,"turns":4.0},{"damage":16.0,"enemies":"Chosen","floor":21.0,"turns":4.0},{"damage":49.0,"enemies":"Gremlin Leader","floor":23.0,"turns":7.0},{"damage":1.0,"enemies":"Centurion and Healer","floor":28.0,"turns":9.0},{"damage":14.0,"enemies":"Cultist and Chosen","floor":31.0,"turns":11.0},{"damage":36.0,"enemies":"Automaton","floor":33.0,"turns":15.0},{"damage":8.0,"enemies":"Orb Walker","floor":35.0,"turns":4.0},{"damage":20.0,"enemies":"3 Darklings","floor":36.0,"turns":6.0},{"damage":4.0,"enemies":"Maw","floor":38.0,"turns":7.0},{"damage":22.0,"enemies":"Writhing Mass","floor":41.0,"turns":7.0},{"damage":12.0,"enemies":"Sphere and 2 Shapes","floor":44.0,"turns":6.0},{"damage":15.0,"enemies":"3 Darklings","floor":47.0,"turns":6.0},{"damage":45.0,"enemies":"Transient","floor":48.0,"turns":5.0},{"damage":67,"enemies":"Awakened One","floor":50,"turns":13}],"seed_played":"2967050163879960830","potions_obtained":[{"floor":1.0,"key":"AttackPotion"},{"floor":11.0,"key":"Energy Potion"},{"floor":18.0,"key":"SkillPotion"},{"floor":38.0,"key":"FearPotion"},{"floor":44.0,"key":"Regen Potion"},{"floor":48.0,"key":"Regen Potion"}],"is_trial":false,"path_per_floor":["M","?","?","M","$","R","E","T","T","R","M","M","?","?","R","B",null,"M","?","?","M","$","E","$","R","T","R","M","?","R","M","R","B",null,"M","M","?","M","$","R","M","R","T","M","R","?","M","M","R","B",null],"character_chosen":"DEFECT","items_purchased":["Coolheaded","Defragment","Conserve Battery","Scrape"],"campfire_rested":7,"item_purchase_floors":[5,5,22,39],"current_hp_per_floor":[59,48,48,39,39,39,7,7,7,29,29,20,5,29,53,26,67,67,67,67,51,51,2,2,26,26,50,51,51,51,39,39,5,60,54,36,36,34,34,57,43,43,43,33,73,73,60,17,57,47],"gold":192,"neow_bonus":"REMOVE_CARD","is_prod":false,"is_daily":false,"chose_seed":false,"campfire_upgraded":4,"win_rate":0,"timestamp":1548613740,"path_taken":["M","?","?","?","?","R","E","?","T","R","M","?","?","?","R","BOSS","M","?","?","M","$","E","?","R","T","R","?","?","R","?","R","BOSS","M","M","?","M","$","R","M","R","T","M","R","?","M","M","R","BOSS"],"build_version":"2019-01-23","purchased_purges":3,"victory":true,"max_hp_per_floor":[75,75,75,75,75,75,75,75,75,75,75,75,75,81,81,81,81,81,81,81,81,81,81,81,81,81,81,81,78,78,78,78,78,78,78,78,78,78,78,78,84,84,84,84,84,84,84,84,84,84],"card_choices":[{"not_picked":["Coolheaded","Go for the Eyes"],"picked":"Loop","floor":1.0},{"not_picked":["Streamline","Recycle"],"picked":"Defragment","floor":4.0},{"not_picked":["Redo","Storm"],"picked":"Biased Cognition","floor":7.0},{"not_picked":["Skim","Redo"],"picked":"Leap","floor":11.0},{"not_picked":["Redo","Hologram"],"picked":"Chaos","floor":12.0},{"not_picked":["Reboot","Seek"],"picked":"Rainbow","floor":16.0},{"not_picked":["Gash","Darkness"],"picked":"Glacier","floor":18.0},{"not_picked":["Hello World","Fusion"],"picked":"Gash","floor":21.0},{"not_picked":["Fusion","Steam","Sweeping Beam"],"picked":"SKIP","floor":23.0},{"not_picked":["Doom and Gloom+1","Genetic Algorithm"],"picked":"Scrape","floor":28.0},{"not_picked":["Coolheaded","Genetic Algorithm","Ball Lightning"],"picked":"SKIP","floor":31.0},{"not_picked":["All For One","Multi-Cast"],"picked":"Echo Form","floor":33.0},{"not_picked":["Rip and Tear","Compile Driver+1"],"picked":"Go for the Eyes","floor":35.0},{"not_picked":["Double Energy","Leap"],"picked":"Gash","floor":36.0},{"not_picked":["Core Surge","Storm"],"picked":"FTL","floor":38.0},{"not_picked":["Conserve Battery","Steam","Sweeping Beam+1"],"picked":"SKIP","floor":41.0},{"not_picked":["Stack","Go for the Eyes","Steam"],"picked":"SKIP","floor":44.0},{"not_picked":["Stack","Steam"],"picked":"Gash","floor":47.0},{"not_picked":["Hologram","Leap+1"],"picked":"Fission","floor":48.0}],"player_experience":481593,"relics_obtained":[{"floor":7.0,"key":"WingedGreaves"},{"floor":8.0,"key":"Bag of Marbles"},{"floor":9.0,"key":"Darkstone Periapt"},{"floor":23.0,"key":"Vajra"},{"floor":26.0,"key":"Blood Vial"},{"floor":43.0,"key":"Regal Pillow"}],"event_choices":[{"damage_healed":0.0,"max_hp_gain":0.0,"max_hp_loss":0.0,"gold_gain":75.0,"event_name":"World of Goop","player_choice":"Gather Gold","floor":2.0,"gold_loss":0.0,"damage_taken":11.0},{"cards_removed":["Defend_B"],"damage_healed":0.0,"max_hp_gain":0.0,"max_hp_loss":0.0,"gold_gain":0.0,"event_name":"Purifier","player_choice":"Purged","floor":3.0,"gold_loss":0.0,"damage_taken":0.0},{"damage_healed":0.0,"max_hp_gain":0.0,"max_hp_loss":0.0,"gold_gain":0.0,"event_name":"Shining Light","player_choice":"Entered Light","floor":13.0,"gold_loss":0.0,"damage_taken":15.0,"cards_upgraded":["Defragment","Defragment"]},{"damage_healed":18.0,"max_hp_gain":0.0,"max_hp_loss":0.0,"gold_gain":0.0,"event_name":"Mushrooms","player_choice":"Healed and dodged fight","floor":14.0,"gold_loss":0.0,"damage_taken":0.0,"cards_obtained":["Parasite"]},{"damage_healed":0.0,"max_hp_gain":0.0,"max_hp_loss":0.0,"gold_gain":0.0,"event_name":"Ghosts","player_choice":"Ignored","floor":19.0,"gold_loss":0.0,"damage_taken":0.0},{"damage_healed":0.0,"max_hp_gain":0.0,"max_hp_loss":0.0,"gold_gain":0.0,"event_name":"The Library","player_choice":"Read","floor":20.0,"gold_loss":0.0,"damage_taken":0.0,"cards_obtained":["Chill"]},{"cards_removed":["Parasite"],"damage_healed":0.0,"max_hp_gain":0.0,"max_hp_loss":0.0,"gold_gain":0.0,"event_name":"Purifier","player_choice":"Purged","floor":29.0,"gold_loss":0.0,"damage_taken":0.0},{"damage_healed":0.0,"max_hp_gain":0.0,"max_hp_loss":0.0,"gold_gain":0.0,"event_name":"Tomb of Lord Red Mask","player_choice":"Ignored","floor":37.0,"gold_loss":0.0,"damage_taken":0.0},{"cards_removed":["Defend_B"],"damage_healed":0.0,"max_hp_gain":0.0,"max_hp_loss":0.0,"gold_gain":0.0,"event_name":"Bonfire Elementals","player_choice":"Offered Basic","floor":46.0,"gold_loss":0.0,"damage_taken":0.0}],"is_beta":false,"boss_relics":[{"not_picked":["Runic Dome","Nuclear Battery"],"picked":"Philosopher\u0027s Stone"},{"not_picked":["Eternal Feather","Orrery"],"picked":"Empty Cage"}],"items_purged_floors":[5,22,24],"is_endless":false,"potions_floor_spawned":[1,11,18,28,31,38,44,48],"ascension_level":13}