{"gold_per_floor":[114,133,208,208,208,252,252,290,290,315,354,36,36,50,50,171,171,184,134,155,178,178,219,219,256,268,280,312,213,251,270,270,270],"floor_reached":33,"playtime":1794,"items_purged":["Strike_R","Strike_R","Writhe"],"score":429,"play_id":"6d7eabbe-be26-4785-a932-42d11d9f2c3f","local_time":"20190221142341","is_ascension_mode":true,"campfire_choices":[{"data":"Dropkick","floor":7.0,"key":"SMITH"},{"data":"Double Tap","floor":13.0,"key":"SMITH"},{"floor":15.0,"key":"REST"},{"floor":27.0,"key":"REST"},{"floor":32.0,"key":"REST"}],"neow_cost":"NONE","seed_source_timestamp":14772945692472,"circlet_count":0,"master_deck":["Strike_R","Strike_R","Strike_R","Defend_R","Defend_R","Defend_R","Defend_R","Bash","Dual Wield","Spot Weakness","Dropkick+1","Double Tap+1","Offering"],"special_seed":0,"relics":["Black Blood","NeowsBlessing","Golden Idol","Gremlin Horn","Mercury Hourglass","Lantern","Shuriken","Membership Card","Bag of Marbles","Bronze Scales","MawBank","Bottled Lightning","Happy Flower"],"potions_floor_usage":[33],"damage_taken":[{"damage":0.0,"enemies":"Jaw Worm","floor":1.0,"turns":1.0},{"damage":0.0,"enemies":"2 Louse","floor":2.0,"turns":1.0},{"damage":0.0,"enemies":"3 Sentries","floor":6.0,"turns":1.0},{"damage":40.0,"enemies":"Lagavulin","floor":8.0,"turns":5.0},{"damage":0.0,"enemies":"Small Slimes","floor":10.0,"turns":2.0},{"damage":35.0,"enemies":"3 Sentries","floor":11.0,"turns":6.0},{"damage":15.0,"enemies":"Exordium Thugs","floor":14.0,"turns":3.0},{"damage":27.0,"enemies":"Hexaghost","floor":16.0,"turns":7.0},{"damage":34.0,"enemies":"Spheric Guardian","floor":18.0,"turns":5.0},{"damage":15.0,"enemies":"3 Byrds","floor":20.0,"turns":4.0},{"damage":6.0,"enemies":"Snecko","floor":21.0,"turns":2.0},{"damage":31.0,"enemies":"Book of Stabbing","floor":23.0,"turns":3.0},{"damage":22.0,"enemies":"Snake Plant","floor":25.0,"turns":2.0},{"damage":23.0,"enemies":"3 Cultists","floor":28.0,"turns":4.0},{"damage":25.0,"enemies":"Slavers","floor":30.0,"turns":5.0},{"damage":14.0,"enemies":"Snecko","floor":31.0,"turns":3.0},{"damage":59,"enemies":"Collector","floor":33,"turns":5}],"seed_played":"104194341916418674","potions_obtained":[{"floor":1.0,"key":"PowerPotion"},{"floor":2.0,"key":"Poison Potion"},{"floor":8.0,"key":"Explosive Potion"},{"floor":11.0,"key":"EssenceOfSteel"},{"floor":20.0,"key":"Fruit Juice"},{"floor":21.0,"key":"FearPotion"},{"floor":23.0,"key":"GamblersBrew"},{"floor":25.0,"key":"Regen Potion"},{"floor":30.0,"key":"FearPotion"}],"is_trial":false,"path_per_floor":["M","M","?","?","?","E","R","E","T","M","E","$","R","M","R","B",null,"M","$","M","M","?","E","T","M","T","R","M","$","E","M","R","B"],"character_chosen":"IRONCLAD","items_purchased":["Membership Card","Double Tap","EntropicBrew"],"campfire_rested":3,"item_purchase_floors":[12,12,29],"current_hp_per_floor":[78,80,69,49,75,80,80,46,46,52,23,23,23,14,38,17,64,40,40,35,44,44,23,23,11,11,36,32,32,33,29,54,0],"gold":270,"neow_bonus":"THREE_ENEMY_KILL","is_prod":false,"is_daily":false,"chose_seed":false,"campfire_upgraded":2,"win_rate":0,"timestamp":1550726621,"path_taken":["M","M","?","?","?","E","R","E","T","M","E","$","R","M","R","BOSS","M","$","M","M","?","E","?","?","T","R","?","$","E","M","R","BOSS"],"build_version":"2019-01-23","purchased_purges":3,"victory":false,"max_hp_per_floor":[80,80,80,80,80,80,80,80,80,80,80,80,80,80,80,80,80,80,80,80,85,85,85,85,85,85,85,85,85,85,85,85,85],"card_choices":[{"not_picked":["True Grit","Pommel Strike"],"picked":"Dual Wield","floor":1.0},{"not_picked":["Twin Strike","Uppercut"],"picked":"Spot Weakness","floor":2.0},{"not_picked":["Second Wind","Flex"],"picked":"Dropkick","floor":6.0},{"not_picked":["Flex","Inflame","Blood for Blood"],"picked":"SKIP","floor":8.0},{"not_picked":["Sword Boomerang","Pummel","Thunderclap"],"picked":"SKIP","floor":10.0},{"not_picked":["Wild Strike","Twin Strike","Havoc"],"picked":"SKIP","floor":11.0},{"not_picked":["Wild Strike","Twin Strike","Havoc"],"picked":"SKIP","floor":11.0},{"not_picked":["Wild Strike","Ghostly Armor","Heavy Blade"],"picked":"SKIP","floor":14.0},{"not_picked":["Juggernaut","Reaper"],"picked":"Offering","floor":16.0},{"not_picked":["Havoc","Battle Trance","Anger"],"picked":"SKIP","floor":18.0},{"not_picked":["Iron Wave","Shrug It Off+1","Flex"],"picked":"SKIP","floor":20.0},{"not_picked":["Shockwave","Cleave","Intimidate"],"picked":"SKIP","floor":21.0},{"not_picked":["Flame Barrier","True Grit","Double Tap"],"picked":"SKIP","floor":23.0},{"not_picked":["Shrug It Off","Perfected Strike","Clothesline"],"picked":"SKIP","floor":25.0},{"not_picked":["Whirlwind","Anger","Sword Boomerang"],"picked":"SKIP","floor":28.0},{"not_picked":["Shrug It Off","Infernal Blade","Metallicize+1"],"picked":"SKIP","floor":30.0},{"not_picked":["Flex","Clothesline+1","Feel No Pain"],"picked":"SKIP","floor":31.0}],"player_experience":167427,"relics_obtained":[{"floor":6.0,"key":"Gremlin Horn"},{"floor":8.0,"key":"Mercury Hourglass"},{"floor":9.0,"key":"Lantern"},{"floor":11.0,"key":"Shuriken"},{"floor":23.0,"key":"Bronze Scales"},{"floor":24.0,"key":"MawBank"},{"floor":26.0,"key":"Bottled Lightning"},{"floor":30.0,"key":"Happy Flower"}],"event_choices":[{"damage_healed":0.0,"max_hp_gain":0.0,"max_hp_loss":0.0,"gold_gain":75.0,"event_name":"World of Goop","player_choice":"Gather Gold","floor":3.0,"gold_loss":0.0,"damage_taken":11.0},{"damage_healed":0.0,"max_hp_gain":0.0,"max_hp_loss":0.0,"gold_gain":0.0,"event_name":"Golden Idol","player_choice":"Take Damage","floor":4.0,"gold_loss":0.0,"damage_taken":20.0,"relics_obtained":["Golden Idol"]},{"damage_healed":26.0,"max_hp_gain":0.0,"max_hp_loss":0.0,"gold_gain":0.0,"event_name":"Big Fish","player_choice":"Banana","floor":5.0,"gold_loss":0.0,"damage_taken":0.0},{"damage_healed":0.0,"max_hp_gain":0.0,"max_hp_loss":0.0,"gold_gain":0.0,"event_name":"The Mausoleum","player_choice":"Opened","floor":22.0,"gold_loss":0.0,"damage_taken":0.0,"relics_obtained":["Bag of Marbles"],"cards_obtained":["Writhe"]}],"is_beta":false,"boss_relics":[{"not_picked":["Busted Crown","Mark of Pain"],"picked":"Black Blood"}],"items_purged_floors":[12,19,29],"is_endless":false,"potions_floor_spawned":[1,2,8,11,20,21,23,25,30],"killed_by":"Collector","ascension_level":6}