{"gold_per_floor":[116,191,116,116,129,129,168,168,168,187,187,203,48,71,71,162,162,178,20,0,0,0,0,16,37,37,37,57,57,80,80,80,169,169,190,215,90,103,119,119,119,119,119,119,119,143,143,178,178,178],"floor_reached":50,"playtime":2076,"items_purged":["Defend_B","Strike_B","Writhe"],"score":1140,"play_id":"e23a28ac-8f2f-4489-a586-e8b814d7a9fc","local_time":"20190215011115","is_ascension_mode":true,"campfire_choices":[{"data":"Defragment","floor":6,"key":"SMITH"},{"data":"Coolheaded","floor":8,"key":"SMITH"},{"data":"Zap","floor":11,"key":"SMITH"},{"data":"Go for the Eyes","floor":15,"key":"SMITH"},{"data":"Chaos","floor":23,"key":"SMITH"},{"data":"Turbo","floor":27,"key":"SMITH"},{"floor":29,"key":"REST"},{"data":"Creative AI","floor":32,"key":"SMITH"},{"floor":40,"key":"REST"},{"data":"Panacea","floor":42,"key":"SMITH"},{"data":"Discovery","floor":45,"key":"SMITH"},{"data":"Conserve Battery","floor":49,"key":"SMITH"}],"neow_cost":"NONE","seed_source_timestamp":37869783726400,"circlet_count":0,"master_deck":["AscendersBane","Strike_B","Strike_B","Defend_B","Defend_B","Defend_B","Zap+1","Dualcast","Coolheaded+1","Defragment+1","Compile Driver","Conserve Battery+1","Self Repair","Go for the Eyes+1","Creative AI+1","Hologram","Chaos+1","Rebound","Steam Power+1","Coolheaded","Turbo+1","Leap","Sweeping Beam+1","Electrodynamics","Skim","BootSequence+1","Panacea+1","Discovery+1","Flash of Steel","Double Energy","Echo Form"],"relics":["Cracked Core","NeowsBlessing","Golden Idol","Du-Vu Doll","DataDisk","Orrery","Ancient Tea Set","Ginger","Runic Dome","Pantograph","Pocketwatch"],"potions_floor_usage":[14,16,18,30,36,38,38],"damage_taken":[{"damage":0,"enemies":"2 Louse","floor":1,"turns":1},{"damage":0,"enemies":"Small Slimes","floor":5,"turns":1},{"damage":0,"enemies":"Lagavulin","floor":7,"turns":1},{"damage":2,"enemies":"Jaw Worm","floor":10,"turns":3},{"damage":15,"enemies":"Lots of Slimes","floor":12,"turns":4},{"damage":0,"enemies":"Large Slime","floor":14,"turns":5},{"damage":0,"enemies":"Hexaghost","floor":16,"turns":9},{"damage":26,"enemies":"2 Thieves","floor":18,"turns":4},{"damage":1,"enemies":"Chosen","floor":24,"turns":6},{"damage":15,"enemies":"Shelled Parasite and Fungi","floor":25,"turns":7},{"damage":9,"enemies":"Snecko","floor":28,"turns":6},{"damage":14,"enemies":"Snake Plant","floor":30,"turns":5},{"damage":4,"enemies":"Champ","floor":33,"turns":15},{"damage":6,"enemies":"3 Shapes","floor":35,"turns":4},{"damage":16,"enemies":"3 Darklings","floor":36,"turns":3},{"damage":27,"enemies":"Transient","floor":38,"turns":6},{"damage":23,"enemies":"Maw","floor":39,"turns":8},{"damage":0,"enemies":"Writhing Mass","floor":46,"turns":6},{"damage":26,"enemies":"Giant Head","floor":48,"turns":9},{"damage":61,"enemies":"Awakened One","floor":50,"turns":6}],"seed_played":"-588384037021673616","potions_obtained":[{"floor":5,"key":"Energy Potion"},{"floor":12,"key":"SneckoOil"},{"floor":14,"key":"Strength Potion"},{"floor":25,"key":"Fire Potion"},{"floor":28,"key":"Fire Potion"},{"floor":33,"key":"SneckoOil"},{"floor":35,"key":"PowerPotion"},{"floor":36,"key":"Block Potion"},{"floor":46,"key":"Explosive Potion"}],"is_trial":false,"path_per_floor":["M","?","?","?","M","R","E","R","T","M","R","M","$","M","R","B",null,"M","$","?","$","?","R","M","M","T","R","M","R","M","?","R","B",null,"M","M","$","M","M","R","?","R","T","?","R","M","?","E","R","B"],"character_chosen":"DEFECT","items_purchased":["Regen Potion","Coolheaded"],"campfire_rested":2,"item_purchase_floors":[13,19],"current_hp_per_floor":[64,53,53,29,29,29,29,29,29,27,27,12,12,33,33,40,63,37,37,37,37,37,37,43,35,35,35,26,47,40,40,40,43,64,65,56,56,36,20,41,31,31,31,58,58,58,58,39,39,0],"gold":178,"neow_bonus":"THREE_ENEMY_KILL","is_prod":false,"is_daily":false,"chose_seed":false,"campfire_upgraded":10,"win_rate":0,"timestamp":1550160675,"path_taken":["M","?","?","?","?","R","E","R","T","M","R","M","$","M","R","BOSS","M","?","?","$","?","R","M","?","T","R","M","R","M","?","R","BOSS","M","M","$","M","M","R","?","R","T","?","R","M","?","E","R","BOSS"],"build_version":"2019-01-23","purchased_purges":3,"victory":false,"max_hp_per_floor":[71,71,71,71,71,71,71,71,71,71,71,71,71,71,71,71,71,71,71,71,71,71,71,71,71,71,71,71,71,71,71,71,71,71,71,71,71,71,71,71,71,71,71,58,58,58,58,58,58,58],"card_choices":[{"not_picked":["Steam","Turbo"],"picked":"Coolheaded","floor":1},{"not_picked":["Streamline","Capacitor"],"picked":"Defragment","floor":5},{"not_picked":["Redo","Sweeping Beam"],"picked":"Compile Driver","floor":7},{"not_picked":["Gash","Beam Cell"],"picked":"Conserve Battery","floor":10},{"not_picked":["Double Energy","Gash"],"picked":"Self Repair","floor":12},{"not_picked":["Conserve Battery","Turbo"],"picked":"Go for the Eyes","floor":14},{"not_picked":["Amplify","Meteor Strike"],"picked":"Creative AI","floor":16},{"not_picked":["Chaos","Rip and Tear"],"picked":"Hologram","floor":17},{"not_picked":["Barrage","Redo"],"picked":"Chaos","floor":17},{"not_picked":["Hologram","Stack"],"picked":"Rebound","floor":17},{"not_picked":["Loop","Stack"],"picked":"Steam Power+1","floor":18},{"not_picked":["Genetic Algorithm","Ball Lightning"],"picked":"Turbo","floor":24},{"not_picked":["Reinforced Body","Sweeping Beam"],"picked":"Leap","floor":25},{"not_picked":["Go for the Eyes","Fusion","Conserve Battery"],"picked":"SKIP","floor":28},{"not_picked":["Gash","Barrage"],"picked":"Sweeping Beam+1","floor":30},{"not_picked":["Buffer","Hyperbeam"],"picked":"Electrodynamics","floor":33},{"not_picked":["Hologram","Barrage+1"],"picked":"Skim","floor":35},{"not_picked":["Rebound","Compile Driver","Go for the Eyes"],"picked":"SKIP","floor":36},{"not_picked":["Streamline","Storm+1","Beam Cell"],"picked":"SKIP","floor":38},{"not_picked":["Fission","Sweeping Beam+1"],"picked":"BootSequence+1","floor":39},{"not_picked":["Sadistic Nature","Transmutation"],"picked":"Panacea","floor":41},{"not_picked":["Transmutation","Deep Breath"],"picked":"Discovery","floor":41},{"not_picked":["Mayhem","Trip"],"picked":"Flash of Steel","floor":41},{"not_picked":["Compile Driver","Sweeping Beam"],"picked":"Double Energy","floor":46},{"not_picked":["Steam","Double Energy","Buffer"],"picked":"SKIP","floor":48}],"player_experience":4296517,"relics_obtained":[{"floor":7,"key":"Du-Vu Doll"},{"floor":9,"key":"DataDisk"},{"floor":26,"key":"Ginger"},{"floor":43,"key":"Pantograph"},{"floor":48,"key":"Pocketwatch"}],"event_choices":[{"damage_healed":0,"gold_gain":75,"player_choice":"Gather Gold","damage_taken":11,"max_hp_gain":0,"max_hp_loss":0,"event_name":"World of Goop","floor":2,"gold_loss":0},{"cards_removed":["Strike_B"],"damage_healed":0,"gold_gain":0,"player_choice":"Card Removal","damage_taken":0,"max_hp_gain":0,"max_hp_loss":0,"event_name":"The Cleric","floor":3,"gold_loss":75},{"damage_healed":0,"gold_gain":0,"player_choice":"Take Damage","damage_taken":24,"relics_obtained":["Golden Idol"],"max_hp_gain":0,"max_hp_loss":0,"event_name":"Golden Idol","floor":4,"gold_loss":0},{"damage_healed":0,"gold_gain":0,"player_choice":"Paid Fearfully","damage_taken":0,"max_hp_gain":0,"max_hp_loss":0,"event_name":"Masked Bandits","floor":20,"gold_loss":20},{"damage_healed":0,"gold_gain":0,"player_choice":"Opened","damage_taken":0,"relics_obtained":["Ancient Tea Set"],"max_hp_gain":0,"max_hp_loss":0,"event_name":"The Mausoleum","floor":22,"gold_loss":0,"cards_obtained":["Writhe"]},{"damage_healed":0,"gold_gain":0,"player_choice":"Ignored","damage_taken":0,"max_hp_gain":0,"max_hp_loss":0,"event_name":"Ghosts","floor":31,"gold_loss":0},{"damage_healed":0,"gold_gain":0,"player_choice":"Memory 3","damage_taken":10,"max_hp_gain":0,"max_hp_loss":0,"event_name":"SensoryStone","floor":41,"gold_loss":0},{"damage_healed":58,"gold_gain":0,"player_choice":"Heal","damage_taken":0,"max_hp_gain":0,"max_hp_loss":13,"event_name":"The Moai Head","floor":44,"gold_loss":0},{"damage_healed":0,"gold_gain":0,"player_choice":"1 cards matched","damage_taken":0,"max_hp_gain":0,"max_hp_loss":0,"event_name":"Match and Keep!","floor":47,"gold_loss":0,"cards_obtained":["Echo Form"]},{"damage_healed":0,"gold_gain":0,"player_choice":"1 cards matched","damage_taken":0,"max_hp_gain":0,"max_hp_loss":0,"event_name":"Match and Keep!","floor":47,"gold_loss":0,"cards_obtained":["Echo Form"]},{"damage_healed":0,"gold_gain":0,"player_choice":"1 cards matched","damage_taken":0,"max_hp_gain":0,"max_hp_loss":0,"event_name":"Match and Keep!","floor":47,"gold_loss":0,"cards_obtained":["Echo Form"]}],"is_beta":false,"boss_relics":[{"not_picked":["Lizard Tail","Snecko Eye"],"picked":"Orrery"},{"not_picked":["Philosopher\u0027s Stone","Runic Pyramid"],"picked":"Runic Dome"}],"items_purged_floors":[13,19,37],"is_endless":false,"potions_floor_spawned":[5,12,14,25,28,33,35,36,46],"killed_by":"Awakened One","ascension_level":20}