{"gold_per_floor":[17,35,53,203,203,229,229,264,319,319,339,351,351,368,368,443,443,457,372,402,417,430,462,462,347,371,371,388,388,22,72,72,146,146,161,161,53,1,1,1,36,56,56,56,56,56,82,95,95,95,95],"floor_reached":52,"playtime":2241,"items_purged":["Doubt","Pommel Strike"],"score":2072,"play_id":"94bab515-1fe5-4153-bde9-448b484209cc","local_time":"20190101044957","is_ascension_mode":true,"campfire_choices":[{"floor":7.0,"key":"REST"},{"floor":10.0,"key":"REST"},{"data":"Demon Form","floor":15.0,"key":"SMITH"},{"data":"Infernal Blade","floor":24.0,"key":"SMITH"},{"data":"Limit Break","floor":27.0,"key":"SMITH"},{"data":"Havoc","floor":32.0,"key":"SMITH"},{"data":"Dark Embrace","floor":40.0,"key":"SMITH"},{"floor":44,"key":"REST"},{"floor":49,"key":"REST"}],"neow_cost":"NO_GOLD","seed_source_timestamp":47013976285908,"circlet_count":0,"master_deck":["AscendersBane","Bash","Clothesline","Demon Form+1","Power Through","Whirlwind","Limit Break+1","Whirlwind","Shrug It Off","Thunderclap","Infernal Blade+1","Dark Embrace+1","Power Through","Spot Weakness","True Grit+1","Warcry+1","Sword Boomerang+1","Burning Pact","Havoc+1","Offering","Havoc+1","Sword Boomerang+1","Limit Break","Flex+1","Panacea","Battle Trance+1","Havoc+1","Sentinel","Sword Boomerang+1"],"special_seed":0,"relics":["Burning Blood","Bag of Marbles","PreservedInsect","Red Skull","Tiny Chest","Pen Nib","Pandora\u0027s Box","Dream Catcher","Red Mask","Molten Egg 2","Omamori","Oddly Smooth Stone","Black Star","Juzu Bracelet","Boot","Kunai","Anchor","Gambling Chip"],"potions_floor_usage":[51,51],"damage_taken":[{"damage":7.0,"enemies":"Jaw Worm","floor":1.0,"turns":3.0},{"damage":15.0,"enemies":"Small Slimes","floor":2.0,"turns":3.0},{"damage":7.0,"enemies":"2 Louse","floor":3.0,"turns":2.0},{"damage":38.0,"enemies":"Gremlin Nob","floor":6.0,"turns":5.0},{"damage":25.0,"enemies":"Lagavulin","floor":8.0,"turns":7.0},{"damage":13.0,"enemies":"Large Slime","floor":11.0,"turns":7.0},{"damage":2.0,"enemies":"Exordium Wildlife","floor":12.0,"turns":3.0},{"damage":0.0,"enemies":"Looter","floor":14.0,"turns":2.0},{"damage":0.0,"enemies":"Slime Boss","floor":16.0,"turns":5.0},{"damage":20.0,"enemies":"2 Thieves","floor":18.0,"turns":5.0},{"damage":0.0,"enemies":"Masked Bandits","floor":20.0,"turns":2.0},{"damage":10.0,"enemies":"Chosen","floor":21.0,"turns":5.0},{"damage":0.0,"enemies":"3 Cultists","floor":22.0,"turns":3.0},{"damage":3.0,"enemies":"Gremlin Leader","floor":23.0,"turns":5.0},{"damage":0.0,"enemies":"Snake Plant","floor":28.0,"turns":2.0},{"damage":41.0,"enemies":"Champ","floor":33.0,"turns":5.0},{"damage":27.0,"enemies":"3 Darklings","floor":35.0,"turns":4.0},{"damage":6.0,"enemies":"Giant Head","floor":41.0,"turns":4.0},{"damage":39,"enemies":"3 Shapes","floor":42,"turns":9},{"damage":23,"enemies":"Reptomancer","floor":47,"turns":3},{"damage":11,"enemies":"Maw","floor":48,"turns":3},{"damage":27,"enemies":"Awakened One","floor":50,"turns":5},{"damage":26,"enemies":"Time Eater","floor":51,"turns":4}],"seed_played":"7926718478337385881","potions_obtained":[{"floor":11.0,"key":"Energy Potion"},{"floor":12.0,"key":"SpeedPotion"},{"floor":14.0,"key":"SkillPotion"},{"floor":18.0,"key":"Energy Potion"},{"floor":21.0,"key":"AttackPotion"},{"floor":22.0,"key":"Swift Potion"},{"floor":42,"key":"Strength Potion"},{"floor":47,"key":"SteroidPotion"}],"is_trial":false,"path_per_floor":["M","M","M","?","?","E","R","E","T","R","M","M","T","M","R","B",null,"M","?","?","M","M","E","R","$","T","R","M","T","$","?","R","B",null,"M","?","$","?","?","R","E","M","T","R","$","?","E","M","R","B","B",null],"character_chosen":"IRONCLAD","items_purchased":["Burning Pact","Offering","Havoc","Sword Boomerang+1","Panacea"],"campfire_rested":4,"item_purchase_floors":[25,30,30,30,37],"current_hp_per_floor":[67,58,57,57,39,7,29,10,10,32,25,29,29,35,35,41,67,53,53,59,55,61,64,64,64,64,64,70,70,70,70,70,35,65,44,44,44,44,44,44,44,11,11,33,33,75,58,53,75,54,34],"gold":95,"neow_bonus":"TRANSFORM_TWO_CARDS","is_prod":false,"is_daily":false,"chose_seed":false,"campfire_upgraded":5,"win_rate":0,"timestamp":1546285797,"path_taken":["M","M","M","?","?","E","R","E","T","R","M","M","?","?","R","BOSS","M","?","?","M","M","E","R","?","T","R","M","?","$","?","R","BOSS","M","?","?","?","?","R","E","M","T","R","$","?","E","M","R","BOSS","BOSS"],"build_version":"2018-12-20","purchased_purges":2,"victory":true,"max_hp_per_floor":[75,75,75,75,75,75,75,75,75,75,75,75,75,75,75,75,75,75,75,75,75,75,75,75,75,75,75,75,75,75,75,75,75,75,75,75,75,75,75,75,75,75,75,75,75,75,75,75,75,75,75],"card_choices":[{"not_picked":["True Grit","Pommel Strike","Warcry"],"picked":"SKIP","floor":1.0},{"not_picked":["Cleave","Sentinel"],"picked":"Clothesline","floor":2.0},{"not_picked":["Flame Barrier","Entrench","Cleave"],"picked":"SKIP","floor":3.0},{"not_picked":["Flex","Pommel Strike"],"picked":"Demon Form","floor":6.0},{"not_picked":["Whirlwind","Dual Wield"],"picked":"Power Through","floor":8.0},{"not_picked":["Pommel Strike","Iron Wave","Searing Blow"],"picked":"SKIP","floor":11.0},{"not_picked":["Clothesline","Cleave"],"picked":"Anger","floor":12.0},{"not_picked":["Cleave","Thunderclap"],"picked":"Whirlwind","floor":14.0},{"not_picked":["Bludgeon","Impervious"],"picked":"Limit Break","floor":16.0},{"not_picked":["Clothesline","Twin Strike","Sword Boomerang"],"picked":"SKIP","floor":18.0},{"not_picked":["Metallicize","Entrench"],"picked":"True Grit+1","floor":21.0},{"not_picked":["True Grit","Armaments"],"picked":"Warcry+1","floor":22.0},{"not_picked":["Hemokinesis","True Grit"],"picked":"Sword Boomerang","floor":23.0},{"not_picked":["Clothesline+1","Twin Strike+1"],"picked":"Havoc+1","floor":28.0},{"not_picked":["Bludgeon+1","Fiend Fire+1"],"picked":"Limit Break","floor":33.0},{"not_picked":["Heavy Blade+1","Rampage+1"],"picked":"Flex+1","floor":35.0},{"not_picked":["Sword Boomerang+1","Anger+1","Havoc"],"picked":"SKIP","floor":41.0},{"not_picked":["Warcry","Fire Breathing"],"picked":"Battle Trance+1","floor":42},{"not_picked":["Pommel Strike+1","Perfected Strike+1"],"picked":"Havoc+1","floor":44},{"not_picked":["Berserk","Cleave+1"],"picked":"Sentinel","floor":47},{"not_picked":["Warcry","Rupture"],"picked":"Sword Boomerang+1","floor":48}],"player_experience":3958684,"relics_obtained":[{"floor":6.0,"key":"PreservedInsect"},{"floor":8.0,"key":"Red Skull"},{"floor":9.0,"key":"Tiny Chest"},{"floor":13.0,"key":"Pen Nib"},{"floor":20.0,"key":"Red Mask"},{"floor":23.0,"key":"Molten Egg 2"},{"floor":26.0,"key":"Omamori"},{"floor":29.0,"key":"Oddly Smooth Stone"},{"floor":41.0,"key":"Boot"},{"floor":43,"key":"Kunai"},{"floor":47,"key":"Anchor"},{"floor":47,"key":"Gambling Chip"}],"event_choices":[{"damage_healed":0.0,"max_hp_gain":0.0,"max_hp_loss":0.0,"gold_gain":150.0,"event_name":"Liars Game","player_choice":"AGREE","floor":4.0,"gold_loss":0.0,"damage_taken":0.0,"cards_obtained":["Doubt"]},{"damage_healed":0.0,"max_hp_gain":0.0,"max_hp_loss":0.0,"gold_gain":0.0,"event_name":"Scrap Ooze","player_choice":"Success","floor":5.0,"gold_loss":0.0,"damage_taken":18.0,"relics_obtained":["Bag of Marbles"]},{"damage_healed":0.0,"max_hp_gain":0.0,"max_hp_loss":0.0,"gold_gain":0.0,"event_name":"Addict","player_choice":"Obtained Relic","floor":19.0,"gold_loss":85.0,"damage_taken":0.0,"relics_obtained":["Dream Catcher"]},{"damage_healed":0.0,"max_hp_gain":0.0,"max_hp_loss":0.0,"gold_gain":0.0,"event_name":"Masked Bandits","player_choice":"Fought Bandits","floor":20.0,"gold_loss":0.0,"damage_taken":0.0},{"damage_healed":0.0,"max_hp_gain":0.0,"max_hp_loss":0.0,"gold_gain":50.0,"event_name":"Nest","player_choice":"Stole From Cult","floor":31.0,"gold_loss":0.0,"damage_taken":0.0},{"cards_removed":["Anger"],"damage_healed":0.0,"max_hp_gain":0.0,"max_hp_loss":0.0,"gold_gain":0.0,"event_name":"Purifier","player_choice":"Purged","floor":36.0,"gold_loss":0.0,"damage_taken":0.0},{"damage_healed":0.0,"max_hp_gain":0.0,"max_hp_loss":0.0,"gold_gain":0.0,"event_name":"WeMeetAgain","player_choice":"Paid Gold","floor":38.0,"gold_loss":52.0,"damage_taken":0.0,"relics_obtained":["Juzu Bracelet"]},{"cards_removed":["Whirlwind"],"damage_healed":0.0,"max_hp_gain":0.0,"max_hp_loss":0.0,"gold_gain":0.0,"event_name":"Falling","player_choice":"Removed Attack","floor":39.0,"gold_loss":0.0,"damage_taken":0.0},{"damage_healed":42,"gold_gain":0,"player_choice":"Heal","damage_taken":0,"max_hp_gain":0,"max_hp_loss":0,"event_name":"MindBloom","floor":46,"gold_loss":0,"cards_obtained":["Doubt"]}],"is_beta":false,"boss_relics":[{"not_picked":["Philosopher\u0027s Stone","Busted Crown"],"picked":"Pandora\u0027s Box"},{"not_picked":["Sozu","Snecko Eye"],"picked":"Black Star"}],"items_purged_floors":[25,30],"is_endless":false,"potions_floor_spawned":[11,12,14,18,21,22,42,47],"ascension_level":20}