{"gold_per_floor":[119,131,147,147,161,188,188,203,284,309,321,337,63,73,73,171,171,181,201,221,87,87,117,77,102,156,156],"floor_reached":27,"playtime":2919,"items_purged":["Strike_G","Strike_G"],"score":292,"play_id":"2342dc99-1d27-4964-bbc3-bff8127c7367","local_time":"20190317171719","is_ascension_mode":false,"campfire_choices":[{"data":"Backflip","floor":7.0,"key":"SMITH"},{"data":"Footwork","floor":15.0,"key":"SMITH"}],"neow_cost":"NONE","seed_source_timestamp":0,"circlet_count":0,"master_deck":["Defend_G","Defend_G","Defend_G","Defend_G","Defend_G","Strike_G+1","Strike_G","Strike_G+1","Survivor","Neutralize+1","Dash+1","Infinite Blades","Cloak And Dagger","Backflip+1","Catalyst+1","Noxious Fumes","Dagger Throw+1","Predator+1","Footwork+1","Envenom","Bane+1","Well Laid Plans","Dodge and Roll+1","Accuracy","J.A.X.","Calculated Gamble","Flying Knee+1"],"special_seed":0,"relics":["Ring of the Snake","Orichalcum","Molten Egg 2","Ginger","Sling","White Beast Statue","Whetstone","Shuriken","Bronze Scales"],"potions_floor_usage":[25],"damage_taken":[{"damage":1.0,"enemies":"Jaw Worm","floor":1.0,"turns":6.0},{"damage":0.0,"enemies":"2 Louse","floor":2.0,"turns":3.0},{"damage":1.0,"enemies":"Small Slimes","floor":3.0,"turns":3.0},{"damage":0.0,"enemies":"Red Slaver","floor":5.0,"turns":4.0},{"damage":4.0,"enemies":"3 Sentries","floor":6.0,"turns":6.0},{"damage":1.0,"enemies":"Blue Slaver","floor":8.0,"turns":4.0},{"damage":8.0,"enemies":"Gremlin Nob","floor":10.0,"turns":5.0},{"damage":0.0,"enemies":"Exordium Wildlife","floor":11.0,"turns":4.0},{"damage":0.0,"enemies":"Red Slaver","floor":12.0,"turns":3.0},{"damage":0.0,"enemies":"3 Louse","floor":14.0,"turns":3.0},{"damage":6.0,"enemies":"Hexaghost","floor":16.0,"turns":11.0},{"damage":2.0,"enemies":"Shell Parasite","floor":18.0,"turns":6.0},{"damage":6.0,"enemies":"Chosen","floor":19.0,"turns":5.0},{"damage":21.0,"enemies":"Snecko","floor":20.0,"turns":7.0},{"damage":33.0,"enemies":"Book of Stabbing","floor":23.0,"turns":6.0},{"damage":3,"enemies":"Gremlin Leader","floor":25,"turns":7},{"damage":11,"enemies":"Centurion and Healer","floor":27,"turns":1}],"seed_played":"6692751604418470368","potions_obtained":[{"floor":0.0,"key":"Weak Potion"},{"floor":0.0,"key":"Block Potion"},{"floor":0.0,"key":"Strength Potion"},{"floor":6.0,"key":"SpeedPotion"},{"floor":8.0,"key":"SpeedPotion"},{"floor":16.0,"key":"GamblersBrew"},{"floor":18.0,"key":"Energy Potion"},{"floor":19.0,"key":"Fire Potion"},{"floor":20.0,"key":"SpeedPotion"},{"floor":23.0,"key":"EssenceOfSteel"},{"floor":25,"key":"LiquidBronze"}],"is_trial":false,"path_per_floor":["M","M","M","?","M","E","R","M","T","E","M","M","$","M","R","B",null,"M","M","M","$","?","E","?","E","T","M"],"character_chosen":"THE_SILENT","items_purchased":["Sling","Accuracy"],"campfire_rested":0,"item_purchase_floors":[13,21],"current_hp_per_floor":[69,69,68,54,54,50,50,49,49,41,41,41,41,41,41,35,70,68,62,41,41,41,8,8,5,5,0],"gold":156,"neow_bonus":"THREE_SMALL_POTIONS","is_prod":false,"is_daily":false,"chose_seed":false,"campfire_upgraded":2,"win_rate":0,"timestamp":1552839439,"path_taken":["M","M","M","?","M","E","R","M","T","E","M","M","$","M","R","BOSS","M","M","M","$","?","E","?","E","T","?"],"build_version":"2019-01-23","purchased_purges":2,"victory":false,"max_hp_per_floor":[70,70,70,70,70,70,70,70,70,70,70,70,70,70,70,70,70,70,70,70,70,70,70,70,70,70,70],"card_choices":[{"not_picked":["PiercingWail","Eviscerate"],"picked":"Dash","floor":1.0},{"not_picked":["Dagger Throw","Deflect"],"picked":"Infinite Blades","floor":2.0},{"not_picked":["Dagger Throw","Flechettes"],"picked":"Cloak And Dagger","floor":3.0},{"not_picked":["Bane","Blade Dance"],"picked":"Backflip","floor":5.0},{"not_picked":["Slice","Grand Finale"],"picked":"Catalyst","floor":6.0},{"not_picked":["Blade Dance","Distraction","Sucker Punch"],"picked":"SKIP","floor":8.0},{"not_picked":["Cloak And Dagger","Die Die Die+1"],"picked":"Noxious Fumes","floor":10.0},{"not_picked":["Dash+1","Blade Dance"],"picked":"Dagger Throw+1","floor":11.0},{"not_picked":["Deflect","Masterful Stab+1"],"picked":"Predator+1","floor":12.0},{"not_picked":["Predator+1","Noxious Fumes"],"picked":"Footwork","floor":14.0},{"not_picked":["Grand Finale+1","Bullet Time"],"picked":"Envenom","floor":16.0},{"not_picked":["PiercingWail","Blur"],"picked":"Bane+1","floor":18.0},{"not_picked":["Concentrate+1","Blur"],"picked":"Well Laid Plans","floor":19.0},{"not_picked":["Deadly Poison","Dagger Throw+1"],"picked":"Dodge and Roll+1","floor":20.0},{"not_picked":["Prepared+1","Heel Hook+1"],"picked":"Calculated Gamble","floor":23.0},{"not_picked":["Backflip","Glass Knife+1"],"picked":"Flying Knee+1","floor":25}],"player_experience":373670,"relics_obtained":[{"floor":6.0,"key":"Orichalcum"},{"floor":9.0,"key":"Molten Egg 2"},{"floor":10.0,"key":"Ginger"},{"floor":23.0,"key":"Whetstone"},{"floor":25,"key":"Shuriken"},{"floor":26,"key":"Bronze Scales"}],"event_choices":[{"damage_healed":0.0,"max_hp_gain":0.0,"max_hp_loss":0.0,"gold_gain":0.0,"event_name":"Shining Light","player_choice":"Entered Light","floor":4.0,"gold_loss":0.0,"damage_taken":14.0,"cards_upgraded":["Strike_G","Strike_G"]},{"damage_healed":0.0,"max_hp_gain":0.0,"max_hp_loss":0.0,"gold_gain":0.0,"event_name":"Drug Dealer","player_choice":"Obtain J.A.X.","floor":22.0,"gold_loss":0.0,"damage_taken":0.0,"cards_obtained":["J.A.X."]},{"damage_healed":0.0,"max_hp_gain":0.0,"max_hp_loss":0.0,"gold_gain":0.0,"event_name":"Designer","player_choice":"Upgrade","floor":24.0,"gold_loss":40.0,"damage_taken":0.0,"cards_upgraded":["Catalyst"]}],"is_beta":false,"boss_relics":[{"not_picked":["Fusion Hammer","Velvet Choker"],"picked":"White Beast Statue"}],"items_purged_floors":[13,21],"is_endless":false,"potions_floor_spawned":[2,6,8,16,18,19,20,23,25],"killed_by":"Centurion and Healer","ascension_level":0}