{"gold_per_floor":[114,127,127,140,153,153,185,185,185,185,185,185,209,232,232,325,325,343,358,381,406,426,426,95,95,95,119,119,139,139,155,155,246,246,262,286,286,304,319,319,319,363,363,363,363,34,49,69,69,69,69],"floor_reached":52,"playtime":2805,"items_purged":["Strike_B","Strike_B"],"score":1805,"play_id":"f8551270-76a7-481e-8826-16172e4df668","local_time":"20190104024508","is_ascension_mode":true,"campfire_choices":[{"data":"Darkness","floor":6,"key":"SMITH"},{"data":"1","floor":8,"key":"LIFT"},{"data":"2","floor":12,"key":"LIFT"},{"data":"3","floor":15,"key":"LIFT"},{"floor":23,"key":"REST"},{"floor":30,"key":"REST"},{"floor":32,"key":"REST"},{"data":"Sunder","floor":40,"key":"SMITH"},{"floor":44,"key":"REST"},{"floor":49,"key":"REST"}],"neow_cost":"NONE","seed_source_timestamp":172926773605366,"circlet_count":0,"master_deck":["AscendersBane","Strike_B","Defend_B","Defend_B","Defend_B","Zap","Dualcast","Undo","Beam Cell","Ball Lightning","Darkness+1","Rebound+1","Compile Driver+1","Sunder+1","Rainbow+1","Hologram+1","Force Field","Streamline","Glacier+1","Echo Form","Reinforced Body+1","Hologram+1","Meteor Strike","Force Field","Recycle"],"relics":["Velvet Choker","Girya","Matryoshka","Golden Idol","Snecko Eye","Tiny Chest","The Courier","Gambling Chip","Enchiridion","Sozu","Whetstone","Bottled Tornado","Mummified Hand","War Paint"],"potions_floor_usage":[16,16,22,22,33,33,33],"damage_taken":[{"damage":2,"enemies":"Jaw Worm","floor":1,"turns":4},{"damage":4,"enemies":"2 Louse","floor":2,"turns":3},{"damage":0,"enemies":"Cultist","floor":4,"turns":4},{"damage":0,"enemies":"2 Fungi Beasts","floor":5,"turns":3},{"damage":15,"enemies":"Lagavulin","floor":7,"turns":5},{"damage":0,"enemies":"3 Louse","floor":13,"turns":2},{"damage":8,"enemies":"Blue Slaver","floor":14,"turns":2},{"damage":0,"enemies":"Slime Boss","floor":16,"turns":3},{"damage":15,"enemies":"2 Thieves","floor":18,"turns":2},{"damage":21,"enemies":"Spheric Guardian","floor":19,"turns":4},{"damage":14,"enemies":"Chosen and Byrds","floor":20,"turns":4},{"damage":3,"enemies":"Snecko","floor":21,"turns":4},{"damage":0,"enemies":"Centurion and Healer","floor":22,"turns":4},{"damage":4,"enemies":"Snake Plant","floor":27,"turns":3},{"damage":0,"enemies":"Snecko","floor":29,"turns":3},{"damage":11,"enemies":"Centurion and Healer","floor":31,"turns":4},{"damage":21,"enemies":"Champ","floor":33,"turns":11},{"damage":0,"enemies":"Orb Walker","floor":35,"turns":2},{"damage":0,"enemies":"3 Shapes","floor":36,"turns":3},{"damage":0,"enemies":"Sphere and 2 Shapes","floor":38,"turns":4},{"damage":0,"enemies":"4 Shapes","floor":39,"turns":5},{"damage":42,"enemies":"Reptomancer","floor":42,"turns":8},{"damage":0,"enemies":"Maw","floor":47,"turns":5},{"damage":14,"enemies":"Writhing Mass","floor":48,"turns":3},{"damage":4,"enemies":"Awakened One","floor":50,"turns":17},{"damage":4,"enemies":"Donu and Deca","floor":51,"turns":12}],"seed_played":"-7736725234033822332","potions_obtained":[{"floor":1,"key":"LiquidBronze"},{"floor":2,"key":"Weak Potion"},{"floor":13,"key":"Swift Potion"},{"floor":14,"key":"Swift Potion"},{"floor":19,"key":"SteroidPotion"},{"floor":20,"key":"SteroidPotion"},{"floor":27,"key":"PowerPotion"},{"floor":29,"key":"EntropicBrew"}],"is_trial":false,"path_per_floor":["M","M","?","M","M","R","E","R","T","?","?","R","M","M","R","B",null,"M","M","M","M","M","R","$","?","T","M","?","M","R","M","R","B",null,"M","M","?","M","M","R","T","E","T","R","?","$","M","M","R","B","B",null],"character_chosen":"DEFECT","items_purchased":["Force Field","Streamline","Tiny Chest","Force Field","War Paint","Recycle"],"campfire_rested":5,"item_purchase_floors":[24,24,24,46,46,46],"current_hp_per_floor":[62,58,51,51,51,51,36,36,36,36,36,36,36,28,28,28,55,40,19,5,2,2,21,21,34,34,30,9,9,28,17,36,15,52,52,52,52,52,52,52,52,10,10,29,29,29,29,15,34,30,26],"gold":69,"neow_bonus":"BOSS_RELIC","is_prod":false,"is_daily":false,"chose_seed":false,"campfire_upgraded":2,"win_rate":0,"timestamp":1546537508,"path_taken":["M","M","?","M","M","R","E","R","T","?","?","R","M","M","R","BOSS","M","M","?","M","M","R","$","?","T","M","?","M","R","M","R","BOSS","M","M","?","M","M","R","?","E","T","R","?","$","M","M","R","BOSS","BOSS"],"build_version":"2018-12-20","purchased_purges":2,"victory":true,"max_hp_per_floor":[71,71,71,71,71,71,71,71,71,64,64,64,64,64,64,64,64,64,64,64,64,64,64,64,64,64,64,64,64,64,64,64,64,64,64,64,64,64,64,64,64,64,64,64,64,64,64,64,64,64,64],"card_choices":[{"not_picked":["Steam Power","Coolheaded"],"picked":"Undo","floor":1},{"not_picked":["Go for the Eyes","Blizzard"],"picked":"Beam Cell","floor":2},{"not_picked":["Chill","Go for the Eyes"],"picked":"Ball Lightning","floor":4},{"not_picked":["Streamline","Storm"],"picked":"Darkness","floor":5},{"not_picked":["Scrape","Skim"],"picked":"Rebound","floor":7},{"not_picked":["All For One","Steam"],"picked":"Sunder","floor":13},{"not_picked":["Auto Shields","Leap","Rebound"],"picked":"SKIP","floor":14},{"not_picked":["Machine Learning","Seek"],"picked":"Rainbow","floor":16},{"not_picked":["Cold Snap","Scrape","Melter"],"picked":"SKIP","floor":18},{"not_picked":["Rip and Tear","Gash+1","Hello World"],"picked":"SKIP","floor":19},{"not_picked":["Lockon","Coolheaded"],"picked":"Hologram+1","floor":20},{"not_picked":["Beam Cell","Go for the Eyes","Genetic Algorithm+1"],"picked":"SKIP","floor":21},{"not_picked":["Barrage","Steam+1","Darkness"],"picked":"SKIP","floor":22},{"not_picked":["Stack","Redo","Coolheaded+1"],"picked":"SKIP","floor":27},{"not_picked":["Tempest","Coolheaded","Streamline"],"picked":"SKIP","floor":29},{"not_picked":["Hello World","Gash"],"picked":"Glacier+1","floor":31},{"not_picked":["Seek","Hyperbeam"],"picked":"Echo Form","floor":33},{"not_picked":["Capacitor","Stack"],"picked":"Reinforced Body","floor":35},{"not_picked":["Turbo","Ball Lightning"],"picked":"Loop","floor":36},{"not_picked":["Conserve Battery","Streamline+1","Hologram+1"],"picked":"SKIP","floor":38},{"not_picked":["Conserve Battery","Streamline+1"],"picked":"Hologram+1","floor":38},{"not_picked":["Compile Driver+1","Cold Snap","Stack"],"picked":"SKIP","floor":39},{"not_picked":["Rebound+1","Core Surge","Rip and Tear"],"picked":"SKIP","floor":42},{"not_picked":["Redo","Coolheaded+1","Turbo"],"picked":"SKIP","floor":47},{"not_picked":["Redo","Coolheaded+1","Turbo"],"picked":"SKIP","floor":47},{"not_picked":["Chaos","Cold Snap","Reprogram"],"picked":"SKIP","floor":48}],"player_experience":3992896,"relics_obtained":[{"floor":7,"key":"Girya"},{"floor":9,"key":"Matryoshka"},{"floor":26,"key":"The Courier"},{"floor":26,"key":"Gambling Chip"},{"floor":28,"key":"Enchiridion"},{"floor":41,"key":"Whetstone"},{"floor":42,"key":"Bottled Tornado"},{"floor":43,"key":"Mummified Hand"}],"event_choices":[{"cards_removed":["Defend_B"],"damage_healed":0,"gold_gain":0,"player_choice":"Card Removal","damage_taken":7,"max_hp_gain":0,"max_hp_loss":0,"event_name":"Golden Wing","floor":3,"gold_loss":0},{"damage_healed":0,"gold_gain":0,"player_choice":"Lose Max HP","damage_taken":0,"relics_obtained":["Golden Idol"],"max_hp_gain":0,"max_hp_loss":7,"event_name":"Golden Idol","floor":10,"gold_loss":0},{"damage_healed":0,"gold_gain":0,"cards_transformed":["Strike_B"],"player_choice":"Transformed","damage_taken":0,"max_hp_gain":0,"max_hp_loss":0,"event_name":"Transmorgrifier","floor":11,"gold_loss":0,"cards_obtained":["Compile Driver"]},{"damage_healed":13,"gold_gain":0,"player_choice":"Heal","damage_taken":0,"max_hp_gain":0,"max_hp_loss":0,"event_name":"The Library","floor":25,"gold_loss":0},{"damage_healed":0,"gold_gain":0,"player_choice":"Obtained Book","damage_taken":21,"max_hp_gain":0,"max_hp_loss":0,"event_name":"Cursed Tome","floor":28,"gold_loss":0},{"cards_removed":["Loop"],"damage_healed":0,"gold_gain":0,"player_choice":"Removed Power","damage_taken":0,"max_hp_gain":0,"max_hp_loss":0,"event_name":"Falling","floor":37,"gold_loss":0},{"damage_healed":0,"gold_gain":0,"player_choice":"1 cards matched","damage_taken":0,"max_hp_gain":0,"max_hp_loss":0,"event_name":"Match and Keep!","floor":45,"gold_loss":0,"cards_obtained":["Meteor Strike"]}],"is_beta":false,"boss_relics":[{"not_picked":["Eternal Feather","Empty Cage"],"picked":"Snecko Eye"},{"not_picked":["Black Star","White Beast Statue"],"picked":"Sozu"}],"items_purged_floors":[24,46],"is_endless":false,"potions_floor_spawned":[1,2,13,14,19,20,27,29,35,39],"ascension_level":20}