{"gold_per_floor":[109,124,124,144,104,129,129,144,196,210,210,210,220,235,235,311,311,324,335,335,8,8,8,19,5,53,73,73,90,90,108,108,185,185,185],"floor_reached":35,"playtime":2422,"items_purged":["Dropkick"],"score":686,"play_id":"1d0316d2-90b3-4134-8a00-72c344ea6425","local_time":"20190316210117","is_ascension_mode":true,"campfire_choices":[{"floor":7.0,"key":"REST"},{"floor":11.0,"key":"REST"},{"data":"Armaments","floor":15.0,"key":"SMITH"},{"floor":23.0,"key":"REST"},{"floor":28,"key":"REST"},{"floor":30,"key":"REST"},{"data":"Demon Form","floor":32,"key":"SMITH"}],"neow_cost":"NONE","seed_source_timestamp":0,"circlet_count":0,"master_deck":["AscendersBane","Bash","Blind+1","Ghostly Armor","Blood for Blood","Headbutt","Armaments+1","Reaper","Sword Boomerang","Flex","Evolve","Exhume","Whirlwind","Reaper","Ghostly Armor","Shrug It Off","Demon Form+1","Battle Trance+1","Impervious","Warcry","Shrug It Off","Pummel","Rage","Feel No Pain","Impervious","Sentinel","Warcry","Havoc+1","Heavy Blade","Double Tap"],"special_seed":0,"relics":["Burning Blood","Dodecahedron","Regal Pillow","Pandora\u0027s Box","Membership Card","War Paint","White Beast Statue"],"potions_floor_usage":[27,29,33,35],"damage_taken":[{"damage":11.0,"enemies":"Small Slimes","floor":1.0,"turns":4.0},{"damage":24.0,"enemies":"Jaw Worm","floor":2.0,"turns":8.0},{"damage":13.0,"enemies":"Cultist","floor":4.0,"turns":5.0},{"damage":6.0,"enemies":"Looter","floor":5.0,"turns":4.0},{"damage":32.0,"enemies":"Gremlin Nob","floor":6.0,"turns":4.0},{"damage":7.0,"enemies":"Blue Slaver","floor":8.0,"turns":4.0},{"damage":23.0,"enemies":"Gremlin Gang","floor":10.0,"turns":5.0},{"damage":19.0,"enemies":"Lots of Slimes","floor":13.0,"turns":5.0},{"damage":27.0,"enemies":"Large Slime","floor":14.0,"turns":7.0},{"damage":71.0,"enemies":"Hexaghost","floor":16.0,"turns":14.0},{"damage":56.0,"enemies":"3 Byrds","floor":18.0,"turns":6.0},{"damage":33.0,"enemies":"Shell Parasite","floor":19.0,"turns":8.0},{"damage":50.0,"enemies":"Snake Plant","floor":24.0,"turns":9.0},{"damage":20,"enemies":"Snecko","floor":27,"turns":10},{"damage":86,"enemies":"3 Cultists","floor":29,"turns":7},{"damage":28,"enemies":"Snake Plant","floor":31,"turns":6},{"damage":71,"enemies":"Automaton","floor":33,"turns":8},{"damage":72,"enemies":"3 Darklings","floor":35,"turns":5}],"seed_played":"5795486501731575383","potions_obtained":[{"floor":1.0,"key":"PowerPotion"},{"floor":2.0,"key":"Fruit Juice"},{"floor":4.0,"key":"SpeedPotion"},{"floor":13.0,"key":"BloodPotion"},{"floor":16.0,"key":"Weak Potion"},{"floor":27,"key":"Regen Potion"},{"floor":29,"key":"Ancient Potion"},{"floor":31,"key":"FearPotion"},{"floor":33,"key":"SpeedPotion"}],"is_trial":false,"path_per_floor":["M","M","?","M","M","E","R","M","T","M","R","?","M","M","R","B",null,"M","M","?","$","?","R","M","$","T","M","R","M","R","M","R","B",null,"M"],"character_chosen":"IRONCLAD","items_purchased":["Membership Card","Feel No Pain","Dexterity Potion","Havoc"],"campfire_rested":5,"item_purchase_floors":[21,21,21,25],"current_hp_per_floor":[63,50,50,43,43,17,41,46,46,34,73,73,80,63,63,24,66,37,25,25,25,25,64,34,34,34,20,59,42,80,72,72,29,67,0],"gold":185,"neow_bonus":"RANDOM_COLORLESS","is_prod":false,"is_daily":false,"chose_seed":false,"campfire_upgraded":2,"win_rate":0,"timestamp":1552737677,"path_taken":["M","M","?","M","M","E","R","M","T","M","R","?","M","M","R","BOSS","M","?","?","$","?","R","?","?","T","M","R","M","R","M","R","BOSS","M"],"build_version":"2019-01-23","purchased_purges":1,"victory":false,"max_hp_per_floor":[75,80,80,80,80,80,80,80,80,80,80,80,80,80,80,80,80,80,80,80,80,80,80,80,80,80,80,80,80,80,80,80,80,80,80],"card_choices":[{"not_picked":["Burning Pact","Cleave"],"picked":"Ghostly Armor","floor":1.0},{"not_picked":["Cleave","True Grit"],"picked":"Blood for Blood","floor":2.0},{"not_picked":["True Grit","Twin Strike"],"picked":"Headbutt","floor":4.0},{"not_picked":["Headbutt","Reckless Charge"],"picked":"Armaments","floor":5.0},{"not_picked":["Seeing Red","Carnage"],"picked":"Reaper","floor":6.0},{"not_picked":["Clothesline","Blood for Blood"],"picked":"Sword Boomerang","floor":8.0},{"not_picked":["Cleave","Iron Wave"],"picked":"Flex","floor":10.0},{"not_picked":["Flex","Cleave"],"picked":"Exhume","floor":13.0},{"not_picked":["Anger","Searing Blow"],"picked":"Whirlwind","floor":14.0},{"not_picked":["Dark Embrace","Immolate"],"picked":"Reaper","floor":16.0},{"not_picked":["Iron Wave","Reckless Charge"],"picked":"Shrug It Off","floor":18.0},{"not_picked":["Clothesline","Twin Strike"],"picked":"Pummel","floor":19.0},{"not_picked":["Perfected Strike","Anger"],"picked":"Warcry","floor":24.0},{"not_picked":["Dropkick","Pummel","Iron Wave"],"picked":"SKIP","floor":27},{"not_picked":["Sentinel","Bloodletting"],"picked":"Heavy Blade","floor":29},{"not_picked":["Fire Breathing","True Grit","Body Slam"],"picked":"SKIP","floor":31},{"not_picked":["Berserk","Bludgeon"],"picked":"Double Tap","floor":33}],"player_experience":341720,"relics_obtained":[{"floor":6.0,"key":"Dodecahedron"},{"floor":9.0,"key":"Regal Pillow"},{"floor":26.0,"key":"War Paint"}],"event_choices":[{"damage_healed":0.0,"max_hp_gain":0.0,"max_hp_loss":0.0,"gold_gain":0.0,"event_name":"Living Wall","player_choice":"Grow","floor":3.0,"gold_loss":0.0,"damage_taken":0.0,"cards_upgraded":["Blind"]},{"damage_healed":0.0,"max_hp_gain":0.0,"max_hp_loss":0.0,"gold_gain":0.0,"cards_transformed":["Strike_R"],"event_name":"Transmorgrifier","player_choice":"Transformed","floor":12.0,"gold_loss":0.0,"damage_taken":0.0,"cards_obtained":["Evolve"]},{"damage_healed":0.0,"max_hp_gain":0.0,"max_hp_loss":0.0,"gold_gain":0.0,"cards_transformed":["Perfected Strike","Dropkick"],"event_name":"Drug Dealer","player_choice":"Became Test Subject","floor":20.0,"gold_loss":0.0,"damage_taken":0.0,"cards_obtained":["Dropkick","Rage"]},{"damage_healed":0.0,"max_hp_gain":0.0,"max_hp_loss":0.0,"gold_gain":0.0,"event_name":"Match and Keep!","player_choice":"2 cards matched","floor":22.0,"gold_loss":0.0,"damage_taken":0.0,"cards_obtained":["Impervious","Sentinel"]}],"is_beta":false,"boss_relics":[{"not_picked":["Black Blood","Tiny House"],"picked":"Pandora\u0027s Box"},{"not_picked":["Empty Cage","Black Star"],"picked":"White Beast Statue"}],"items_purged_floors":[21],"is_endless":false,"potions_floor_spawned":[1,2,4,13,16,27,29,31,33],"killed_by":"3 Darklings","ascension_level":18}