{"gold_per_floor":[15,30,49,49,68,103,103,130,130,158,158,178,189,199,199,276,276,295,220,220,234,249,249,266,266,266,285,285,304,304,304,304,380,380,392,403,416,65,81,81,107,107,107,107,107,107],"floor_reached":46,"playtime":2178,"items_purged":["Strike_R"],"score":901,"play_id":"33730c4d-b642-4a13-af1a-2c6807964441","local_time":"20190318224852","is_ascension_mode":true,"campfire_choices":[{"floor":7.0,"key":"REST"},{"data":"Armaments","floor":11.0,"key":"SMITH"},{"data":"Fiend Fire","floor":15.0,"key":"SMITH"},{"data":"Limit Break","floor":23.0,"key":"SMITH"},{"data":"Flame Barrier","floor":25.0,"key":"SMITH"},{"data":"Inflame","floor":28.0,"key":"SMITH"},{"data":"Feel No Pain","floor":30.0,"key":"SMITH"},{"floor":32.0,"key":"REST"},{"floor":40.0,"key":"REST"},{"data":"Dark Embrace","floor":42,"key":"SMITH"},{"floor":44,"key":"REST"}],"neow_cost":"NO_GOLD","seed_source_timestamp":0,"circlet_count":0,"master_deck":["AscendersBane","Strike_R","Strike_R","Defend_R","Defend_R","Defend_R","Defend_R","Bash","Sword Boomerang+1","Flame Barrier+1","Dual Wield","Evolve","Immolate","Armaments+1","Spot Weakness","Fiend Fire+1","Feel No Pain+1","Limit Break+1","Sword Boomerang+1","Ghostly Armor","Shrug It Off+1","Inflame+1","Dark Embrace+1","Warcry+1","Flame Barrier","Feel No Pain","Headbutt","Headbutt"],"special_seed":0,"relics":["Burning Blood","Du-Vu Doll","Happy Flower","Meat on the Bone","Mummified Hand","Pear","Sozu","Question Card","Busted Crown","Bronze Scales","Bird Faced Urn","Molten Egg 2"],"potions_floor_usage":[],"damage_taken":[{"damage":8.0,"enemies":"2 Louse","floor":1.0,"turns":2.0},{"damage":8.0,"enemies":"Small Slimes","floor":2.0,"turns":3.0},{"damage":1.0,"enemies":"Cultist","floor":3.0,"turns":3.0},{"damage":9.0,"enemies":"Looter","floor":5.0,"turns":4.0},{"damage":35.0,"enemies":"Lagavulin","floor":6.0,"turns":6.0},{"damage":8.0,"enemies":"Gremlin Nob","floor":8.0,"turns":3.0},{"damage":15.0,"enemies":"3 Sentries","floor":10.0,"turns":6.0},{"damage":0.0,"enemies":"Lots of Slimes","floor":12.0,"turns":1.0},{"damage":11.0,"enemies":"Gremlin Gang","floor":13.0,"turns":3.0},{"damage":3.0,"enemies":"Blue Slaver","floor":14.0,"turns":3.0},{"damage":44.0,"enemies":"The Guardian","floor":16.0,"turns":13.0},{"damage":0.0,"enemies":"3 Byrds","floor":18.0,"turns":4.0},{"damage":25.0,"enemies":"Shell Parasite","floor":21.0,"turns":4.0},{"damage":22.0,"enemies":"Centurion and Healer","floor":22.0,"turns":6.0},{"damage":23.0,"enemies":"Snecko","floor":24.0,"turns":5.0},{"damage":21.0,"enemies":"Chosen and Byrds","floor":27.0,"turns":5.0},{"damage":11.0,"enemies":"Sentry and Sphere","floor":29.0,"turns":5.0},{"damage":45.0,"enemies":"Champ","floor":33.0,"turns":9.0},{"damage":47.0,"enemies":"3 Darklings","floor":35.0,"turns":6.0},{"damage":1.0,"enemies":"Orb Walker","floor":36.0,"turns":3.0},{"damage":47.0,"enemies":"3 Darklings","floor":37.0,"turns":5.0},{"damage":0.0,"enemies":"Sphere and 2 Shapes","floor":39.0,"turns":3.0},{"damage":27,"enemies":"Reptomancer","floor":41,"turns":4},{"damage":94,"enemies":"Awakened One","floor":46,"turns":6}],"seed_played":"-2801663118603699994","potions_obtained":[{"floor":5.0,"key":"SteroidPotion"},{"floor":6.0,"key":"SpeedPotion"},{"floor":8.0,"key":"FearPotion"},{"floor":10.0,"key":"BloodPotion"},{"floor":14.0,"key":"Poison Potion"},{"floor":16.0,"key":"EssenceOfSteel"}],"is_trial":false,"path_per_floor":["M","M","M","?","M","E","R","E","T","E","R","M","M","M","R","B",null,"M","?","?","M","M","R","M","R","T","M","R","M","R","?","R","B",null,"M","M","M","$","M","R","E","R","T","R","?","B"],"character_chosen":"IRONCLAD","items_purchased":["Bronze Scales","Flame Barrier","Feel No Pain"],"campfire_rested":4,"item_purchase_floors":[38,38,38],"current_hp_per_floor":[66,64,69,69,66,37,59,57,57,58,58,64,67,70,70,44,75,81,81,81,62,58,58,53,53,53,50,50,57,57,45,70,43,75,46,51,22,22,40,65,56,56,56,81,81,0],"gold":107,"neow_bonus":"ONE_RARE_RELIC","is_prod":false,"is_daily":false,"chose_seed":false,"campfire_upgraded":7,"win_rate":0,"timestamp":1552916932,"path_taken":["M","M","M","?","M","E","R","E","T","E","R","M","M","M","R","BOSS","M","?","?","M","M","R","M","R","T","?","R","M","R","?","R","BOSS","M","?","?","$","?","R","E","R","T","R","?","BOSS"],"build_version":"2019-01-23","purchased_purges":1,"victory":false,"max_hp_per_floor":[75,75,75,75,75,75,75,75,75,85,85,85,85,85,85,85,85,85,85,85,85,85,85,85,85,85,85,85,85,85,85,85,85,85,85,85,85,85,85,85,85,85,85,85,85,85],"card_choices":[{"not_picked":["Headbutt","Entrench"],"picked":"Sword Boomerang","floor":1.0},{"not_picked":["Thunderclap","Spot Weakness"],"picked":"Flame Barrier","floor":2.0},{"not_picked":["Flex","Clash"],"picked":"Dual Wield","floor":3.0},{"not_picked":["Flame Barrier","Metallicize"],"picked":"Evolve","floor":5.0},{"not_picked":["Metallicize","Dual Wield"],"picked":"Immolate","floor":6.0},{"not_picked":["Wild Strike","Thunderclap"],"picked":"Armaments","floor":8.0},{"not_picked":["Ghostly Armor","Wild Strike"],"picked":"Spot Weakness","floor":10.0},{"not_picked":["Flex","Perfected Strike"],"picked":"Fiend Fire","floor":12.0},{"not_picked":["Headbutt","Power Through"],"picked":"Feel No Pain","floor":13.0},{"not_picked":["Havoc","Sever Soul","Clash"],"picked":"SKIP","floor":14.0},{"not_picked":["Double Tap","Berserk"],"picked":"Limit Break","floor":16.0},{"not_picked":["True Grit","Headbutt"],"picked":"Sword Boomerang+1","floor":18.0},{"not_picked":["Pommel Strike","Intimidate"],"picked":"Ghostly Armor","floor":21.0},{"not_picked":["Body Slam","Intimidate","Havoc"],"picked":"SKIP","floor":22.0},{"not_picked":["Hemokinesis","Clash"],"picked":"Shrug It Off+1","floor":24.0},{"not_picked":["Dropkick","Heavy Blade","Blood for Blood"],"picked":"Inflame","floor":27.0},{"not_picked":["Combust","Dual Wield","Cleave","Dropkick"],"picked":"SKIP","floor":29.0},{"not_picked":["Feed","Juggernaut","Bludgeon"],"picked":"Dark Embrace","floor":33.0},{"not_picked":["Flex","Thunderclap"],"picked":"SKIP","floor":35.0},{"not_picked":["Dual Wield","Cleave"],"picked":"SKIP","floor":36.0},{"not_picked":["Havoc"],"picked":"Warcry+1","floor":37.0},{"not_picked":["Thunderclap"],"picked":"Headbutt","floor":39.0},{"not_picked":["Rampage+1"],"picked":"Headbutt","floor":41}],"player_experience":354921,"relics_obtained":[{"floor":6.0,"key":"Happy Flower"},{"floor":8.0,"key":"Meat on the Bone"},{"floor":9.0,"key":"Mummified Hand"},{"floor":10.0,"key":"Pear"},{"floor":26.0,"key":"Question Card"},{"floor":41,"key":"Bird Faced Urn"},{"floor":43,"key":"Molten Egg 2"}],"event_choices":[{"damage_healed":0.0,"max_hp_gain":0.0,"max_hp_loss":0.0,"gold_gain":0.0,"event_name":"Living Wall","player_choice":"Grow","floor":4.0,"gold_loss":0.0,"damage_taken":0.0,"cards_upgraded":["Sword Boomerang"]},{"cards_removed":["Strike_R"],"damage_healed":0.0,"max_hp_gain":0.0,"max_hp_loss":0.0,"gold_gain":0.0,"event_name":"Beggar","player_choice":"Gave Gold","floor":19.0,"gold_loss":75.0,"damage_taken":0.0},{"cards_removed":["Strike_R"],"damage_healed":0.0,"max_hp_gain":0.0,"max_hp_loss":0.0,"gold_gain":0.0,"event_name":"Bonfire Elementals","player_choice":"Offered Basic","floor":20.0,"gold_loss":0.0,"damage_taken":0.0},{"damage_healed":0.0,"max_hp_gain":0.0,"max_hp_loss":0.0,"gold_gain":0.0,"event_name":"Wheel of Change","player_choice":"Damaged","floor":31.0,"gold_loss":0.0,"damage_taken":12.0},{"damage_healed":0,"gold_gain":0,"player_choice":"Took Portal","damage_taken":0,"max_hp_gain":0,"max_hp_loss":0,"event_name":"SecretPortal","floor":45,"gold_loss":0}],"is_beta":false,"boss_relics":[{"not_picked":["Lizard Tail","Empty Cage"],"picked":"Sozu"},{"not_picked":["Runic Dome","Black Star"],"picked":"Busted Crown"}],"items_purged_floors":[38],"is_endless":false,"potions_floor_spawned":[5,6,8,10,14,16,18,27,29,41],"killed_by":"Awakened One","ascension_level":18}