{"gold_per_floor":[110,129,79,91,16,44,44,71,71,71,98,98,109,137,137,239,239,211,310,310,327,341,374,374,387,387,400,400,400,418,447,447,544,544,564,564,244,260,260,278,288,288,288,32,32,32,49,68,68,68],"floor_reached":51,"playtime":6997,"items_purged":["Defend_G"],"score":920,"play_id":"81f05864-b5b1-41ba-a060-c3ceeef99053","local_time":"20190322014938","is_ascension_mode":true,"campfire_choices":[{"data":"Neutralize","floor":7.0,"key":"SMITH"},{"data":"Blur","floor":12,"key":"SMITH"},{"data":"Backflip","floor":15,"key":"SMITH"},{"data":"Sucker Punch","floor":24,"key":"SMITH"},{"data":"After Image","floor":29,"key":"SMITH"},{"data":"Doppelganger","floor":32,"key":"SMITH"},{"data":"Calculated Gamble","floor":46,"key":"SMITH"},{"data":"Calculated Gamble","floor":49,"key":"SMITH"}],"neow_cost":"NONE","seed_source_timestamp":0,"circlet_count":0,"master_deck":["Defend_G+1","Survivor+1","Neutralize+1","Doppelganger+1","Flying Knee","Backflip+1","Blur+1","Sucker Punch+1","Terror","After Image+1","Prepared+1","Predator","Heel Hook","Underhanded Strike","Calculated Gamble+1","Die Die Die","Eviscerate+1","Wraith Form v2+1","Venomology+1","Infinite Blades+1","Calculated Gamble+1","Caltrops+1","Reprogram+1","Chill"],"special_seed":0,"relics":["Ring of the Snake","Mercury Hourglass","Matryoshka","War Paint","Ninja Scroll","Pantograph","Singing Bowl","Empty Cage","Boot","Vajra","Frozen Egg 2","Sundial","Ornamental Fan","Astrolabe","Anchor","PrismaticShard","Blue Candle","Kunai"],"potions_floor_usage":[8,14,23,23,25,31,33,38,38,50,50,50,50],"damage_taken":[{"damage":1.0,"enemies":"Jaw Worm","floor":1.0,"turns":4.0},{"damage":0.0,"enemies":"Small Slimes","floor":2.0,"turns":3.0},{"damage":5.0,"enemies":"Cultist","floor":4.0,"turns":4.0},{"damage":11.0,"enemies":"Gremlin Nob","floor":6.0,"turns":5.0},{"damage":20,"enemies":"Lagavulin","floor":8,"turns":8},{"damage":3,"enemies":"Gremlin Nob","floor":11,"turns":4},{"damage":4,"enemies":"Exordium Thugs","floor":13,"turns":4},{"damage":9,"enemies":"Lagavulin","floor":14,"turns":5},{"damage":0,"enemies":"The Guardian","floor":16,"turns":14},{"damage":5,"enemies":"2 Thieves","floor":18,"turns":5},{"damage":0,"enemies":"3 Byrds","floor":21,"turns":5},{"damage":0,"enemies":"Centurion and Healer","floor":22,"turns":9},{"damage":4,"enemies":"Gremlin Leader","floor":23,"turns":9},{"damage":0,"enemies":"Snake Plant","floor":25,"turns":4},{"damage":0,"enemies":"Cultist and Chosen","floor":27,"turns":4},{"damage":0,"enemies":"Chosen and Byrds","floor":30,"turns":5},{"damage":12,"enemies":"Slavers","floor":31,"turns":6},{"damage":11,"enemies":"Champ","floor":33,"turns":12},{"damage":0,"enemies":"Orb Walker","floor":35,"turns":3},{"damage":3,"enemies":"3 Darklings","floor":38,"turns":4},{"damage":0,"enemies":"Writhing Mass","floor":40,"turns":6},{"damage":0,"enemies":"Sphere and 2 Shapes","floor":41,"turns":6},{"damage":0,"enemies":"Jaw Worm Horde","floor":47,"turns":4},{"damage":0,"enemies":"3 Darklings","floor":48,"turns":6},{"damage":0,"enemies":"Awakened One","floor":50,"turns":26}],"seed_played":"2424409017324489234","potions_obtained":[{"floor":2.0,"key":"Explosive Potion"},{"floor":4.0,"key":"Ancient Potion"},{"floor":13,"key":"SteroidPotion"},{"floor":14,"key":"LiquidBronze"},{"floor":16,"key":"Ancient Potion"},{"floor":21,"key":"Dexterity Potion"},{"floor":25,"key":"SpeedPotion"},{"floor":31,"key":"LiquidBronze"},{"floor":33,"key":"GamblersBrew"},{"floor":40,"key":"GhostInAJar"},{"floor":47,"key":"Swift Potion"}],"is_trial":false,"path_per_floor":["M","M","?","M","$","E","R","E","T","?","E","R","M","E","R","B",null,"M","?","?","M","M","E","R","M","T","M","T","R","M","E","R","B",null,"M","?","$","M","?","M","M","?","T","$","?","R","M","M","R","B",null],"character_chosen":"THE_SILENT","items_purchased":["Calculated Gamble","PrismaticShard","Caltrops+1","Kunai"],"campfire_rested":0,"item_purchase_floors":[37,37,37,44],"current_hp_per_floor":[69,69,69,64,64,53,53,33,33,56,53,53,49,40,40,65,70,65,65,65,67,67,63,63,63,63,65,65,65,67,55,55,65,76,76,76,76,73,73,75,77,77,77,77,79,79,79,79,79,82],"gold":68,"neow_bonus":"TRANSFORM_CARD","is_prod":false,"is_daily":false,"chose_seed":false,"campfire_upgraded":8,"win_rate":0,"timestamp":1553215778,"path_taken":["M","M","?","M","?","E","R","E","T","?","E","R","M","E","R","BOSS","M","?","?","M","?","E","R","M","T","M","?","R","?","E","R","BOSS","M","?","$","?","?","M","M","?","T","$","?","R","M","?","R","BOSS"],"build_version":"2019-01-23","purchased_purges":1,"victory":true,"max_hp_per_floor":[70,70,70,70,70,70,70,70,70,70,70,70,70,70,70,70,70,70,70,70,72,72,72,72,72,72,74,74,74,76,76,76,76,76,76,76,76,76,76,78,80,80,80,80,82,82,82,82,82,82],"card_choices":[{"not_picked":["Underhanded Strike","Backstab"],"picked":"Flying Knee","floor":1.0},{"not_picked":["Blade Dance","Concentrate"],"picked":"Backflip","floor":2.0},{"not_picked":["Cloak And Dagger","Bane"],"picked":"Blur","floor":4.0},{"not_picked":["PiercingWail","Expertise","Setup"],"picked":"SKIP","floor":6.0},{"not_picked":["Escape Plan","Bane"],"picked":"Sucker Punch","floor":8},{"not_picked":["Deflect","Flying Knee","Acrobatics"],"picked":"SKIP","floor":11},{"not_picked":["Prepared","Deadly Poison","Bane"],"picked":"SKIP","floor":13},{"not_picked":["Dagger Throw","Endless Agony"],"picked":"Terror","floor":14},{"not_picked":["Tools of the Trade","Unload"],"picked":"After Image","floor":16},{"not_picked":["Accuracy","Endless Agony"],"picked":"Prepared+1","floor":18},{"not_picked":["Deadly Poison","Slice","Choke"],"picked":"Singing Bowl","floor":21},{"not_picked":["Deadly Poison","PiercingWail"],"picked":"Predator","floor":22},{"not_picked":["Endless Agony","Slice"],"picked":"Heel Hook","floor":23},{"not_picked":["Deflect+1","Slice"],"picked":"Underhanded Strike","floor":25},{"not_picked":["Dash+1","PiercingWail","Setup"],"picked":"Singing Bowl","floor":27},{"not_picked":["Bouncing Flask","Choke","Dodge and Roll"],"picked":"Singing Bowl","floor":30},{"not_picked":["Escape Plan","Terror"],"picked":"Calculated Gamble","floor":31},{"not_picked":["Unload","Malaise"],"picked":"Die Die Die","floor":33},{"not_picked":["Acrobatics+1","Eviscerate+1"],"picked":"Infinite Blades+1","floor":35},{"not_picked":["Undo","Entrench"],"picked":"Steam+1","floor":38},{"not_picked":["Corruption+1","Beam Cell+1","Warcry"],"picked":"Singing Bowl","floor":40},{"not_picked":["Bane+1","Cloak And Dagger","Beam Cell+1"],"picked":"Singing Bowl","floor":41},{"not_picked":["Madness","Jack Of All Trades","Forethought"],"picked":"Singing Bowl","floor":45},{"not_picked":["Warcry","Anger+1"],"picked":"Reprogram+1","floor":47},{"not_picked":["Underhanded Strike+1","Poisoned Stab+1"],"picked":"Chill","floor":48}],"player_experience":409446,"relics_obtained":[{"floor":6.0,"key":"Mercury Hourglass"},{"floor":8,"key":"Matryoshka"},{"floor":9,"key":"War Paint"},{"floor":9,"key":"Ninja Scroll"},{"floor":11,"key":"Pantograph"},{"floor":14,"key":"Singing Bowl"},{"floor":23,"key":"Boot"},{"floor":26,"key":"Vajra"},{"floor":26,"key":"Frozen Egg 2"},{"floor":28,"key":"Sundial"},{"floor":31,"key":"Ornamental Fan"},{"floor":43,"key":"Blue Candle"}],"event_choices":[{"cards_removed":["Strike_G"],"damage_healed":0.0,"max_hp_gain":0.0,"max_hp_loss":0.0,"gold_gain":0.0,"event_name":"The Cleric","player_choice":"Card Removal","floor":3.0,"gold_loss":50.0,"damage_taken":0.0},{"damage_healed":23,"gold_gain":0,"player_choice":"Banana","damage_taken":0,"max_hp_gain":0,"max_hp_loss":0,"event_name":"Big Fish","floor":10,"gold_loss":0},{"damage_healed":0,"gold_gain":99,"player_choice":"Stole From Cult","damage_taken":0,"max_hp_gain":0,"max_hp_loss":0,"event_name":"Nest","floor":19,"gold_loss":0},{"cards_removed":["Defend_G"],"damage_healed":0,"gold_gain":0,"player_choice":"Purged","damage_taken":0,"max_hp_gain":0,"max_hp_loss":0,"event_name":"Purifier","floor":20,"gold_loss":0},{"damage_healed":0,"gold_gain":0,"player_choice":"Gave Potion","damage_taken":0,"relics_obtained":["Anchor"],"max_hp_gain":0,"max_hp_loss":0,"event_name":"WeMeetAgain","floor":36,"gold_loss":0},{"damage_healed":0,"gold_gain":0,"player_choice":"Ignored","damage_taken":0,"max_hp_gain":0,"max_hp_loss":0,"event_name":"Mysterious Sphere","floor":39,"gold_loss":0},{"cards_removed":["Steam"],"damage_healed":0,"gold_gain":0,"player_choice":"Removed Skill","damage_taken":0,"max_hp_gain":0,"max_hp_loss":0,"event_name":"Falling","floor":42,"gold_loss":0},{"damage_healed":0,"gold_gain":0,"player_choice":"Memory 1","damage_taken":0,"max_hp_gain":0,"max_hp_loss":0,"event_name":"SensoryStone","floor":45,"gold_loss":0}],"is_beta":false,"boss_relics":[{"not_picked":["Runic Pyramid","Tiny House"],"picked":"Empty Cage"},{"not_picked":["HoveringKite","Philosopher\u0027s Stone"],"picked":"Astrolabe"}],"items_purged_floors":[5],"is_endless":false,"potions_floor_spawned":[2,4,13,14,16,21,25,31,33,40,47,48],"ascension_level":4}