{"gold_per_floor":[119,119,139,157,157,192,192,219,219,235,235,245,245,283,283,413,413,429,429,448,215,228,228,271,296,326,350,364,399,10,31,31,161,161,182,182,247,49,63,101,119,119,144,144,144,226,249,24,24,24],"floor_reached":51,"playtime":6557,"items_purged":["Injury","Strike_B+1","Defend_B+1","Auto Shields"],"score":812,"play_id":"4caf4db1-be50-4160-af08-1668b72a663a","local_time":"20190211135605","is_ascension_mode":false,"campfire_choices":[{"data":"Buffer","floor":7,"key":"SMITH"},{"data":"Zap","floor":15,"key":"SMITH"},{"data":"Defragment","floor":23,"key":"SMITH"},{"data":"White Noise","floor":32,"key":"SMITH"},{"floor":44,"key":"REST"},{"data":"Defragment","floor":49,"key":"SMITH"}],"neow_cost":"NONE","seed_source_timestamp":8600038097785,"circlet_count":0,"master_deck":["Strike_B+1","Strike_B+1","Defend_B+1","Defend_B+1","Defend_B+1","Zap+1","Dualcast","Barrage","Buffer+1","Glacier","Reinforced Body","Coolheaded","Buffer","Cold Snap+1","Blizzard+1","Cold Snap+1","White Noise+1","Defragment+1","Static Discharge+1","BootSequence","Loop","Cold Snap+1","Storm","Coolheaded+1","Capacitor","Conserve Battery","Madness","Madness","Self Repair+1","Hologram+1","Defragment+1"],"relics":["FrozenCore","NeowsBlessing","Shuriken","Mummified Hand","Gremlin Horn","Golden Idol","Prayer Wheel","Nuclear Battery","Pen Nib","Tiny Chest","Du-Vu Doll","Medical Kit","Unceasing Top","Sundial","Dodecahedron","Whetstone","Bottled Flame"],"potions_floor_usage":[8,16,39],"damage_taken":[{"damage":0,"enemies":"Small Slimes","floor":1,"turns":1},{"damage":0,"enemies":"Cultist","floor":3,"turns":1},{"damage":0,"enemies":"2 Louse","floor":4,"turns":1},{"damage":22,"enemies":"Lagavulin","floor":6,"turns":7},{"damage":18,"enemies":"3 Sentries","floor":8,"turns":11},{"damage":0,"enemies":"Looter","floor":10,"turns":4},{"damage":0,"enemies":"Blue Slaver","floor":12,"turns":4},{"damage":4,"enemies":"Lagavulin","floor":14,"turns":11},{"damage":31,"enemies":"The Guardian","floor":16,"turns":26},{"damage":0,"enemies":"Chosen","floor":18,"turns":8},{"damage":0,"enemies":"2 Thieves","floor":20,"turns":4},{"damage":0,"enemies":"Snake Plant","floor":22,"turns":7},{"damage":0,"enemies":"Gremlin Leader","floor":24,"turns":9},{"damage":0,"enemies":"Centurion and Healer","floor":25,"turns":7},{"damage":0,"enemies":"3 Cultists","floor":27,"turns":6},{"damage":0,"enemies":"Snecko","floor":28,"turns":5},{"damage":0,"enemies":"Slavers","floor":29,"turns":5},{"damage":0,"enemies":"Chosen and Byrds","floor":31,"turns":8},{"damage":24,"enemies":"Collector","floor":33,"turns":12},{"damage":0,"enemies":"3 Darklings","floor":35,"turns":8},{"damage":43,"enemies":"2 Orb Walkers","floor":37,"turns":7},{"damage":0,"enemies":"3 Shapes","floor":39,"turns":6},{"damage":0,"enemies":"Reptomancer","floor":40,"turns":8},{"damage":0,"enemies":"Writhing Mass","floor":41,"turns":8},{"damage":0,"enemies":"Sphere and 2 Shapes","floor":47,"turns":7},{"damage":47,"enemies":"Awakened One","floor":50,"turns":14}],"seed_played":"-6212181767176853151","potions_obtained":[{"floor":3,"key":"Regen Potion"},{"floor":10,"key":"GamblersBrew"},{"floor":12,"key":"Dexterity Potion"},{"floor":16,"key":"Explosive Potion"},{"floor":18,"key":"SkillPotion"},{"floor":27,"key":"GamblersBrew"},{"floor":33,"key":"LiquidBronze"},{"floor":39,"key":"EssenceOfSteel"},{"floor":41,"key":"Ancient Potion"}],"is_trial":false,"path_per_floor":["M","?","M","M","?","E","R","E","T","M","?","M","?","E","R","B",null,"M","?","M","$","M","R","E","M","T","M","M","E","$","M","R","B",null,"M","?","?","$","M","E","M","T","T","R","$","T","M","$","R","B",null],"character_chosen":"DEFECT","items_purchased":["White Noise","Defragment","Capacitor","Medical Kit","Regen Potion","Defragment"],"campfire_rested":1,"item_purchase_floors":[21,21,30,30,38,48],"current_hp_per_floor":[75,75,75,75,75,53,53,50,50,50,55,55,55,51,51,20,80,80,80,80,80,80,80,80,80,80,80,80,80,80,80,80,56,80,80,70,27,27,39,49,59,59,59,80,80,80,80,80,80,43],"gold":24,"neow_bonus":"THREE_ENEMY_KILL","is_prod":false,"is_daily":false,"chose_seed":false,"campfire_upgraded":5,"win_rate":0.0,"timestamp":1549860965,"path_taken":["M","?","M","?","?","E","R","E","T","M","?","M","?","E","R","BOSS","M","?","M","$","M","R","E","M","T","M","M","E","$","M","R","BOSS","M","?","?","$","M","E","M","?","T","R","$","?","M","$","R","BOSS"],"build_version":"2019-01-23","purchased_purges":4,"victory":true,"max_hp_per_floor":[75,75,75,75,75,75,75,75,75,75,80,80,80,80,80,80,80,80,80,80,80,80,80,80,80,80,80,80,80,80,80,80,80,80,80,80,80,80,80,80,80,80,80,80,80,80,80,80,80,80],"card_choices":[{"not_picked":["Leap","Streamline"],"picked":"Auto Shields","floor":1},{"not_picked":["Turbo","Rebound"],"picked":"Barrage","floor":3},{"not_picked":["Chaos","Beam Cell"],"picked":"Buffer","floor":4},{"not_picked":["Steam","Scrape","Barrage"],"picked":"SKIP","floor":6},{"not_picked":["Beam Cell","Sweeping Beam"],"picked":"Glacier","floor":8},{"not_picked":["Aggregate","Sweeping Beam","Compile Driver"],"picked":"SKIP","floor":10},{"not_picked":["Barrage","Compile Driver"],"picked":"Reinforced Body","floor":12},{"not_picked":["Creative AI","Streamline"],"picked":"Coolheaded","floor":14},{"not_picked":["Reboot","Hyperbeam"],"picked":"Buffer","floor":16},{"not_picked":["Sweeping Beam","Stack"],"picked":"Cold Snap+1","floor":18},{"not_picked":["Doom and Gloom+1","Compile Driver","Reprogram"],"picked":"SKIP","floor":18},{"not_picked":["All For One","Go for the Eyes"],"picked":"Blizzard+1","floor":20},{"not_picked":["Leap","Steam"],"picked":"Cold Snap","floor":20},{"not_picked":["Darkness","Beam Cell"],"picked":"Static Discharge+1","floor":22},{"not_picked":["Beam Cell","Lockon","Static Discharge"],"picked":"SKIP","floor":22},{"not_picked":["Cold Snap","Redo"],"picked":"BootSequence","floor":24},{"not_picked":["Sweeping Beam","Fusion"],"picked":"Loop","floor":25},{"not_picked":["Leap","Consume"],"picked":"Cold Snap","floor":25},{"not_picked":["Rebound+1","Steam"],"picked":"Storm","floor":27},{"not_picked":["Fission","Force Field","Barrage"],"picked":"SKIP","floor":27},{"not_picked":["Darkness","Turbo","Beam Cell"],"picked":"SKIP","floor":28},{"not_picked":["Compile Driver","Blizzard","Stack"],"picked":"SKIP","floor":28},{"not_picked":["Rip and Tear+1","Meteor Strike"],"picked":"Coolheaded+1","floor":29},{"not_picked":["Rebound","Leap"],"picked":"Conserve Battery","floor":31},{"not_picked":["Static Discharge","Fusion","Beam Cell"],"picked":"SKIP","floor":31},{"not_picked":["Rebound+1","Rip and Tear","Leap+1"],"picked":"SKIP","floor":35},{"not_picked":["Chaos+1","Compile Driver+1","Sweeping Beam"],"picked":"SKIP","floor":35},{"not_picked":["Fusion+1","Skim+1"],"picked":"Self Repair+1","floor":39},{"not_picked":["Melter","Lockon","Scrape+1"],"picked":"SKIP","floor":39},{"not_picked":["Ball Lightning+1","Rainbow","Aggregate"],"picked":"SKIP","floor":40},{"not_picked":["FTL+1","Leap","Force Field+1"],"picked":"SKIP","floor":41},{"not_picked":["Compile Driver","Beam Cell+1","Scrape+1"],"picked":"SKIP","floor":41},{"not_picked":["Gash","Ball Lightning+1"],"picked":"Hologram+1","floor":47},{"not_picked":["Conserve Battery+1","Compile Driver","Beam Cell+1"],"picked":"SKIP","floor":47}],"player_experience":31412,"relics_obtained":[{"floor":6,"key":"Shuriken"},{"floor":8,"key":"Mummified Hand"},{"floor":9,"key":"Gremlin Horn"},{"floor":14,"key":"Prayer Wheel"},{"floor":24,"key":"Pen Nib"},{"floor":26,"key":"Tiny Chest"},{"floor":29,"key":"Du-Vu Doll"},{"floor":37,"key":"Unceasing Top"},{"floor":40,"key":"Sundial"},{"floor":42,"key":"Dodecahedron"},{"floor":43,"key":"Whetstone"},{"floor":46,"key":"Bottled Flame"}],"event_choices":[{"cards_removed":["Strike_B"],"damage_healed":0,"gold_gain":0,"player_choice":"Offered Basic","damage_taken":0,"max_hp_gain":0,"max_hp_loss":0,"event_name":"Bonfire Elementals","floor":2,"gold_loss":0},{"damage_healed":0,"gold_gain":0,"player_choice":"Ignored","damage_taken":0,"max_hp_gain":0,"max_hp_loss":0,"event_name":"Liars Game","floor":5,"gold_loss":0},{"damage_healed":0,"gold_gain":0,"player_choice":"Donut","damage_taken":0,"max_hp_gain":5,"max_hp_loss":0,"event_name":"Big Fish","floor":11,"gold_loss":0},{"damage_healed":0,"gold_gain":0,"player_choice":"Take Wound","damage_taken":0,"relics_obtained":["Golden Idol"],"max_hp_gain":0,"max_hp_loss":0,"event_name":"Golden Idol","floor":13,"gold_loss":0,"cards_obtained":["Injury"]},{"damage_healed":0,"gold_gain":0,"player_choice":"Simplicity","damage_taken":0,"max_hp_gain":0,"max_hp_loss":0,"event_name":"Back to Basics","floor":19,"gold_loss":0,"cards_upgraded":["Strike_B","Strike_B","Strike_B","Defend_B","Defend_B","Defend_B","Defend_B"]},{"damage_healed":0,"gold_gain":0,"player_choice":"Embrace Madness","damage_taken":10,"max_hp_gain":0,"max_hp_loss":0,"event_name":"Winding Halls","floor":36,"gold_loss":0,"cards_obtained":["Madness","Madness"]},{"damage_healed":0,"gold_gain":0,"player_choice":"Fight","damage_taken":0,"max_hp_gain":0,"max_hp_loss":0,"event_name":"Mysterious Sphere","floor":37,"gold_loss":0}],"is_beta":false,"boss_relics":[{"not_picked":["Runic Pyramid","Eternal Feather"],"picked":"Nuclear Battery"},{"not_picked":["Astrolabe","Velvet Choker"],"picked":"FrozenCore"}],"items_purged_floors":[21,30,38,48],"is_endless":false,"potions_floor_spawned":[3,10,12,16,18,27,31,33,39,41],"ascension_level":0}