{"gold_per_floor":[119,137,149,160,172,172,188,188,188,188,113,137,137,162,162,236,236,255,208,483,9,29,29,63,63,63,94,94,94,94,9,9,88,88,100,100,115,135,135,135,158,158,181,181,191,205,534,554,554,554,554],"floor_reached":52,"playtime":1789,"items_purged":["Regret"],"score":1965,"play_id":"2accc59b-2760-494c-805b-e1353b1f6093","local_time":"20190307014804","is_ascension_mode":true,"campfire_choices":[{"floor":6.0,"key":"REST"},{"data":"Shockwave","floor":10.0,"key":"SMITH"},{"floor":13.0,"key":"REST"},{"data":"Seeing Red","floor":15.0,"key":"SMITH"},{"floor":23.0,"key":"REST"},{"floor":25,"key":"REST"},{"floor":28,"key":"REST"},{"data":"Bloodletting","floor":30,"key":"SMITH"},{"data":"Heavy Blade","floor":32,"key":"SMITH"},{"floor":40,"key":"REST"},{"data":"Limit Break","floor":42,"key":"SMITH"},{"floor":44,"key":"REST"},{"floor":49,"key":"REST"}],"neow_cost":"PERCENT_DAMAGE","seed_source_timestamp":1768287102342500,"circlet_count":0,"master_deck":["AscendersBane","Strike_R","Strike_R","Defend_R","Defend_R+1","Defend_R","Defend_R","Bash","Feed","Seeing Red+1","Shockwave+1","Ghostly Armor","Headbutt","Iron Wave","Clothesline","Demon Form+1","Shrug It Off+1","Brutality+1","Warcry+1","Second Wind","Rupture+1","Heavy Blade+1","Flame Barrier","Bloodletting+1","Corruption+1","Limit Break+1","Shrug It Off+1","Seeing Red+1","Disarm+1","Power Through","Armaments","Disarm+1"],"special_seed":0,"relics":["Burning Blood","Centennial Puzzle","Frozen Egg 2","Odd Mushroom","Pear","Runic Pyramid","Membership Card","Tiny Chest","Red Skull","Bottled Tornado","Pantograph","Enchiridion","Kunai","Empty Cage","Bag of Preparation","War Paint","Old Coin"],"potions_floor_usage":[24,24],"damage_taken":[{"damage":7.0,"enemies":"Cultist","floor":1.0,"turns":4.0},{"damage":14.0,"enemies":"Small Slimes","floor":2.0,"turns":4.0},{"damage":5.0,"enemies":"2 Louse","floor":3.0,"turns":2.0},{"damage":48.0,"enemies":"Large Slime","floor":4.0,"turns":13.0},{"damage":7.0,"enemies":"2 Fungi Beasts","floor":5.0,"turns":4.0},{"damage":11.0,"enemies":"Lots of Slimes","floor":7.0,"turns":3.0},{"damage":20.0,"enemies":"The Mushroom Lair","floor":12.0,"turns":5.0},{"damage":38.0,"enemies":"3 Sentries","floor":14.0,"turns":8.0},{"damage":22.0,"enemies":"The Guardian","floor":16.0,"turns":9.0},{"damage":29.0,"enemies":"Shell Parasite","floor":18.0,"turns":6.0},{"damage":28.0,"enemies":"2 Thieves","floor":19.0,"turns":5.0},{"damage":13.0,"enemies":"Snecko","floor":22.0,"turns":6.0},{"damage":48,"enemies":"Book of Stabbing","floor":24,"turns":6},{"damage":70,"enemies":"Slavers","floor":27,"turns":7},{"damage":31,"enemies":"Collector","floor":33,"turns":6},{"damage":9,"enemies":"3 Shapes","floor":35,"turns":5},{"damage":52,"enemies":"3 Darklings","floor":37,"turns":5},{"damage":36,"enemies":"Writhing Mass","floor":38,"turns":6},{"damage":7,"enemies":"Transient","floor":45,"turns":6},{"damage":10,"enemies":"Maw","floor":46,"turns":6},{"damage":7,"enemies":"Nemesis","floor":47,"turns":5},{"damage":16,"enemies":"3 Darklings","floor":48,"turns":4},{"damage":60,"enemies":"Awakened One","floor":50,"turns":10},{"damage":41,"enemies":"Time Eater","floor":51,"turns":7}],"seed_played":"7075347420635696819","potions_obtained":[{"floor":1.0,"key":"Weak Potion"},{"floor":5.0,"key":"Explosive Potion"},{"floor":7.0,"key":"Block Potion"},{"floor":12.0,"key":"Ancient Potion"},{"floor":14.0,"key":"Strength Potion"},{"floor":16.0,"key":"GamblersBrew"},{"floor":18.0,"key":"SkillPotion"},{"floor":24,"key":"Ancient Potion"},{"floor":38,"key":"SneckoOil"}],"is_trial":false,"path_per_floor":["M","M","M","M","M","R","M","T","T","R","?","?","R","E","R","B",null,"M","M","?","$","M","R","E","R","T","E","R","?","R","?","R","B",null,"M","?","M","M","?","R","T","R","T","R","M","M","E","M","R","B","B",null],"character_chosen":"IRONCLAD","items_purchased":["Membership Card","Rupture+1","Tiny Chest","Regen Potion","Heavy Blade","Flame Barrier"],"campfire_rested":8,"item_purchase_floors":[21,21,21,21,21,21],"current_hp_per_floor":[49,44,48,9,11,37,32,32,32,32,32,21,48,29,29,13,81,61,42,42,42,38,71,47,81,81,20,55,34,34,34,34,37,100,100,100,57,30,30,69,69,69,69,108,107,106,108,101,139,88,82],"gold":554,"neow_bonus":"THREE_RARE_CARDS","is_prod":false,"is_daily":false,"chose_seed":false,"campfire_upgraded":5,"win_rate":0,"timestamp":1551890884,"path_taken":["M","M","M","M","M","R","M","?","T","R","?","?","R","E","R","BOSS","M","M","?","$","?","R","E","R","T","E","R","?","R","?","R","BOSS","M","?","?","M","?","R","?","R","T","R","M","?","E","M","R","BOSS","BOSS"],"build_version":"2019-01-23","purchased_purges":1,"victory":true,"max_hp_per_floor":[75,78,81,84,87,87,87,87,87,87,87,90,90,103,103,103,103,106,109,109,109,112,112,115,115,115,118,118,118,118,118,118,121,121,124,124,127,130,130,130,130,130,130,130,130,133,136,139,139,142,146],"card_choices":[{"not_picked":["Limit Break","Bludgeon"],"picked":"Feed","floor":0.0},{"not_picked":["Wild Strike","Havoc"],"picked":"Seeing Red","floor":1.0},{"not_picked":["Body Slam","Warcry"],"picked":"Shockwave","floor":2.0},{"not_picked":["Reckless Charge","Sentinel"],"picked":"Ghostly Armor","floor":3.0},{"not_picked":["Ghostly Armor","Heavy Blade"],"picked":"Headbutt","floor":4.0},{"not_picked":["Body Slam","Entrench"],"picked":"Iron Wave","floor":5.0},{"not_picked":["Metallicize","Shrug It Off"],"picked":"Clothesline","floor":7.0},{"not_picked":["Headbutt","Shrug It Off"],"picked":"Demon Form+1","floor":12.0},{"not_picked":["Double Tap","Corruption+1"],"picked":"Shrug It Off","floor":14.0},{"not_picked":["Fiend Fire","Exhume"],"picked":"Brutality+1","floor":16.0},{"not_picked":["Flex","Shrug It Off"],"picked":"Warcry+1","floor":18.0},{"not_picked":["Corruption+1","Shrug It Off"],"picked":"Second Wind","floor":19.0},{"not_picked":["Perfected Strike","Hemokinesis+1","Pommel Strike+1"],"picked":"SKIP","floor":22.0},{"not_picked":["Perfected Strike","Cleave"],"picked":"Bloodletting","floor":24},{"not_picked":["Headbutt","Infernal Blade"],"picked":"Corruption+1","floor":27},{"not_picked":["Feed","Demon Form+1"],"picked":"Limit Break","floor":33},{"not_picked":["Perfected Strike","Fire Breathing+1"],"picked":"Shrug It Off+1","floor":35},{"not_picked":["Battle Trance","Havoc"],"picked":"Disarm+1","floor":37},{"not_picked":["Iron Wave","Havoc"],"picked":"Power Through","floor":38},{"not_picked":["Reckless Charge","Anger+1","Heavy Blade"],"picked":"SKIP","floor":45},{"not_picked":["Burning Pact","Dual Wield"],"picked":"Armaments","floor":46},{"not_picked":["Perfected Strike","Spot Weakness"],"picked":"Disarm+1","floor":47},{"not_picked":["Thunderclap","Headbutt","Sword Boomerang+1"],"picked":"SKIP","floor":48}],"player_experience":4479775,"relics_obtained":[{"floor":8.0,"key":"Centennial Puzzle"},{"floor":9.0,"key":"Frozen Egg 2"},{"floor":12.0,"key":"Odd Mushroom"},{"floor":14.0,"key":"Pear"},{"floor":24,"key":"Red Skull"},{"floor":26,"key":"Bottled Tornado"},{"floor":27,"key":"Pantograph"},{"floor":29,"key":"Enchiridion"},{"floor":41,"key":"Bag of Preparation"},{"floor":43,"key":"War Paint"},{"floor":47,"key":"Old Coin"}],"event_choices":[{"cards_removed":["Strike_R"],"damage_healed":0.0,"max_hp_gain":0.0,"max_hp_loss":0.0,"gold_gain":0.0,"event_name":"The Cleric","player_choice":"Card Removal","floor":11.0,"gold_loss":75.0,"damage_taken":0.0},{"damage_healed":0.0,"max_hp_gain":0.0,"max_hp_loss":0.0,"gold_gain":0.0,"event_name":"Mushrooms","player_choice":"Fought Mushrooms","floor":12.0,"gold_loss":0.0,"damage_taken":0.0},{"damage_healed":0.0,"max_hp_gain":0.0,"max_hp_loss":0.0,"gold_gain":275.0,"event_name":"Golden Shrine","player_choice":"Desecrate","floor":20.0,"gold_loss":0.0,"damage_taken":0.0,"cards_obtained":["Regret"]},{"damage_healed":0,"gold_gain":0,"player_choice":"Obtained Book","damage_taken":21,"max_hp_gain":0,"max_hp_loss":0,"event_name":"Cursed Tome","floor":29,"gold_loss":0},{"damage_healed":0,"gold_gain":0,"player_choice":"Obtained Relic","damage_taken":0,"relics_obtained":["Kunai"],"max_hp_gain":0,"max_hp_loss":0,"event_name":"Addict","floor":31,"gold_loss":85},{"damage_healed":0,"gold_gain":0,"player_choice":"Copied","damage_taken":0,"max_hp_gain":0,"max_hp_loss":0,"event_name":"Duplicator","floor":36,"gold_loss":0,"cards_obtained":["Seeing Red"]},{"damage_healed":0,"gold_gain":0,"player_choice":"Ignored","damage_taken":0,"max_hp_gain":0,"max_hp_loss":0,"event_name":"Tomb of Lord Red Mask","floor":39,"gold_loss":0}],"is_beta":false,"boss_relics":[{"not_picked":["Runic Cube","Black Star"],"picked":"Runic Pyramid"},{"not_picked":["Calling Bell","Coffee Dripper"],"picked":"Empty Cage"}],"items_purged_floors":[21],"is_endless":false,"potions_floor_spawned":[1,5,7,12,14,16,18,24,38,45],"ascension_level":20}