{"gold_per_floor":[115,128,144,157,157,184,204,204,204,12,12,32,66,80,80,178,178,197,122,149,49,49,75,86,86],"floor_reached":25,"playtime":1926,"items_purged":["Strike_B","Strike_B"],"score":297,"play_id":"307587eb-c008-43c5-90a0-324211f3dd5e","local_time":"20190101174316","is_ascension_mode":true,"campfire_choices":[{"data":"Defragment","floor":11,"key":"SMITH"},{"data":"Coolheaded","floor":15,"key":"SMITH"}],"neow_cost":"NONE","seed_source_timestamp":935451209300230,"circlet_count":0,"master_deck":["Strike_B","Strike_B+1","Defend_B+1","Defend_B","Zap","Dualcast","Hologram","Go for the Eyes","Leap","Chill","Conserve Battery","Coolheaded+1","Defragment+1","Consume","Cold Snap","Core Surge","White Noise","Ball Lightning","Sunder","Reinforced Body","Turbo","Glacier","Hologram","White Noise"],"relics":["Cracked Core","Blue Candle","Shuriken","Ancient Tea Set","Orrery","Red Mask","Cables"],"potions_floor_usage":[6,14,16,16,20],"damage_taken":[{"damage":0,"enemies":"Small Slimes","floor":1,"turns":2},{"damage":1,"enemies":"Jaw Worm","floor":2,"turns":4},{"damage":8,"enemies":"2 Louse","floor":3,"turns":2},{"damage":0,"enemies":"Blue Slaver","floor":4,"turns":4},{"damage":21,"enemies":"Gremlin Nob","floor":6,"turns":5},{"damage":2,"enemies":"3 Louse","floor":7,"turns":5},{"damage":2,"enemies":"Large Slime","floor":12,"turns":6},{"damage":0,"enemies":"Lagavulin","floor":13,"turns":7},{"damage":13,"enemies":"Gremlin Gang","floor":14,"turns":3},{"damage":9,"enemies":"Slime Boss","floor":16,"turns":12},{"damage":12,"enemies":"Chosen","floor":18,"turns":5},{"damage":1,"enemies":"Masked Bandits","floor":20,"turns":4},{"damage":50,"enemies":"Book of Stabbing","floor":23,"turns":9},{"damage":0,"enemies":"Shell Parasite","floor":24,"turns":8},{"damage":19,"enemies":"Slavers","floor":25,"turns":1}],"seed_played":"-1908820256249161890","potions_obtained":[{"floor":2,"key":"Dexterity Potion"},{"floor":4,"key":"Regen Potion"},{"floor":12,"key":"FocusPotion"},{"floor":14,"key":"Block Potion"},{"floor":18,"key":"EssenceOfSteel"}],"is_trial":false,"path_per_floor":["M","M","M","M","?","E","M","?","T","$","R","M","E","M","R","B",null,"M","?","?","$","?","E","M","E"],"character_chosen":"DEFECT","items_purchased":["Defragment","Consume"],"campfire_rested":0,"item_purchase_floors":[10,10],"current_hp_per_floor":[75,74,66,66,51,30,28,28,28,28,28,26,26,22,22,13,75,63,63,62,62,62,12,12,0],"gold":86,"neow_bonus":"REMOVE_CARD","is_prod":false,"is_daily":false,"chose_seed":false,"campfire_upgraded":2,"win_rate":0,"timestamp":1546382596,"path_taken":["M","M","M","M","?","E","M","?","T","$","R","M","E","M","R","BOSS","M","?","?","$","?","E","M","E"],"build_version":"2018-12-20","purchased_purges":2,"victory":false,"max_hp_per_floor":[75,75,75,75,75,75,75,75,75,75,75,75,75,75,75,75,75,75,75,75,75,75,75,75,75],"card_choices":[{"not_picked":["Streamline","Auto Shields"],"picked":"Hologram","floor":1},{"not_picked":["Streamline","Force Field"],"picked":"Go for the Eyes","floor":2},{"not_picked":["Thunder Strike","Rebound"],"picked":"Leap","floor":3},{"not_picked":["BootSequence","Coolheaded"],"picked":"Chill","floor":4},{"not_picked":["Rebound","Ball Lightning"],"picked":"Conserve Battery","floor":6},{"not_picked":["Recycle","Redo"],"picked":"Coolheaded","floor":7},{"not_picked":["Sweeping Beam","Redo","Gash"],"picked":"SKIP","floor":12},{"not_picked":["Sunder","Turbo"],"picked":"Cold Snap","floor":13},{"not_picked":["Genetic Algorithm","Go for the Eyes","Streamline"],"picked":"SKIP","floor":14},{"not_picked":["All For One","Electrodynamics"],"picked":"Core Surge","floor":16},{"not_picked":["Steam","Stack"],"picked":"White Noise","floor":17},{"not_picked":["Turbo","Rebound"],"picked":"Ball Lightning","floor":17},{"not_picked":["Steam","Rebound"],"picked":"Sunder","floor":17},{"not_picked":["Stack","Melter"],"picked":"Reinforced Body","floor":17},{"not_picked":["Leap","Storm"],"picked":"Turbo","floor":17},{"not_picked":["Doom and Gloom","Fusion","Heatsinks"],"picked":"SKIP","floor":18},{"not_picked":["Redo+1","All For One"],"picked":"Glacier","floor":20},{"not_picked":["Streamline+1","Redo+1"],"picked":"Hologram","floor":23},{"not_picked":["Undo","Gash"],"picked":"White Noise","floor":24}],"player_experience":235764,"relics_obtained":[{"floor":6,"key":"Blue Candle"},{"floor":9,"key":"Shuriken"},{"floor":13,"key":"Ancient Tea Set"},{"floor":20,"key":"Red Mask"},{"floor":23,"key":"Cables"}],"event_choices":[{"damage_healed":0,"gold_gain":0,"player_choice":"Entered Light","damage_taken":15,"max_hp_gain":0,"max_hp_loss":0,"event_name":"Shining Light","floor":5,"gold_loss":0,"cards_upgraded":["Defend_B","Strike_B"]},{"damage_healed":0,"gold_gain":0,"player_choice":"Ignored","damage_taken":0,"max_hp_gain":0,"max_hp_loss":0,"event_name":"Liars Game","floor":8,"gold_loss":0},{"cards_removed":["Defend_B"],"damage_healed":0,"gold_gain":0,"player_choice":"Gave Gold","damage_taken":0,"max_hp_gain":0,"max_hp_loss":0,"event_name":"Beggar","floor":19,"gold_loss":75},{"damage_healed":0,"gold_gain":0,"player_choice":"Fought Bandits","damage_taken":0,"max_hp_gain":0,"max_hp_loss":0,"event_name":"Masked Bandits","floor":20,"gold_loss":0},{"damage_healed":0,"gold_gain":0,"player_choice":"Ignored","damage_taken":0,"max_hp_gain":0,"max_hp_loss":0,"event_name":"Vampires","floor":22,"gold_loss":0}],"is_beta":false,"boss_relics":[{"not_picked":["Ectoplasm","White Beast Statue"],"picked":"Orrery"}],"items_purged_floors":[10,21],"is_endless":false,"potions_floor_spawned":[2,4,12,14,18],"killed_by":"Slavers","ascension_level":3}