{"gold_per_floor":[14,114,128,138,153,153,185,185,211,221,221,254,254,111,111,216,216,236,256,256,271,271,271,25,25,25,25,42,42,42,69,69,167,167,179,79,97,197,197,197,0,0,0,32,51,69,69,88,88,88,88,88,17,46,46],"floor_reached":56,"playtime":2493,"items_purged":["Strike_R","Strike_R"],"score":1228,"play_id":"4654c7f3-5346-4c53-8e78-84bb77e09a43","local_time":"20190126015923","is_ascension_mode":false,"campfire_choices":[{"data":"Metamorphosis","floor":6.0,"key":"SMITH"},{"data":"Burning Pact","floor":8.0,"key":"SMITH"},{"data":"Mayhem","floor":11.0,"key":"SMITH"},{"data":"Havoc","floor":13.0,"key":"SMITH"},{"data":"Dual Wield","floor":15.0,"key":"SMITH"},{"floor":23.0,"key":"REST"},{"data":"Shockwave","floor":30.0,"key":"SMITH"},{"data":"Evolve","floor":32.0,"key":"SMITH"},{"floor":40.0,"key":"RECALL"},{"floor":42.0,"key":"REST"},{"floor":49.0,"key":"REST"},{"floor":52.0,"key":"REST"}],"neow_cost":"NO_GOLD","seed_source_timestamp":548244762518770,"circlet_count":0,"master_deck":["Strike_R+1","Defend_R","Defend_R","Defend_R","Defend_R","Bash+1","Mayhem+1","Metamorphosis+1","Havoc+1","Carnage","Burning Pact+1","Dual Wield+1","Evolve+1","Demon Form+1","Havoc+1","Flame Barrier","Reaper","Shockwave+1","Barricade","Entrench+1","Battle Trance+1","Dual Wield+1","Burning Pact+1"],"special_seed":0,"relics":["Burning Blood","Regal Pillow","Whetstone","Anchor","White Beast Statue","Mummified Hand","Shuriken","theJungle:WildStrawberry","Champion Belt","Fusion Hammer","WingedGreaves","Meat on the Bone","TheAbacus","Ornamental Fan","Bronze Scales"],"potions_floor_usage":[55,55],"damage_taken":[{"damage":7.0,"enemies":"Cultist","floor":1.0,"turns":4.0},{"damage":8.0,"enemies":"Jaw Worm","floor":3.0,"turns":3.0},{"damage":0.0,"enemies":"Small Slimes","floor":4.0,"turns":3.0},{"damage":10.0,"enemies":"2 Fungi Beasts","floor":5.0,"turns":4.0},{"damage":6.0,"enemies":"Gremlin Nob","floor":7.0,"turns":3.0},{"damage":5.0,"enemies":"Looter","floor":10.0,"turns":3.0},{"damage":17.0,"enemies":"3 Sentries","floor":12.0,"turns":5.0},{"damage":35.0,"enemies":"Slime Boss","floor":16.0,"turns":7.0},{"damage":12.0,"enemies":"theJungle:Flameango_and_Byrd","floor":18.0,"turns":5.0},{"damage":16.0,"enemies":"theJungle:GiantWrat","floor":19.0,"turns":3.0},{"damage":38.0,"enemies":"theJungle:Lyon","floor":21.0,"turns":6.0},{"damage":37.0,"enemies":"theJungle:2_Flameangoes","floor":28.0,"turns":7.0},{"damage":84.0,"enemies":"theJungle:Cassacara","floor":31.0,"turns":8.0},{"damage":6.0,"enemies":"theJungle:QueenSpyder","floor":33.0,"turns":7.0},{"damage":10.0,"enemies":"3 Darklings","floor":35.0,"turns":5.0},{"damage":8.0,"enemies":"3 Shapes","floor":37.0,"turns":13.0},{"damage":0.0,"enemies":"Mind Bloom Boss Battle","floor":38.0,"turns":6.0},{"damage":41.0,"enemies":"Reptomancer","floor":44.0,"turns":6.0},{"damage":0.0,"enemies":"Spire Growth","floor":45.0,"turns":4.0},{"damage":2.0,"enemies":"Transient","floor":46.0,"turns":5.0},{"damage":19.0,"enemies":"Jaw Worm Horde","floor":48.0,"turns":4.0},{"damage":27.0,"enemies":"Awakened One","floor":50.0,"turns":8.0},{"damage":101.0,"enemies":"Shield and Spear","floor":54.0,"turns":9.0},{"damage":179,"enemies":"The Heart","floor":55,"turns":11}],"seed_played":"-2347698621334786080","potions_obtained":[{"floor":1.0,"key":"Block Potion"},{"floor":4.0,"key":"Strength Potion"},{"floor":10.0,"key":"Poison Potion"},{"floor":16.0,"key":"AttackPotion"},{"floor":18.0,"key":"EssenceOfSteel"},{"floor":19.0,"key":"Strength Potion"},{"floor":21.0,"key":"Energy Potion"},{"floor":33.0,"key":"BloodPotion"},{"floor":35.0,"key":"SkillPotion"},{"floor":44.0,"key":"Poison Potion"},{"floor":45.0,"key":"AttackPotion"},{"floor":46.0,"key":"Poison Potion"},{"floor":48.0,"key":"Poison Potion"},{"floor":54.0,"key":"Strength Potion"}],"is_trial":false,"path_per_floor":["M","?","M","M","M","R","E","R","T","M","R","E","R","$","R","B",null,"M","M","?","M","?","R","$","?","T","?","M","?","R","E","R","B",null,"M","$","M","?","?","R","$","R","T","E","M","M","?","M","R","B",null,"R","$","E","B",null],"character_chosen":"IRONCLAD","items_purchased":["Evolve","Mummified Hand","TheAbacus","Ancient Potion"],"campfire_rested":4,"item_purchase_floors":[14,24,41,53],"current_hp_per_floor":[79,79,77,80,76,76,76,76,76,77,77,66,66,66,66,37,80,74,64,64,36,36,75,75,75,75,75,80,73,73,87,87,87,87,83,83,87,87,87,87,87,87,87,66,82,87,87,74,87,87,87,87,87,87,87],"gold":46,"neow_bonus":"RANDOM_COLORLESS_2","is_prod":false,"is_daily":false,"chose_seed":false,"campfire_upgraded":7,"win_rate":0,"timestamp":1548435563,"path_taken":["M","?","?","M","M","R","E","R","T","M","R","E","R","$","R","BOSS","M","?","?","?","?","R","$","?","T","?","?","?","R","E","R","BOSS","M","$","M","?","?","R","$","R","T","E","?","M","?","M","R","BOSS","R","$","E","BOSS"],"build_version":"2019-01-23","purchased_purges":2,"victory":true,"max_hp_per_floor":[80,80,80,80,80,80,80,80,80,80,80,80,80,80,80,80,80,80,80,80,80,80,80,80,80,80,80,80,87,87,87,87,87,87,87,87,87,87,87,87,87,87,87,87,87,87,87,87,87,87,87,87,87,87,87],"card_choices":[{"not_picked":["Intimidate","Uppercut"],"picked":"Havoc","floor":1.0},{"not_picked":["Thunderclap","Iron Wave"],"picked":"Carnage","floor":3.0},{"not_picked":["Body Slam","Carnage","Wild Strike"],"picked":"SKIP","floor":4.0},{"not_picked":["Disarm","Corruption","Iron Wave"],"picked":"SKIP","floor":5.0},{"not_picked":["Pommel Strike","Iron Wave"],"picked":"Burning Pact","floor":7.0},{"not_picked":["Combust","Heavy Blade"],"picked":"Dual Wield","floor":10.0},{"not_picked":["Iron Wave","Barricade","Sword Boomerang"],"picked":"SKIP","floor":12.0},{"not_picked":["Exhume","Impervious"],"picked":"Demon Form","floor":16.0},{"not_picked":["Pommel Strike","Wild Strike"],"picked":"Havoc+1","floor":18.0},{"not_picked":["True Grit","Corruption"],"picked":"Flame Barrier","floor":19.0},{"not_picked":["Heavy Blade","Body Slam"],"picked":"Shockwave","floor":21.0},{"not_picked":["Second Wind+1","Heavy Blade","Anger"],"picked":"SKIP","floor":28.0},{"not_picked":["Perfected Strike+1","Double Tap","Spot Weakness"],"picked":"SKIP","floor":31.0},{"not_picked":["Double Tap","Immolate"],"picked":"Barricade","floor":33.0},{"not_picked":["Perfected Strike+1","Searing Blow+1","Headbutt+1"],"picked":"SKIP","floor":35.0},{"not_picked":["Clothesline","Blood for Blood"],"picked":"Entrench+1","floor":37.0},{"not_picked":["Perfected Strike+1","Entrench"],"picked":"Battle Trance+1","floor":38.0},{"not_picked":["Heavy Blade","Flex+1","Sword Boomerang"],"picked":"SKIP","floor":44.0},{"not_picked":["Havoc","Twin Strike+1"],"picked":"Dual Wield+1","floor":45.0},{"not_picked":["Fire Breathing","Thunderclap","Rupture+1"],"picked":"SKIP","floor":46.0},{"not_picked":["Second Wind","Body Slam+1","Sword Boomerang"],"picked":"SKIP","floor":48.0},{"not_picked":["Reaper","Clash"],"picked":"Burning Pact+1","floor":54.0}],"player_experience":4150588,"relics_obtained":[{"floor":7.0,"key":"Regal Pillow"},{"floor":9.0,"key":"Whetstone"},{"floor":12.0,"key":"Anchor"},{"floor":26.0,"key":"Shuriken"},{"floor":31.0,"key":"Champion Belt"},{"floor":38.0,"key":"WingedGreaves"},{"floor":44.0,"key":"Ornamental Fan"},{"floor":54.0,"key":"Bronze Scales"}],"event_choices":[{"damage_healed":0.0,"max_hp_gain":0.0,"max_hp_loss":0.0,"gold_gain":100.0,"event_name":"Golden Shrine","player_choice":"Pray","floor":2.0,"gold_loss":0.0,"damage_taken":0.0},{"damage_healed":0.0,"max_hp_gain":0.0,"max_hp_loss":0.0,"gold_gain":0.0,"cards_transformed":["Strike_R"],"event_name":"Transmorgrifier","player_choice":"Transformed","floor":20.0,"gold_loss":0.0,"damage_taken":0.0,"cards_obtained":["Reaper"]},{"damage_healed":0.0,"max_hp_gain":0.0,"max_hp_loss":0.0,"gold_gain":0.0,"event_name":"Accursed Blacksmith","player_choice":"Forge","floor":27.0,"gold_loss":0.0,"damage_taken":0.0,"cards_upgraded":["Demon Form"]},{"damage_healed":0.0,"max_hp_gain":0.0,"max_hp_loss":0.0,"gold_gain":0.0,"event_name":"MindBloom","player_choice":"Fight","floor":38.0,"gold_loss":0.0,"damage_taken":0.0},{"damage_healed":0.0,"max_hp_gain":0.0,"max_hp_loss":0.0,"gold_gain":0.0,"event_name":"WeMeetAgain","player_choice":"Gave Potion","floor":39.0,"gold_loss":0.0,"damage_taken":0.0,"relics_obtained":["Meat on the Bone"]},{"cards_removed":["Strike_R"],"damage_healed":0.0,"max_hp_gain":0.0,"max_hp_loss":0.0,"gold_gain":0.0,"event_name":"Falling","player_choice":"Removed Attack","floor":47.0,"gold_loss":0.0,"damage_taken":0.0}],"is_beta":false,"boss_relics":[{"not_picked":["Busted Crown","Runic Cube"],"picked":"White Beast Statue"},{"not_picked":["Snecko Eye","Lizard Tail"],"picked":"Fusion Hammer"}],"items_purged_floors":[14,36],"is_endless":false,"potions_floor_spawned":[1,4,10,16,18,19,21,28,31,33,35,37,38,44,45,46,48,54],"ascension_level":0}