{"gold_per_floor":[116,126,139,139,150,150,162,196,196,229,229,247,264,277,277,352,352,362,362,380,392,412,447,447,479,527,527,545,562,562,577,577,577],"floor_reached":33,"playtime":1102,"items_purged":[],"score":635,"play_id":"ab128de4-fccc-4a25-b4d2-90471b839b29","local_time":"20190218004541","is_ascension_mode":true,"campfire_choices":[{"data":"Infernal Blade","floor":6,"key":"SMITH"},{"data":"Armaments","floor":15,"key":"SMITH"},{"floor":24,"key":"REST"},{"floor":30,"key":"REST"},{"floor":32,"key":"REST"}],"neow_cost":"NONE","seed_source_timestamp":296509690317500,"circlet_count":0,"master_deck":["AscendersBane","Strike_R","Strike_R","Strike_R","Strike_R","Strike_R","Defend_R","Defend_R","Defend_R","Defend_R","Bash","Perfected Strike+1","Double Tap","Infernal Blade+1","Pommel Strike","True Grit","Feed","Armaments+1","Evolve","Fiend Fire","Power Through","Power Through","Spot Weakness","Perfected Strike","Anger","Thunderclap+1","True Grit","Feel No Pain"],"relics":["Burning Blood","Anchor","FossilizedHelix","Philosopher\u0027s Stone","Ginger","Ornamental Fan","Orichalcum","SsserpentHead"],"potions_floor_usage":[10,16,18,20,22,23,25,33,33],"damage_taken":[{"damage":7,"enemies":"2 Louse","floor":1,"turns":4},{"damage":10,"enemies":"Small Slimes","floor":2,"turns":3},{"damage":1,"enemies":"Cultist","floor":3,"turns":3},{"damage":12,"enemies":"3 Louse","floor":5,"turns":4},{"damage":20,"enemies":"Gremlin Gang","floor":7,"turns":5},{"damage":8,"enemies":"Gremlin Nob","floor":8,"turns":3},{"damage":20,"enemies":"Lagavulin","floor":10,"turns":6},{"damage":6,"enemies":"Blue Slaver","floor":12,"turns":4},{"damage":0,"enemies":"Red Slaver","floor":13,"turns":2},{"damage":0,"enemies":"Large Slime","floor":14,"turns":6},{"damage":54,"enemies":"Hexaghost","floor":16,"turns":9},{"damage":0,"enemies":"2 Thieves","floor":18,"turns":3},{"damage":0,"enemies":"Chosen","floor":20,"turns":3},{"damage":10,"enemies":"Centurion and Healer","floor":21,"turns":6},{"damage":22,"enemies":"Shelled Parasite and Fungi","floor":22,"turns":6},{"damage":44,"enemies":"Gremlin Leader","floor":23,"turns":8},{"damage":37,"enemies":"Book of Stabbing","floor":25,"turns":6},{"damage":18,"enemies":"Snake Plant","floor":28,"turns":3},{"damage":0,"enemies":"Centurion and Healer","floor":29,"turns":4},{"damage":15,"enemies":"Sentry and Sphere","floor":31,"turns":5},{"damage":80,"enemies":"Automaton","floor":33,"turns":10}],"seed_played":"3110358980485186531","potions_obtained":[{"floor":2,"key":"Weak Potion"},{"floor":3,"key":"EssenceOfSteel"},{"floor":10,"key":"EssenceOfSteel"},{"floor":13,"key":"LiquidBronze"},{"floor":16,"key":"SkillPotion"},{"floor":18,"key":"SneckoOil"},{"floor":20,"key":"EntropicBrew"},{"floor":23,"key":"Strength Potion"},{"floor":28,"key":"LiquidBronze"},{"floor":29,"key":"SkillPotion"}],"is_trial":false,"path_per_floor":["M","M","M","?","M","R","M","E","T","E","?","M","M","M","R","B",null,"M","?","M","M","M","E","R","E","T","?","M","M","R","M","R","B"],"character_chosen":"IRONCLAD","items_purchased":[],"campfire_rested":3,"item_purchase_floors":[],"current_hp_per_floor":[74,70,75,75,69,69,55,53,53,39,39,42,51,60,60,12,71,77,77,83,79,66,28,56,25,25,25,13,22,51,42,71,0],"gold":577,"neow_bonus":"TEN_PERCENT_HP_BONUS","is_prod":false,"is_daily":false,"chose_seed":false,"campfire_upgraded":2,"win_rate":0,"timestamp":1550418341,"path_taken":["M","M","M","?","M","R","M","E","T","E","?","M","M","M","R","BOSS","M","?","M","?","M","E","R","E","T","?","M","M","R","M","R","BOSS"],"build_version":"2019-01-23","purchased_purges":0,"victory":false,"max_hp_per_floor":[82,82,82,82,82,82,82,82,82,82,82,85,88,91,91,91,91,91,91,91,91,94,94,94,94,94,94,94,97,97,97,97,97],"card_choices":[{"not_picked":["Wild Strike","Rupture"],"picked":"Perfected Strike","floor":1},{"not_picked":["Iron Wave","Inflame"],"picked":"Carnage","floor":2},{"not_picked":["Iron Wave","Reckless Charge"],"picked":"Double Tap","floor":3},{"not_picked":["Clash","Iron Wave"],"picked":"Infernal Blade","floor":5},{"not_picked":["Dropkick","Iron Wave"],"picked":"Pommel Strike","floor":7},{"not_picked":["Sword Boomerang","Rampage"],"picked":"True Grit","floor":8},{"not_picked":["Sentinel","Armaments"],"picked":"Feed","floor":10},{"not_picked":["Dual Wield","Intimidate","Sword Boomerang"],"picked":"SKIP","floor":12},{"not_picked":["Heavy Blade","Reckless Charge"],"picked":"Armaments","floor":13},{"not_picked":["True Grit","Iron Wave"],"picked":"Evolve","floor":14},{"not_picked":["Barricade","Demon Form"],"picked":"Fiend Fire","floor":16},{"not_picked":["Havoc","Flex"],"picked":"Power Through","floor":18},{"not_picked":["Rage","Rampage"],"picked":"Spot Weakness","floor":20},{"not_picked":["Spot Weakness+1","Heavy Blade"],"picked":"Perfected Strike","floor":21},{"not_picked":["Sever Soul","Headbutt"],"picked":"Anger","floor":22},{"not_picked":["Shrug It Off","Clothesline"],"picked":"Thunderclap+1","floor":23},{"not_picked":["Bloodletting","Sever Soul","Blood for Blood"],"picked":"SKIP","floor":25},{"not_picked":["Bloodletting","Sever Soul","Blood for Blood"],"picked":"SKIP","floor":25},{"not_picked":["Shrug It Off","Armaments","Iron Wave"],"picked":"SKIP","floor":28},{"not_picked":["Fire Breathing","Body Slam"],"picked":"True Grit","floor":29},{"not_picked":["Twin Strike+1","Headbutt"],"picked":"Feel No Pain","floor":31}],"player_experience":4321334,"relics_obtained":[{"floor":8,"key":"Anchor"},{"floor":10,"key":"FossilizedHelix"},{"floor":23,"key":"Ginger"},{"floor":25,"key":"Ornamental Fan"},{"floor":26,"key":"Orichalcum"}],"event_choices":[{"damage_healed":0,"gold_gain":0,"player_choice":"Grow","damage_taken":0,"max_hp_gain":0,"max_hp_loss":0,"event_name":"Living Wall","floor":4,"gold_loss":0,"cards_upgraded":["Perfected Strike"]},{"damage_healed":0,"gold_gain":0,"player_choice":"Ignored","damage_taken":0,"max_hp_gain":0,"max_hp_loss":0,"event_name":"Liars Game","floor":11,"gold_loss":0},{"damage_healed":0,"gold_gain":0,"cards_transformed":["Carnage"],"player_choice":"Transformed","damage_taken":0,"max_hp_gain":0,"max_hp_loss":0,"event_name":"Transmorgrifier","floor":19,"gold_loss":0,"cards_obtained":["Power Through"]},{"damage_healed":0,"gold_gain":0,"player_choice":"Trade","damage_taken":0,"relics_obtained":["SsserpentHead"],"max_hp_gain":0,"max_hp_loss":0,"event_name":"FaceTrader","floor":27,"gold_loss":0}],"is_beta":false,"boss_relics":[{"not_picked":["Calling Bell","Sozu"],"picked":"Philosopher\u0027s Stone"}],"items_purged_floors":[],"is_endless":false,"potions_floor_spawned":[2,3,10,13,16,18,20,23,28,29],"killed_by":"Automaton","ascension_level":20}