{"gold_per_floor":[219,238,163,163,63,63,95,95,118,118,152,164,195,219,231,341,353,379,391,415,62,77,77,90,113,113,113,132,148,164,174,174,174],"floor_reached":33,"playtime":984,"items_purged":["Strike_B","Strike_B","Defend_B"],"score":309,"play_id":"9da0f5d5-65dd-4f9b-be96-4702ce7298a0","local_time":"20190221033221","is_ascension_mode":false,"campfire_choices":[{"data":"Zap","floor":6.0,"key":"SMITH"},{"data":"Beam Cell","floor":8.0,"key":"SMITH"},{"data":"Scrape","floor":10.0,"key":"SMITH"},{"floor":15.0,"key":"REST"},{"data":"Forethought","floor":23.0,"key":"SMITH"},{"data":"Sunder","floor":27.0,"key":"SMITH"},{"floor":32,"key":"REST"}],"neow_cost":"NONE","seed_source_timestamp":565757824268500,"circlet_count":0,"master_deck":["Strike_B","Strike_B","Defend_B","Defend_B","Zap+1","Dualcast","Scrape+1","Beam Cell+1","FTL","Steam","Self Repair","Barrage+1","Forethought+1","Sunder+1","Streamline+1","Gash"],"special_seed":0,"relics":["FrozenCore","Ancient Tea Set","Potion Belt","MawBank","Lantern","PreservedInsect"],"potions_floor_usage":[30],"damage_taken":[{"damage":7.0,"enemies":"2 Louse","floor":1.0,"turns":2.0},{"damage":10.0,"enemies":"Small Slimes","floor":2.0,"turns":3.0},{"damage":18.0,"enemies":"3 Sentries","floor":7.0,"turns":7.0},{"damage":18.0,"enemies":"Gremlin Nob","floor":11.0,"turns":3.0},{"damage":6.0,"enemies":"Jaw Worm","floor":13.0,"turns":2.0},{"damage":7.0,"enemies":"Red Slaver","floor":14.0,"turns":2.0},{"damage":0.0,"enemies":"The Guardian","floor":16.0,"turns":11.0},{"damage":0.0,"enemies":"Chosen","floor":18.0,"turns":4.0},{"damage":8.0,"enemies":"2 Thieves","floor":20.0,"turns":4.0},{"damage":19.0,"enemies":"Shelled Parasite and Fungi","floor":22.0,"turns":6.0},{"damage":17.0,"enemies":"3 Cultists","floor":24.0,"turns":6.0},{"damage":7.0,"enemies":"Centurion and Healer","floor":28.0,"turns":4.0},{"damage":14.0,"enemies":"Snake Plant","floor":29.0,"turns":4.0},{"damage":0,"enemies":"3 Cultists","floor":30,"turns":4},{"damage":11,"enemies":"Snecko","floor":31,"turns":3},{"damage":84,"enemies":"Champ","floor":33,"turns":9}],"seed_played":"-5631434240176936528","potions_obtained":[{"floor":1.0,"key":"Fire Potion"},{"floor":2.0,"key":"Swift Potion"},{"floor":13.0,"key":"PowerPotion"},{"floor":18.0,"key":"Swift Potion"},{"floor":20.0,"key":"Regen Potion"},{"floor":24.0,"key":"Swift Potion"},{"floor":29,"key":"Fire Potion"}],"is_trial":false,"path_per_floor":["M","M","$","?","$","R","E","R","T","R","E","$","M","M","R","B",null,"M","?","M","$","M","R","M","T","T","R","M","M","M","M","R","B"],"character_chosen":"DEFECT","items_purchased":["Forethought","Lantern"],"campfire_rested":2,"item_purchase_floors":[21,21],"current_hp_per_floor":[68,58,58,51,51,51,33,33,33,33,15,15,9,2,24,31,75,75,75,67,67,55,55,57,57,57,57,57,43,50,39,61,0],"gold":174,"neow_bonus":"HUNDRED_GOLD","is_prod":false,"is_daily":false,"chose_seed":false,"campfire_upgraded":5,"win_rate":0,"timestamp":1550687541,"path_taken":["M","M","$","?","$","R","E","R","T","R","E","$","M","M","R","BOSS","M","?","M","$","M","R","M","?","T","R","?","M","?","M","R","BOSS"],"build_version":"2019-01-23","purchased_purges":3,"victory":false,"max_hp_per_floor":[75,75,75,75,75,75,75,75,75,75,75,75,75,75,75,75,75,75,75,75,75,75,75,75,75,75,75,75,75,75,75,75,75],"card_choices":[{"not_picked":["Defragment","Glacier"],"picked":"Scrape","floor":1.0},{"not_picked":["Leap","Sweeping Beam","Cold Snap"],"picked":"SKIP","floor":2.0},{"not_picked":["Rebound","Glacier"],"picked":"Beam Cell","floor":7.0},{"not_picked":["Coolheaded","Steam Power"],"picked":"FTL","floor":11.0},{"not_picked":["Hello World","Redo"],"picked":"Steam","floor":13.0},{"not_picked":["Hologram","Cold Snap"],"picked":"Self Repair","floor":14.0},{"not_picked":["Scrape","Tempest"],"picked":"Barrage+1","floor":18.0},{"not_picked":["Turbo","Beam Cell","Compile Driver"],"picked":"SKIP","floor":20.0},{"not_picked":["Stack+1","Streamline+1","Redo+1"],"picked":"SKIP","floor":22.0},{"not_picked":["Glacier","Fusion+1"],"picked":"Sunder","floor":24.0},{"not_picked":["Streamline","Hello World","Compile Driver"],"picked":"SKIP","floor":28.0},{"not_picked":["Fission","Redo"],"picked":"Streamline+1","floor":29},{"not_picked":["Redo+1","Chill"],"picked":"Gash","floor":30},{"not_picked":["Sweeping Beam","FTL","Go for the Eyes"],"picked":"SKIP","floor":31}],"player_experience":4369769,"relics_obtained":[{"floor":7.0,"key":"Ancient Tea Set"},{"floor":9.0,"key":"Potion Belt"},{"floor":11.0,"key":"MawBank"},{"floor":25.0,"key":"PreservedInsect"}],"event_choices":[{"cards_removed":["Defend_B"],"damage_healed":0.0,"max_hp_gain":0.0,"max_hp_loss":0.0,"gold_gain":0.0,"event_name":"Golden Wing","player_choice":"Card Removal","floor":4.0,"gold_loss":0.0,"damage_taken":7.0},{"damage_healed":0.0,"max_hp_gain":0.0,"max_hp_loss":0.0,"gold_gain":0.0,"event_name":"Ghosts","player_choice":"Ignored","floor":19.0,"gold_loss":0.0,"damage_taken":0.0}],"is_beta":false,"boss_relics":[{"not_picked":["Calling Bell","Tiny House"],"picked":"FrozenCore"}],"items_purged_floors":[3,5,21],"is_endless":false,"potions_floor_spawned":[1,2,13,18,20,24,29],"killed_by":"Champ","ascension_level":0}