{"gold_per_floor":[114,131,144,157,169,204,204,238,238,238,238,238,238,238],"floor_reached":14,"playtime":495,"items_purged":[],"score":200,"play_id":"f5961a17-6e68-4853-ba59-df14194c0d71","local_time":"20190214012857","is_ascension_mode":true,"campfire_choices":[{"floor":7,"key":"REST"},{"floor":11,"key":"REST"},{"floor":13,"key":"REST"}],"neow_cost":"NONE","seed_source_timestamp":1233467076163200,"circlet_count":0,"master_deck":["AscendersBane","Strike_R","Strike_R","Strike_R","Strike_R","Defend_R","Defend_R","Defend_R","Defend_R","Bash","Exhume","Flex","Shrug It Off","Blood for Blood","Battle Trance","Clash","Blood for Blood","Evolve"],"relics":["Burning Blood","Strawberry","Meat on the Bone","Pear","Golden Idol"],"potions_floor_usage":[4,6,14],"damage_taken":[{"damage":11,"enemies":"2 Louse","floor":1,"turns":3},{"damage":8,"enemies":"Small Slimes","floor":2,"turns":6},{"damage":18,"enemies":"Jaw Worm","floor":3,"turns":7},{"damage":0,"enemies":"Lots of Slimes","floor":4,"turns":2},{"damage":15,"enemies":"Exordium Wildlife","floor":5,"turns":7},{"damage":24,"enemies":"Gremlin Nob","floor":6,"turns":4},{"damage":39,"enemies":"3 Sentries","floor":8,"turns":12},{"damage":62,"enemies":"Gremlin Nob","floor":14,"turns":5}],"seed_played":"3583282809732309710","potions_obtained":[{"floor":1,"key":"Explosive Potion"},{"floor":2,"key":"Ancient Potion"},{"floor":4,"key":"Weak Potion"}],"is_trial":false,"path_per_floor":["M","M","M","M","M","E","R","E","T","?","R","?","R","E"],"character_chosen":"IRONCLAD","items_purchased":[],"campfire_rested":3,"item_purchase_floors":[],"current_hp_per_floor":[63,61,49,55,46,35,59,26,36,4,31,24,51,0],"gold":238,"neow_bonus":"ONE_RANDOM_RARE_CARD","is_prod":false,"is_daily":false,"chose_seed":false,"campfire_upgraded":0,"win_rate":0,"timestamp":1550075337,"path_taken":["M","M","M","M","M","E","R","E","T","?","R","?","R","E"],"build_version":"2019-01-23","purchased_purges":0,"victory":false,"max_hp_per_floor":[75,75,75,75,75,82,82,82,92,92,92,92,92,92],"card_choices":[{"not_picked":["Bloodletting","Havoc"],"picked":"Flex","floor":1},{"not_picked":["Whirlwind","Headbutt"],"picked":"Shrug It Off","floor":2},{"not_picked":["Iron Wave","Thunderclap"],"picked":"Blood for Blood","floor":3},{"not_picked":["Infernal Blade","Sword Boomerang"],"picked":"Battle Trance","floor":4},{"not_picked":["Power Through","Rage"],"picked":"Clash","floor":5},{"not_picked":["Exhume","Disarm"],"picked":"Blood for Blood","floor":6},{"not_picked":["Clash","Shockwave"],"picked":"Evolve","floor":8}],"player_experience":4286017,"relics_obtained":[{"floor":6,"key":"Strawberry"},{"floor":8,"key":"Meat on the Bone"},{"floor":9,"key":"Pear"}],"event_choices":[{"damage_healed":0,"gold_gain":0,"player_choice":"Take Damage","damage_taken":32,"relics_obtained":["Golden Idol"],"max_hp_gain":0,"max_hp_loss":0,"event_name":"Golden Idol","floor":10,"gold_loss":0},{"cards_removed":["Strike_R"],"damage_healed":0,"gold_gain":0,"player_choice":"Card Removal","damage_taken":7,"max_hp_gain":0,"max_hp_loss":0,"event_name":"Golden Wing","floor":12,"gold_loss":0}],"is_beta":false,"boss_relics":[],"items_purged_floors":[],"is_endless":false,"potions_floor_spawned":[1,2,4],"killed_by":"Gremlin Nob","ascension_level":20}