{"gold_per_floor":[114,128,128,141,161,196,196,224,224,235,235,235,160,194,194,265,265,285,210,210,210,225,225,241,253,253,271,196,196,206,106,106,106],"floor_reached":33,"playtime":1037,"items_purged":["Strike_G","Strike_G"],"score":634,"play_id":"87e27075-cff9-4226-8d51-51e922b4f108","local_time":"20190302015449","is_ascension_mode":true,"campfire_choices":[{"floor":7.0,"key":"REST"},{"floor":11.0,"key":"REST"},{"data":"Well Laid Plans","floor":15.0,"key":"SMITH"},{"data":"Tactician","floor":23.0,"key":"SMITH"},{"floor":32.0,"key":"REST"}],"neow_cost":"NONE","seed_source_timestamp":1337379519933000,"circlet_count":0,"master_deck":["AscendersBane","Defend_G","Defend_G","Defend_G","Survivor","Neutralize","Poisoned Stab","Quick Slash","Dagger Spray","Finisher","Dash","Leg Sweep","Terror","Quick Slash","Well Laid Plans+1","Grand Finale","Tactician+1","Footwork","Acrobatics"],"special_seed":0,"relics":["Ring of the Snake","Strawberry","Question Card","Unceasing Top","Thread and Needle","Empty Cage","Incense Burner"],"potions_floor_usage":[],"damage_taken":[{"damage":0.0,"enemies":"Cultist","floor":1.0,"turns":4.0},{"damage":0.0,"enemies":"2 Louse","floor":2.0,"turns":3.0},{"damage":0.0,"enemies":"Small Slimes","floor":4.0,"turns":2.0},{"damage":0.0,"enemies":"2 Fungi Beasts","floor":5.0,"turns":3.0},{"damage":42.0,"enemies":"Lagavulin","floor":6.0,"turns":7.0},{"damage":29.0,"enemies":"Gremlin Nob","floor":8.0,"turns":6.0},{"damage":10.0,"enemies":"Red Slaver","floor":10.0,"turns":5.0},{"damage":22.0,"enemies":"3 Sentries","floor":14.0,"turns":9.0},{"damage":0.0,"enemies":"The Guardian","floor":16.0,"turns":10.0},{"damage":10.0,"enemies":"Shell Parasite","floor":18.0,"turns":3.0},{"damage":4.0,"enemies":"3 Byrds","floor":22.0,"turns":3.0},{"damage":0.0,"enemies":"Snake Plant","floor":24.0,"turns":3.0},{"damage":36.0,"enemies":"Sentry and Sphere","floor":25.0,"turns":10.0},{"damage":0.0,"enemies":"Centurion and Healer","floor":27.0,"turns":5.0},{"damage":2.0,"enemies":"Snecko","floor":30.0,"turns":5.0},{"damage":0,"enemies":"Automaton","floor":33,"turns":3}],"seed_played":"-3697590086106207337","potions_obtained":[{"floor":1.0,"key":"GhostInAJar"},{"floor":2.0,"key":"Swift Potion"},{"floor":6.0,"key":"Dexterity Potion"},{"floor":21.0,"key":"EntropicBrew"},{"floor":21.0,"key":"Explosive Potion"},{"floor":22.0,"key":"SkillPotion"},{"floor":25.0,"key":"LiquidBronze"},{"floor":27.0,"key":"PowerPotion"}],"is_trial":false,"path_per_floor":["M","M","?","M","M","E","R","E","T","M","R","?","?","E","R","B",null,"M","$","?","?","M","R","M","M","T","M","?","?","M","$","R","B"],"character_chosen":"THE_SILENT","items_purchased":[],"campfire_rested":3,"item_purchase_floors":[],"current_hp_per_floor":[65,65,70,70,70,35,60,31,31,21,46,46,46,24,24,24,69,59,59,59,59,55,55,55,19,19,19,19,19,17,17,42,42],"gold":106,"neow_bonus":"TEN_PERCENT_HP_BONUS","is_prod":false,"is_daily":false,"chose_seed":false,"campfire_upgraded":2,"win_rate":0,"timestamp":1551459289,"path_taken":["M","M","?","M","M","E","R","E","T","M","R","?","?","E","R","BOSS","M","$","?","?","?","R","M","?","T","M","?","?","M","$","R","BOSS"],"build_version":"2019-01-23","purchased_purges":2,"victory":false,"max_hp_per_floor":[72,72,77,77,77,84,84,84,84,84,84,84,84,84,84,84,84,84,84,84,84,84,84,84,84,84,84,84,84,84,84,84,84],"card_choices":[{"not_picked":["Flechettes","Finisher"],"picked":"Poisoned Stab","floor":1.0},{"not_picked":["Prepared","Blade Dance"],"picked":"Quick Slash","floor":2.0},{"not_picked":["Leg Sweep","Underhanded Strike"],"picked":"Dagger Spray","floor":4.0},{"not_picked":["Distraction","PiercingWail"],"picked":"Finisher","floor":5.0},{"not_picked":["All Out Attack","Dagger Spray"],"picked":"Dash","floor":6.0},{"not_picked":["Outmaneuver","Prepared"],"picked":"Leg Sweep","floor":8.0},{"not_picked":["Outmaneuver","Quick Slash","Prepared"],"picked":"Terror","floor":10.0},{"not_picked":["Reflex","Slice","Dodge and Roll"],"picked":"Well Laid Plans","floor":14.0},{"not_picked":["Malaise","Unload","Burst"],"picked":"Grand Finale","floor":16.0},{"not_picked":["All Out Attack","Dodge and Roll","Quick Slash","Sucker Punch"],"picked":"SKIP","floor":18.0},{"not_picked":["Leg Sweep+1","Infinite Blades+1","Endless Agony"],"picked":"Tactician","floor":22.0},{"not_picked":["Flechettes","Crippling Poison","PiercingWail"],"picked":"Footwork","floor":24.0},{"not_picked":["All Out Attack","Bouncing Flask","Eviscerate"],"picked":"Acrobatics","floor":25.0},{"not_picked":["Deflect","Outmaneuver+1","Blade Dance","Malaise"],"picked":"SKIP","floor":27.0},{"not_picked":["Distraction","Cloak And Dagger","Infinite Blades","Dodge and Roll"],"picked":"SKIP","floor":30.0}],"player_experience":4444554,"relics_obtained":[{"floor":6.0,"key":"Strawberry"},{"floor":8.0,"key":"Question Card"},{"floor":9.0,"key":"Unceasing Top"},{"floor":14.0,"key":"Thread and Needle"},{"floor":26.0,"key":"Incense Burner"}],"event_choices":[{"damage_healed":0.0,"max_hp_gain":5.0,"max_hp_loss":0.0,"gold_gain":0.0,"event_name":"Big Fish","player_choice":"Donut","floor":3.0,"gold_loss":0.0,"damage_taken":0.0},{"damage_healed":0.0,"max_hp_gain":0.0,"max_hp_loss":0.0,"gold_gain":0.0,"cards_transformed":["Strike_G"],"event_name":"Living Wall","player_choice":"Change","floor":12.0,"gold_loss":0.0,"damage_taken":0.0,"cards_obtained":["Quick Slash"]},{"cards_removed":["Defend_G"],"damage_healed":0.0,"max_hp_gain":0.0,"max_hp_loss":0.0,"gold_gain":0.0,"event_name":"The Cleric","player_choice":"Card Removal","floor":13.0,"gold_loss":75.0,"damage_taken":0.0},{"damage_healed":0.0,"max_hp_gain":0.0,"max_hp_loss":0.0,"gold_gain":0.0,"event_name":"Vampires","player_choice":"Ignored","floor":20.0,"gold_loss":0.0,"damage_taken":0.0},{"damage_healed":0.0,"max_hp_gain":0.0,"max_hp_loss":0.0,"gold_gain":0.0,"event_name":"Lab","player_choice":"Got Potions","floor":21.0,"gold_loss":0.0,"damage_taken":0.0},{"cards_removed":["Defend_G"],"damage_healed":0.0,"max_hp_gain":0.0,"max_hp_loss":0.0,"gold_gain":0.0,"event_name":"Beggar","player_choice":"Gave Gold","floor":28.0,"gold_loss":75.0,"damage_taken":0.0},{"damage_healed":0.0,"max_hp_gain":0.0,"max_hp_loss":0.0,"gold_gain":0.0,"event_name":"The Mausoleum","player_choice":"Ignored","floor":29.0,"gold_loss":0.0,"damage_taken":0.0}],"is_beta":false,"boss_relics":[{"not_picked":["Black Star","Cursed Key"],"picked":"Empty Cage"}],"items_purged_floors":[19,31],"is_endless":false,"potions_floor_spawned":[1,2,6,22,25,27],"killed_by":"Automaton","ascension_level":20}