{"gold_per_floor":[118,118,54,70,70,70,86,86,86,57,74,85,85,119,119,119],"floor_reached":16,"playtime":472,"items_purged":[],"score":200,"play_id":"d820ecff-485c-438a-b9fc-be574b36efec","local_time":"20190321173158","is_ascension_mode":true,"campfire_choices":[{"data":"Zap","floor":6,"key":"SMITH"},{"data":"Dualcast","floor":8,"key":"SMITH"},{"data":"Streamline","floor":15,"key":"SMITH"}],"neow_cost":"NONE","seed_source_timestamp":226260595796332,"circlet_count":0,"master_deck":["AscendersBane","Strike_B","Strike_B","Strike_B","Strike_B","Defend_B","Defend_B","Defend_B","Defend_B","Zap+1","Dualcast+1","Doom and Gloom+1","Cold Snap","FTL","Coolheaded","Undo","Streamline+1","Chill"],"relics":["Cracked Core","Mummified Hand","Golden Idol","Darkstone Periapt"],"potions_floor_usage":[12,14],"damage_taken":[{"damage":7,"enemies":"Small Slimes","floor":1,"turns":3},{"damage":9,"enemies":"Jaw Worm","floor":4,"turns":3},{"damage":2,"enemies":"2 Louse","floor":7,"turns":2},{"damage":2,"enemies":"Looter","floor":11,"turns":3},{"damage":0,"enemies":"2 Fungi Beasts","floor":12,"turns":2},{"damage":4,"enemies":"Gremlin Nob","floor":14,"turns":3},{"damage":40,"enemies":"Hexaghost","floor":16,"turns":10}],"seed_played":"-7406938163410828586","potions_obtained":[{"floor":0,"key":"FocusPotion"},{"floor":0,"key":"Energy Potion"},{"floor":4,"key":"PowerPotion"},{"floor":14,"key":"Fire Potion"}],"is_trial":false,"path_per_floor":["M","?","?","M","?","R","M","R","T","$","M","M","?","E","R","B"],"character_chosen":"DEFECT","items_purchased":["Coolheaded"],"campfire_rested":0,"item_purchase_floors":[10],"current_hp_per_floor":[57,57,57,48,48,48,46,46,46,46,44,44,44,40,40,0],"gold":119,"neow_bonus":"THREE_SMALL_POTIONS","is_prod":false,"is_daily":false,"chose_seed":false,"campfire_upgraded":3,"win_rate":0,"timestamp":1553157118,"path_taken":["M","?","?","M","?","R","M","R","T","?","M","M","?","E","R","BOSS"],"build_version":"2019-01-23","purchased_purges":0,"victory":false,"max_hp_per_floor":[71,71,71,71,71,71,71,71,71,71,71,71,64,64,64,64],"card_choices":[{"not_picked":["Consume","Coolheaded"],"picked":"Doom and Gloom","floor":1},{"not_picked":["Go for the Eyes","Steam"],"picked":"Cold Snap","floor":4},{"not_picked":["Lockon","Static Discharge"],"picked":"FTL","floor":7},{"not_picked":["Fusion","Redo"],"picked":"Undo","floor":11},{"not_picked":["Reprogram","Stack"],"picked":"Streamline","floor":12},{"not_picked":["Turbo","Blizzard"],"picked":"Chill","floor":14}],"player_experience":763203,"relics_obtained":[{"floor":9,"key":"Mummified Hand"},{"floor":14,"key":"Darkstone Periapt"}],"event_choices":[{"damage_healed":0,"gold_gain":0,"player_choice":"Grow","damage_taken":0,"max_hp_gain":0,"max_hp_loss":0,"event_name":"Living Wall","floor":2,"gold_loss":0,"cards_upgraded":["Doom and Gloom"]},{"damage_healed":0,"gold_gain":0,"player_choice":"Left Gold","damage_taken":0,"max_hp_gain":0,"max_hp_loss":0,"event_name":"World of Goop","floor":3,"gold_loss":64},{"damage_healed":0,"gold_gain":0,"player_choice":"Ignored","damage_taken":0,"max_hp_gain":0,"max_hp_loss":0,"event_name":"Liars Game","floor":5,"gold_loss":0},{"damage_healed":0,"gold_gain":0,"player_choice":"Lose Max HP","damage_taken":0,"relics_obtained":["Golden Idol"],"max_hp_gain":0,"max_hp_loss":7,"event_name":"Golden Idol","floor":13,"gold_loss":0}],"is_beta":false,"boss_relics":[],"items_purged_floors":[],"is_endless":false,"potions_floor_spawned":[1,4,11,14],"killed_by":"Hexaghost","ascension_level":20}