{"gold_per_floor":[114,114,130,149,161,161,191,202,202,228,228,247,186,215,215,292,292,305,220,580,599,3,3,16,35,35,35,55,68,97,97,97,97],"floor_reached":33,"playtime":1284,"items_purged":[],"score":603,"play_id":"f9bf5f79-c3df-4cca-8df9-9ef3ec5a5c57","local_time":"20190313002844","is_ascension_mode":true,"campfire_choices":[{"data":"Dagger Spray","floor":6,"key":"SMITH"},{"data":"Phantasmal Killer","floor":11,"key":"SMITH"},{"data":"Cloak And Dagger","floor":15,"key":"SMITH"},{"floor":23,"key":"REST"},{"data":"A Thousand Cuts","floor":27,"key":"SMITH"},{"floor":32,"key":"REST"}],"neow_cost":"NONE","seed_source_timestamp":455980055074600,"circlet_count":0,"master_deck":["AscendersBane","Defend_G","Defend_G","Defend_G","Defend_G","Strike_G","Strike_G","Survivor","Neutralize","Sucker Punch","Dagger Spray+1","Dodge and Roll","Dash","Phantasmal Killer+1","Quick Slash","Die Die Die","Cloak And Dagger+1","Finisher","A Thousand Cuts+1","Dodge and Roll+1","Dagger Spray+1","Glass Knife+1","Backflip","Footwork","PiercingWail+1","Blade Dance+1","Backflip+1","Malaise+1","Writhe"],"relics":["Ring of the Snake","Art of War","Darkstone Periapt","Torii","Pantograph","Mango","Astrolabe","Oddly Smooth Stone","Toxic Egg 2","Meat on the Bone","Ninja Scroll","Juzu Bracelet","Frozen Egg 2"],"potions_floor_usage":[10,10,14,24,28,29],"damage_taken":[{"damage":1,"enemies":"2 Louse","floor":1,"turns":4},{"damage":0,"enemies":"Cultist","floor":3,"turns":4},{"damage":3,"enemies":"Jaw Worm","floor":4,"turns":4},{"damage":7,"enemies":"2 Fungi Beasts","floor":5,"turns":4},{"damage":27,"enemies":"3 Sentries","floor":7,"turns":8},{"damage":1,"enemies":"Blue Slaver","floor":8,"turns":4},{"damage":7,"enemies":"Lagavulin","floor":10,"turns":6},{"damage":0,"enemies":"Lots of Slimes","floor":12,"turns":1},{"damage":2,"enemies":"3 Sentries","floor":14,"turns":6},{"damage":20,"enemies":"Hexaghost","floor":16,"turns":11},{"damage":2,"enemies":"3 Byrds","floor":18,"turns":3},{"damage":11,"enemies":"Chosen","floor":21,"turns":4},{"damage":2,"enemies":"Snecko","floor":24,"turns":6},{"damage":42,"enemies":"Cultist and Chosen","floor":25,"turns":7},{"damage":8,"enemies":"Shelled Parasite and Fungi","floor":28,"turns":7},{"damage":23,"enemies":"Snecko","floor":29,"turns":5},{"damage":9,"enemies":"Book of Stabbing","floor":30,"turns":6},{"damage":78,"enemies":"Collector","floor":33,"turns":8}],"seed_played":"4534975354567246769","potions_obtained":[{"floor":3,"key":"PowerPotion"},{"floor":7,"key":"Energy Potion"},{"floor":10,"key":"Regen Potion"},{"floor":21,"key":"Weak Potion"},{"floor":25,"key":"Weak Potion"},{"floor":28,"key":"Energy Potion"}],"is_trial":false,"path_per_floor":["M","?","M","M","M","R","E","M","T","E","R","M","?","E","R","B",null,"M","?","?","M","$","R","M","M","T","R","M","M","E","?","R","B"],"character_chosen":"THE_SILENT","items_purchased":["Toxic Egg 2","Meat on the Bone","PiercingWail+1"],"campfire_rested":2,"item_purchase_floors":[22,22,22],"current_hp_per_floor":[58,58,58,55,48,48,21,20,20,13,13,13,13,40,40,45,71,69,69,29,18,18,42,52,22,22,22,26,15,18,24,49,0],"gold":97,"neow_bonus":"RANDOM_COMMON_RELIC","is_prod":false,"is_daily":false,"chose_seed":false,"campfire_upgraded":4,"win_rate":0,"timestamp":1552404524,"path_taken":["M","?","M","?","M","R","E","M","T","E","R","M","?","E","R","BOSS","M","?","?","M","$","R","M","M","T","R","M","M","E","?","R","BOSS"],"build_version":"2019-01-23","purchased_purges":0,"victory":false,"max_hp_per_floor":[66,66,66,66,66,66,66,66,66,66,66,66,66,80,80,80,80,80,80,80,80,80,80,80,80,80,80,80,80,80,86,86,86],"card_choices":[{"not_picked":["PiercingWail","Backflip"],"picked":"Sucker Punch","floor":1},{"not_picked":["Dodge and Roll","Acrobatics"],"picked":"Dagger Spray","floor":3},{"not_picked":["Blade Dance","Backflip"],"picked":"Dodge and Roll","floor":4},{"not_picked":["Leg Sweep","Sucker Punch"],"picked":"Dash","floor":5},{"not_picked":["Eviscerate","Dagger Spray"],"picked":"Phantasmal Killer","floor":7},{"not_picked":["Outmaneuver","Cloak And Dagger"],"picked":"Quick Slash","floor":8},{"not_picked":["Setup","Predator"],"picked":"Die Die Die","floor":10},{"not_picked":["Dagger Spray","Setup"],"picked":"Cloak And Dagger","floor":12},{"not_picked":["Quick Slash","Prepared"],"picked":"Finisher","floor":14},{"not_picked":["Doppelganger","Bullet Time"],"picked":"A Thousand Cuts","floor":16},{"not_picked":["Dodge and Roll","Sucker Punch"],"picked":"Backflip","floor":18},{"not_picked":["Outmaneuver+1","Prepared"],"picked":"Footwork","floor":21},{"not_picked":["Grand Finale","Flying Knee"],"picked":"Blade Dance+1","floor":24},{"not_picked":["Dagger Spray","Dodge and Roll+1"],"picked":"Backflip+1","floor":25},{"not_picked":["Blade Dance+1","Acrobatics+1","Underhanded Strike"],"picked":"SKIP","floor":28},{"not_picked":["Caltrops","Riddle With Holes"],"picked":"Malaise+1","floor":29},{"not_picked":["Flechettes","Underhanded Strike","Sucker Punch"],"picked":"SKIP","floor":30}],"player_experience":4519977,"relics_obtained":[{"floor":7,"key":"Darkstone Periapt"},{"floor":9,"key":"Torii"},{"floor":10,"key":"Pantograph"},{"floor":14,"key":"Mango"},{"floor":26,"key":"Ninja Scroll"},{"floor":30,"key":"Juzu Bracelet"}],"event_choices":[{"cards_removed":["Defend_G"],"damage_healed":0,"gold_gain":0,"player_choice":"Purged","damage_taken":0,"max_hp_gain":0,"max_hp_loss":0,"event_name":"Purifier","floor":2,"gold_loss":0},{"damage_healed":0,"gold_gain":0,"player_choice":"Left Gold","damage_taken":0,"max_hp_gain":0,"max_hp_loss":0,"event_name":"World of Goop","floor":13,"gold_loss":61},{"damage_healed":0,"gold_gain":0,"player_choice":"Obtained Relic","damage_taken":0,"relics_obtained":["Oddly Smooth Stone"],"max_hp_gain":0,"max_hp_loss":0,"event_name":"Addict","floor":19,"gold_loss":85},{"damage_healed":0,"gold_gain":360,"player_choice":"GOLD GOLD GOLD GOLD ","damage_taken":40,"max_hp_gain":0,"max_hp_loss":0,"event_name":"Knowing Skull","floor":20,"potions_obtained":[],"gold_loss":0,"cards_obtained":[]},{"damage_healed":0,"gold_gain":0,"player_choice":"Opened","damage_taken":0,"relics_obtained":["Frozen Egg 2"],"max_hp_gain":0,"max_hp_loss":0,"event_name":"The Mausoleum","floor":31,"gold_loss":0,"cards_obtained":["Writhe"]}],"is_beta":false,"boss_relics":[{"not_picked":["Lizard Tail","Snecko Eye"],"picked":"Astrolabe"}],"items_purged_floors":[],"is_endless":false,"potions_floor_spawned":[3,7,10,21,25,28],"killed_by":"Collector","ascension_level":20}