{"gold_per_floor":[109,129,144,41,51,51,61,136,136,147,97,97,122,141,141,241,241,259,259,359,372,294,294,294,294,294,75,107,32,32,48,48,145,145,159,159,159,159,204,204,237,247,247,247,147,174,174,191,191,191,191,191,32,57,57],"floor_reached":56,"playtime":2453,"items_purged":["Clothesline","Twin Strike","Madness","Dropkick"],"score":1471,"play_id":"2524757c-5321-402d-947e-05fd5058d164","local_time":"20190202013201","is_ascension_mode":false,"campfire_choices":[{"data":"Armaments","floor":6.0,"key":"SMITH"},{"data":"Disarm","floor":12.0,"key":"SMITH"},{"data":"True Grit","floor":15.0,"key":"SMITH"},{"data":"Rampage","floor":23.0,"key":"SMITH"},{"data":"Rupture","floor":25.0,"key":"SMITH"},{"data":"Master of Strategy","floor":30.0,"key":"SMITH"},{"data":"Bloodletting","floor":32.0,"key":"SMITH"},{"floor":40.0,"key":"REST"},{"floor":44.0,"key":"REST"},{"data":"Rage","floor":47.0,"key":"SMITH"},{"floor":49.0,"key":"RECALL"},{"data":"Madness","floor":52.0,"key":"SMITH"}],"neow_cost":"PERCENT_DAMAGE","seed_source_timestamp":193906839835600,"circlet_count":0,"master_deck":["Bash","Feed","True Grit+1","Armaments+1","Dropkick","Disarm+1","Rupture+1","Bloodletting+1","Rampage+1","Shrug It Off","Master of Strategy+1","Second Wind+1","Double Tap","Madness+1","Rage+1"],"special_seed":0,"relics":["Burning Blood","Mercury Hourglass","Kunai","Pandora\u0027s Box","Ginger","The Courier","PreservedInsect","Juzu Bracelet","Busted Crown","Happy Flower","Champion Belt","Centennial Puzzle","Paper Frog","Vajra"],"potions_floor_usage":[55,55],"damage_taken":[{"damage":4.0,"enemies":"Jaw Worm","floor":1.0,"turns":8.0},{"damage":0.0,"enemies":"Small Slimes","floor":2.0,"turns":3.0},{"damage":0.0,"enemies":"2 Louse","floor":3.0,"turns":2.0},{"damage":22.0,"enemies":"Red Slaver","floor":5.0,"turns":9.0},{"damage":4.0,"enemies":"2 Fungi Beasts","floor":7.0,"turns":2.0},{"damage":0.0,"enemies":"Looter","floor":10.0,"turns":2.0},{"damage":12.0,"enemies":"Gremlin Nob","floor":13.0,"turns":4.0},{"damage":0.0,"enemies":"Exordium Thugs","floor":14.0,"turns":4.0},{"damage":0.0,"enemies":"The Guardian","floor":16.0,"turns":14.0},{"damage":3.0,"enemies":"Chosen","floor":18.0,"turns":3.0},{"damage":16.0,"enemies":"Colosseum Slavers","floor":20.0,"turns":3.0},{"damage":21.0,"enemies":"Colosseum Nobs","floor":20.0,"turns":4.0},{"damage":11.0,"enemies":"Spheric Guardian","floor":21.0,"turns":4.0},{"damage":7.0,"enemies":"Book of Stabbing","floor":28.0,"turns":3.0},{"damage":4.0,"enemies":"Centurion and Healer","floor":31.0,"turns":7.0},{"damage":54.0,"enemies":"Champ","floor":33.0,"turns":14.0},{"damage":3.0,"enemies":"3 Darklings","floor":35.0,"turns":6.0},{"damage":86.0,"enemies":"2 Orb Walkers","floor":39.0,"turns":8.0},{"damage":0.0,"enemies":"Giant Head","floor":41.0,"turns":5.0},{"damage":5.0,"enemies":"3 Shapes","floor":42.0,"turns":10.0},{"damage":21.0,"enemies":"Reptomancer","floor":46.0,"turns":6.0},{"damage":26.0,"enemies":"Jaw Worm Horde","floor":48.0,"turns":5.0},{"damage":10.0,"enemies":"Awakened One","floor":50.0,"turns":8.0},{"damage":38.0,"enemies":"Shield and Spear","floor":54.0,"turns":6.0},{"damage":65,"enemies":"The Heart","floor":55,"turns":8}],"seed_played":"4270214339292759246","potions_obtained":[{"floor":2.0,"key":"SkillPotion"},{"floor":5.0,"key":"FearPotion"},{"floor":14.0,"key":"AttackPotion"},{"floor":16.0,"key":"SteroidPotion"},{"floor":28.0,"key":"EssenceOfSteel"},{"floor":31.0,"key":"EssenceOfSteel"},{"floor":39.0,"key":"SpeedPotion"},{"floor":42.0,"key":"Poison Potion"},{"floor":48.0,"key":"SpeedPotion"},{"floor":54.0,"key":"Block Potion"}],"is_trial":false,"path_per_floor":["M","M","M","$","M","R","M","?","T","M","?","R","E","M","R","B",null,"M","?","?","M","$","R","?","R","T","$","E","?","R","M","R","B",null,"M","?","?","?","?","R","E","M","T","R","$","E","R","M","R","B",null,"R","$","E","B",null],"character_chosen":"IRONCLAD","items_purchased":["Armaments","Clash","Shrug It Off","Master of Strategy","FearPotion"],"campfire_rested":2,"item_purchase_floors":[4,4,22,27,53],"current_hp_per_floor":[58,64,73,73,61,61,66,55,55,64,64,64,61,70,70,80,103,106,106,84,79,79,79,79,79,79,79,78,78,78,83,83,39,116,116,101,101,101,21,55,61,66,66,102,102,87,87,71,71,67,124,124,124,92,33],"gold":57,"neow_bonus":"REMOVE_TWO","is_prod":false,"is_daily":false,"chose_seed":true,"campfire_upgraded":9,"win_rate":0,"timestamp":1549038721,"path_taken":["M","M","M","$","M","R","M","?","T","M","?","R","E","M","R","BOSS","M","?","?","M","$","R","?","R","T","$","E","?","R","M","R","BOSS","M","?","?","?","?","R","E","M","T","R","$","E","R","M","R","BOSS","R","$","E","BOSS"],"build_version":"2019-01-23","purchased_purges":4,"victory":true,"max_hp_per_floor":[80,80,83,83,87,87,90,90,90,93,93,93,96,99,99,103,103,106,106,109,109,109,109,109,109,109,109,109,109,109,112,112,116,116,116,116,116,116,116,116,116,120,120,120,120,120,120,124,124,124,124,124,124,124,124],"card_choices":[{"not_picked":["Havoc","Perfected Strike"],"picked":"Twin Strike","floor":1.0},{"not_picked":["Anger","Thunderclap"],"picked":"Feed","floor":2.0},{"not_picked":["Warcry","Sword Boomerang"],"picked":"True Grit","floor":3.0},{"not_picked":["Thunderclap","Heavy Blade"],"picked":"Dropkick","floor":5.0},{"not_picked":["Hemokinesis","Heavy Blade","Anger"],"picked":"SKIP","floor":7.0},{"not_picked":["Heavy Blade","Wild Strike"],"picked":"Disarm","floor":10.0},{"not_picked":["Fire Breathing","Barricade","Anger"],"picked":"SKIP","floor":13.0},{"not_picked":["Cleave","Disarm","Clothesline"],"picked":"SKIP","floor":14.0},{"not_picked":["Reaper","Feed"],"picked":"Immolate","floor":16.0},{"not_picked":["Twin Strike","Warcry","Cleave"],"picked":"SKIP","floor":18.0},{"not_picked":["Heavy Blade","Thunderclap+1","Clothesline"],"picked":"SKIP","floor":21.0},{"not_picked":["Clash","Flex+1"],"picked":"Second Wind+1","floor":28.0},{"not_picked":["Whirlwind+1","Twin Strike","Spot Weakness"],"picked":"SKIP","floor":31.0},{"not_picked":["Exhume","Demon Form"],"picked":"Double Tap","floor":33.0},{"not_picked":[],"picked":"Dropkick","floor":35.0},{"not_picked":[],"picked":"Rage","floor":41.0},{"not_picked":["Bloodletting"],"picked":"SKIP","floor":42.0},{"not_picked":["Combust"],"picked":"SKIP","floor":46.0},{"not_picked":["Dropkick+1"],"picked":"SKIP","floor":48.0},{"not_picked":["Anger+1"],"picked":"SKIP","floor":54.0}],"player_experience":4184272,"relics_obtained":[{"floor":9.0,"key":"Mercury Hourglass"},{"floor":13.0,"key":"Kunai"},{"floor":20.0,"key":"Ginger"},{"floor":20.0,"key":"The Courier"},{"floor":26.0,"key":"PreservedInsect"},{"floor":28.0,"key":"Juzu Bracelet"},{"floor":39.0,"key":"Champion Belt"},{"floor":41.0,"key":"Centennial Puzzle"},{"floor":46.0,"key":"Paper Frog"},{"floor":54.0,"key":"Vajra"}],"event_choices":[{"damage_healed":0.0,"max_hp_gain":0.0,"max_hp_loss":0.0,"gold_gain":75.0,"event_name":"World of Goop","player_choice":"Gather Gold","floor":8.0,"gold_loss":0.0,"damage_taken":11.0},{"cards_removed":["Strike_R"],"damage_healed":0.0,"max_hp_gain":0.0,"max_hp_loss":0.0,"gold_gain":0.0,"event_name":"The Cleric","player_choice":"Card Removal","floor":11.0,"gold_loss":50.0,"damage_taken":0.0},{"cards_removed":["Sword Boomerang"],"damage_healed":0.0,"max_hp_gain":0.0,"max_hp_loss":0.0,"gold_gain":0.0,"event_name":"Back to Basics","player_choice":"Elegance","floor":19.0,"gold_loss":0.0,"damage_taken":0.0},{"damage_healed":0.0,"max_hp_gain":0.0,"max_hp_loss":0.0,"gold_gain":0.0,"event_name":"Colosseum","player_choice":"Fight","floor":20.0,"gold_loss":0.0,"damage_taken":0.0},{"damage_healed":0.0,"max_hp_gain":0.0,"max_hp_loss":0.0,"gold_gain":0.0,"event_name":"Colosseum","player_choice":"Fought Nobs","floor":20.0,"gold_loss":0.0,"damage_taken":0.0},{"damage_healed":0.0,"max_hp_gain":0.0,"max_hp_loss":0.0,"gold_gain":0.0,"event_name":"N\u0027loth","player_choice":"Ignored","floor":24.0,"gold_loss":0.0,"damage_taken":0.0},{"cards_removed":["Immolate"],"damage_healed":0.0,"max_hp_gain":0.0,"max_hp_loss":0.0,"gold_gain":0.0,"event_name":"Beggar","player_choice":"Gave Gold","floor":29.0,"gold_loss":75.0,"damage_taken":0.0},{"damage_healed":0.0,"max_hp_gain":0.0,"max_hp_loss":0.0,"gold_gain":0.0,"event_name":"Winding Halls","player_choice":"Embrace Madness","floor":36.0,"gold_loss":0.0,"damage_taken":15.0,"cards_obtained":["Madness","Madness"]},{"cards_removed":["Shrug It Off"],"damage_healed":0.0,"max_hp_gain":0.0,"max_hp_loss":0.0,"gold_gain":0.0,"event_name":"WeMeetAgain","player_choice":"Gave Card","floor":37.0,"gold_loss":0.0,"damage_taken":0.0,"relics_obtained":["Happy Flower"]},{"cards_removed":["Clash"],"damage_healed":0.0,"max_hp_gain":0.0,"max_hp_loss":0.0,"gold_gain":0.0,"event_name":"Falling","player_choice":"Removed Attack","floor":38.0,"gold_loss":0.0,"damage_taken":0.0},{"damage_healed":0.0,"max_hp_gain":0.0,"max_hp_loss":0.0,"gold_gain":0.0,"event_name":"Mysterious Sphere","player_choice":"Fight","floor":39.0,"gold_loss":0.0,"damage_taken":0.0}],"is_beta":false,"boss_relics":[{"not_picked":["Black Blood","Eternal Feather"],"picked":"Pandora\u0027s Box"},{"not_picked":["Cursed Key","Calling Bell"],"picked":"Busted Crown"}],"items_purged_floors":[22,27,45,53],"is_endless":false,"potions_floor_spawned":[2,5,14,16,20,28,31,39,42,48,54],"ascension_level":0}