{"gold_per_floor":[109,109,123,123,140,140,160,188,223,292,304,20,55,74,74,74],"floor_reached":16,"playtime":941,"items_purged":[],"score":156,"play_id":"4e0a218f-b517-4e26-bf0e-3edc13b50e96","local_time":"20190221221843","is_ascension_mode":true,"campfire_choices":[{"data":"Armaments","floor":6.0,"key":"SMITH"},{"data":"Body Slam","floor":11.0,"key":"SMITH"},{"floor":15,"key":"REST"}],"neow_cost":"NONE","seed_source_timestamp":437728894630476,"circlet_count":0,"master_deck":["Strike_R","Strike_R","Defend_R","Defend_R","Defend_R","Defend_R","Bash","Corruption","Armaments+1","Metallicize","Body Slam+1","Entrench","Power Through"],"special_seed":0,"relics":["Burning Blood","MawBank","PreservedInsect","Tiny Chest","Paper Frog","Oddly Smooth Stone"],"potions_floor_usage":[13,16],"damage_taken":[{"damage":0.0,"enemies":"2 Louse","floor":1.0,"turns":3.0},{"damage":6.0,"enemies":"Cultist","floor":3.0,"turns":4.0},{"damage":14.0,"enemies":"Jaw Worm","floor":5.0,"turns":3.0},{"damage":0.0,"enemies":"Red Slaver","floor":7.0,"turns":6.0},{"damage":57.0,"enemies":"Gremlin Nob","floor":8.0,"turns":6.0},{"damage":12.0,"enemies":"Lagavulin","floor":10.0,"turns":5.0},{"damage":14,"enemies":"Gremlin Nob","floor":13,"turns":5},{"damage":0,"enemies":"Large Slime","floor":14,"turns":6},{"damage":49,"enemies":"Hexaghost","floor":16,"turns":16}],"seed_played":"-7478591031186441770","potions_obtained":[{"floor":1.0,"key":"EntropicBrew"},{"floor":3.0,"key":"Explosive Potion"},{"floor":10.0,"key":"FearPotion"},{"floor":13,"key":"SkillPotion"}],"is_trial":false,"path_per_floor":["M","?","M","?","M","R","M","E","T","E","R","$","E","M","R","B"],"character_chosen":"IRONCLAD","items_purchased":["Paper Frog","Entrench"],"campfire_rested":1,"item_purchase_floors":[12,12],"current_hp_per_floor":[78,78,78,78,75,75,80,29,29,23,23,23,15,21,45,0],"gold":74,"neow_bonus":"REMOVE_CARD","is_prod":false,"is_daily":false,"chose_seed":false,"campfire_upgraded":2,"win_rate":0,"timestamp":1550755123,"path_taken":["M","?","?","?","M","R","M","E","T","E","R","$","E","?","R","BOSS"],"build_version":"2019-01-23","purchased_purges":0,"victory":false,"max_hp_per_floor":[80,80,80,80,80,80,80,80,80,80,80,80,80,80,80,80],"card_choices":[{"not_picked":["True Grit","Clothesline"],"picked":"Corruption","floor":1.0},{"not_picked":["Havoc","Twin Strike","Rage"],"picked":"SKIP","floor":3.0},{"not_picked":["True Grit","Rupture"],"picked":"Armaments","floor":5.0},{"not_picked":["Fiend Fire","Twin Strike"],"picked":"Metallicize","floor":7.0},{"not_picked":["Headbutt","Burning Pact"],"picked":"Body Slam","floor":8.0},{"not_picked":["Iron Wave","Flex","Body Slam"],"picked":"SKIP","floor":10.0},{"not_picked":["Twin Strike","Cleave","Pummel"],"picked":"SKIP","floor":13},{"not_picked":["Iron Wave","Impervious"],"picked":"Power Through","floor":14}],"player_experience":170245,"relics_obtained":[{"floor":8.0,"key":"MawBank"},{"floor":9.0,"key":"PreservedInsect"},{"floor":10.0,"key":"Tiny Chest"},{"floor":13,"key":"Oddly Smooth Stone"}],"event_choices":[{"cards_removed":["Strike_R"],"damage_healed":0.0,"max_hp_gain":0.0,"max_hp_loss":0.0,"gold_gain":0.0,"event_name":"Bonfire Elementals","player_choice":"Offered Basic","floor":2.0,"gold_loss":0.0,"damage_taken":0.0},{"cards_removed":["Strike_R"],"damage_healed":0.0,"max_hp_gain":0.0,"max_hp_loss":0.0,"gold_gain":0.0,"event_name":"Purifier","player_choice":"Purged","floor":4.0,"gold_loss":0.0,"damage_taken":0.0}],"is_beta":false,"boss_relics":[],"items_purged_floors":[],"is_endless":false,"potions_floor_spawned":[1,3,10,13],"killed_by":"Hexaghost","ascension_level":6}