{"gold_per_floor":[116,135,155,155,173,173,8,8,35,35,35,35,63,81,81,160,160,172,190,190,56,56,56,85,85,85,153,118,90,159,187,187,187],"floor_reached":33,"playtime":996,"items_purged":["Strike_R"],"score":566,"play_id":"dd567f04-1be6-4f39-9adb-bd309f0cc77c","local_time":"20190317211057","is_ascension_mode":true,"campfire_choices":[{"data":"Anger","floor":6,"key":"SMITH"},{"data":"Strike_R","floor":11,"key":"SMITH"},{"data":"1","floor":15,"key":"LIFT"},{"data":"2","floor":23,"key":"LIFT"},{"data":"3","floor":25,"key":"LIFT"},{"floor":32,"key":"REST"}],"neow_cost":"NONE","seed_source_timestamp":922366153102853,"circlet_count":0,"master_deck":["AscendersBane","Strike_R","Strike_R","Strike_R","Strike_R+1","Defend_R","Defend_R","Defend_R","Defend_R","Bash+1","Uppercut+1","Anger+1","Shrug It Off","Immolate","Dropkick","RitualDagger","Shrug It Off","Spot Weakness","Impervious","Evolve","Whirlwind","Heavy Blade+1","Seeing Red"],"relics":["Burning Blood","Bag of Marbles","Boot","Happy Flower","Turnip","Girya","Runic Dome","SsserpentHead","Oddly Smooth Stone","Art of War","Dream Catcher","Mercury Hourglass"],"potions_floor_usage":[16,16,18,33,33],"damage_taken":[{"damage":7,"enemies":"Small Slimes","floor":1,"turns":4},{"damage":4,"enemies":"Jaw Worm","floor":2,"turns":4},{"damage":1,"enemies":"2 Louse","floor":3,"turns":2},{"damage":5,"enemies":"2 Fungi Beasts","floor":5,"turns":4},{"damage":6,"enemies":"Gremlin Nob","floor":13,"turns":3},{"damage":7,"enemies":"Exordium Wildlife","floor":14,"turns":3},{"damage":15,"enemies":"Slime Boss","floor":16,"turns":8},{"damage":11,"enemies":"Spheric Guardian","floor":18,"turns":3},{"damage":6,"enemies":"3 Byrds","floor":19,"turns":3},{"damage":7,"enemies":"Slavers","floor":24,"turns":2},{"damage":3,"enemies":"Snake Plant","floor":27,"turns":2},{"damage":17,"enemies":"Cultist and Chosen","floor":30,"turns":5},{"damage":42,"enemies":"Book of Stabbing","floor":31,"turns":5},{"damage":90,"enemies":"Champ","floor":33,"turns":7}],"seed_played":"-4867818536650588106","potions_obtained":[{"floor":2,"key":"Explosive Potion"},{"floor":13,"key":"Ancient Potion"},{"floor":14,"key":"Strength Potion"},{"floor":16,"key":"EntropicBrew"}],"is_trial":false,"path_per_floor":["M","M","M","?","M","R","$","?","T","?","R","?","E","M","R","B",null,"M","M","?","$","?","R","E","R","T","M","?","$","M","E","R","B"],"character_chosen":"IRONCLAD","items_purchased":["Bag of Marbles","Shrug It Off","Evolve"],"campfire_rested":1,"item_purchase_floors":[7,21,29],"current_hp_per_floor":[67,69,74,74,75,75,75,75,75,80,80,54,54,53,53,44,71,66,66,60,60,60,60,59,59,59,62,62,62,51,15,39,0],"gold":187,"neow_bonus":"UPGRADE_CARD","is_prod":false,"is_daily":false,"chose_seed":false,"campfire_upgraded":2,"win_rate":0,"timestamp":1552824657,"path_taken":["M","M","M","?","M","R","$","?","T","?","R","?","E","?","R","BOSS","M","M","?","$","?","R","E","R","T","?","?","?","?","E","R","BOSS"],"build_version":"2019-01-23","purchased_purges":1,"victory":false,"max_hp_per_floor":[75,75,75,75,75,75,75,75,75,80,80,80,80,80,80,80,80,80,80,80,80,80,80,80,80,80,80,80,80,80,80,80,80],"card_choices":[{"not_picked":["Iron Wave","Warcry"],"picked":"Uppercut","floor":1},{"not_picked":["Blood for Blood","Iron Wave"],"picked":"Anger","floor":2},{"not_picked":["Sword Boomerang","Feel No Pain","Fire Breathing"],"picked":"SKIP","floor":3},{"not_picked":["Pummel","Flex","True Grit"],"picked":"SKIP","floor":5},{"not_picked":["Power Through","Body Slam","Warcry"],"picked":"SKIP","floor":13},{"not_picked":["Dual Wield","Double Tap"],"picked":"Shrug It Off","floor":14},{"not_picked":["Demon Form","Dark Embrace"],"picked":"Immolate","floor":16},{"not_picked":["Heavy Blade+1","Armaments"],"picked":"Dropkick","floor":18},{"not_picked":["Iron Wave","Wild Strike","Flex"],"picked":"SKIP","floor":19},{"not_picked":["Flex","Sentinel"],"picked":"Spot Weakness","floor":24},{"not_picked":["Pommel Strike","Thunderclap"],"picked":"Impervious","floor":27},{"not_picked":["Clash","Metallicize"],"picked":"Whirlwind","floor":30},{"not_picked":["Flex","Pommel Strike"],"picked":"Heavy Blade+1","floor":31},{"not_picked":["True Grit","Clothesline+1"],"picked":"Seeing Red","floor":32}],"player_experience":726266,"relics_obtained":[{"floor":9,"key":"Happy Flower"},{"floor":13,"key":"Girya"},{"floor":24,"key":"Oddly Smooth Stone"},{"floor":26,"key":"Art of War"},{"floor":31,"key":"Mercury Hourglass"}],"event_choices":[{"damage_healed":0,"gold_gain":0,"player_choice":"Grow","damage_taken":0,"max_hp_gain":0,"max_hp_loss":0,"event_name":"Living Wall","floor":4,"gold_loss":0,"cards_upgraded":["Uppercut"]},{"damage_healed":0,"gold_gain":0,"player_choice":"Searched \u00271\u0027 times","damage_taken":0,"relics_obtained":["Boot"],"max_hp_gain":0,"max_hp_loss":0,"event_name":"Dead Adventurer","floor":8,"gold_loss":0},{"damage_healed":0,"gold_gain":0,"player_choice":"Donut","damage_taken":0,"max_hp_gain":5,"max_hp_loss":0,"event_name":"Big Fish","floor":10,"gold_loss":0},{"damage_healed":0,"gold_gain":0,"player_choice":"Success","damage_taken":26,"relics_obtained":["Turnip"],"max_hp_gain":0,"max_hp_loss":0,"event_name":"Scrap Ooze","floor":12,"gold_loss":0},{"damage_healed":0,"gold_gain":0,"player_choice":"Joined the Cult","damage_taken":6,"max_hp_gain":0,"max_hp_loss":0,"event_name":"Nest","floor":20,"gold_loss":0,"cards_obtained":["RitualDagger"]},{"damage_healed":0,"gold_gain":0,"player_choice":"Trade","damage_taken":0,"relics_obtained":["SsserpentHead"],"max_hp_gain":0,"max_hp_loss":0,"event_name":"FaceTrader","floor":22,"gold_loss":0},{"damage_healed":0,"gold_gain":0,"player_choice":"Obtained Relic","damage_taken":0,"relics_obtained":["Dream Catcher"],"max_hp_gain":0,"max_hp_loss":0,"event_name":"Addict","floor":28,"gold_loss":85}],"is_beta":false,"boss_relics":[{"not_picked":["Pandora\u0027s Box","Runic Cube"],"picked":"Runic Dome"}],"items_purged_floors":[21],"is_endless":false,"potions_floor_spawned":[2,13,14,16,24,30],"killed_by":"Champ","ascension_level":20}