{"gold_per_floor":[111,121,135,210,229,229,257,86,86,104,104,4,30,40,40,142,142,162,162,174,186,206,234,48,64,64,64],"floor_reached":27,"playtime":2772,"items_purged":["Strike_R","Strike_R"],"score":344,"play_id":"8527ec1a-756d-4ce4-95b5-431dc95af379","local_time":"20190304133603","is_ascension_mode":true,"campfire_choices":[{"data":"Shockwave","floor":6.0,"key":"SMITH"},{"floor":11.0,"key":"REST"},{"data":"Enlightenment","floor":15.0,"key":"SMITH"}],"neow_cost":"TEN_PERCENT_HP_LOSS","seed_source_timestamp":10489758571744,"circlet_count":0,"master_deck":["Strike_R","Strike_R","Strike_R","Defend_R","Defend_R","Defend_R","Defend_R","Bash","Shrug It Off","Shockwave+1","Evolve","Flame Barrier","Flex","Enlightenment+1","Impervious","Whirlwind","Immolate","Entrench","Cleave+1","Metallicize","Ghostly Armor"],"special_seed":0,"relics":["Burning Blood","Incense Burner","Bag of Marbles","Lantern","Potion Belt","Mark of Pain","Kunai","Orichalcum","Bag of Preparation"],"potions_floor_usage":[23,23],"damage_taken":[{"damage":3.0,"enemies":"Small Slimes","floor":1.0,"turns":3.0},{"damage":6.0,"enemies":"Cultist","floor":2.0,"turns":3.0},{"damage":3.0,"enemies":"2 Louse","floor":3.0,"turns":2.0},{"damage":14.0,"enemies":"Gremlin Gang","floor":5.0,"turns":10.0},{"damage":42.0,"enemies":"Gremlin Nob","floor":7.0,"turns":7.0},{"damage":14.0,"enemies":"3 Louse","floor":10.0,"turns":4.0},{"damage":0.0,"enemies":"Exordium Wildlife","floor":14.0,"turns":6.0},{"damage":23.0,"enemies":"Slime Boss","floor":16.0,"turns":16.0},{"damage":8.0,"enemies":"Chosen","floor":18.0,"turns":4.0},{"damage":12.0,"enemies":"Shell Parasite","floor":20.0,"turns":5.0},{"damage":28,"enemies":"Snake Plant","floor":21,"turns":5},{"damage":4,"enemies":"Cultist and Chosen","floor":22,"turns":6},{"damage":31,"enemies":"Gremlin Leader","floor":23,"turns":8},{"damage":7,"enemies":"Snecko","floor":25,"turns":5},{"damage":26,"enemies":"Book of Stabbing","floor":27,"turns":3}],"seed_played":"5866174535593762755","potions_obtained":[{"floor":2.0,"key":"SkillPotion"},{"floor":7.0,"key":"Weak Potion"},{"floor":14.0,"key":"SkillPotion"},{"floor":16.0,"key":"SteroidPotion"},{"floor":18.0,"key":"SkillPotion"},{"floor":23,"key":"Fire Potion"},{"floor":25,"key":"LiquidBronze"}],"is_trial":false,"path_per_floor":["M","M","M","?","M","R","E","$","T","M","R","$","T","M","R","B",null,"M","?","M","M","M","E","$","M","T","E"],"character_chosen":"IRONCLAD","items_purchased":["Enlightenment","Orichalcum","Metallicize"],"campfire_rested":1,"item_purchase_floors":[8,24,24],"current_hp_per_floor":[72,72,72,65,57,57,21,21,21,13,34,34,34,40,40,23,60,58,72,66,44,46,21,21,20,20,0],"gold":64,"neow_bonus":"ONE_RARE_RELIC","is_prod":false,"is_daily":false,"chose_seed":false,"campfire_upgraded":2,"win_rate":0,"timestamp":1551674163,"path_taken":["M","M","M","?","M","R","E","$","T","?","R","$","?","M","R","BOSS","M","?","?","M","M","E","$","M","T","E"],"build_version":"2019-01-23","purchased_purges":2,"victory":false,"max_hp_per_floor":[72,72,72,72,72,72,72,72,72,72,72,72,72,72,72,72,72,72,72,72,72,72,72,72,72,72,72],"card_choices":[{"not_picked":["Inflame","Cleave"],"picked":"Shrug It Off","floor":1.0},{"not_picked":["Heavy Blade","Havoc"],"picked":"Shockwave","floor":2.0},{"not_picked":["Headbutt","Flex"],"picked":"Evolve","floor":3.0},{"not_picked":["True Grit","Wild Strike"],"picked":"Flame Barrier","floor":5.0},{"not_picked":["Dual Wield","Infernal Blade"],"picked":"Flex","floor":7.0},{"not_picked":["Shrug It Off","Headbutt"],"picked":"Impervious","floor":10.0},{"not_picked":["True Grit","Anger"],"picked":"Whirlwind","floor":14.0},{"not_picked":["Juggernaut","Limit Break"],"picked":"Immolate","floor":16.0},{"not_picked":["Twin Strike+1","Warcry","Headbutt"],"picked":"SKIP","floor":18.0},{"not_picked":["Bloodletting","Corruption","Warcry"],"picked":"SKIP","floor":20.0},{"not_picked":["Combust","Ghostly Armor"],"picked":"Entrench","floor":21},{"not_picked":["Clothesline","Clash+1","Iron Wave"],"picked":"SKIP","floor":22},{"not_picked":["Iron Wave","Flame Barrier"],"picked":"Cleave+1","floor":23},{"not_picked":["Fire Breathing+1","Shockwave+1"],"picked":"Ghostly Armor","floor":25}],"player_experience":220629,"relics_obtained":[{"floor":7.0,"key":"Bag of Marbles"},{"floor":9.0,"key":"Lantern"},{"floor":13.0,"key":"Potion Belt"},{"floor":23,"key":"Kunai"},{"floor":26,"key":"Bag of Preparation"}],"event_choices":[{"damage_healed":0.0,"max_hp_gain":0.0,"max_hp_loss":0.0,"gold_gain":75.0,"event_name":"FaceTrader","player_choice":"Touch","floor":4.0,"gold_loss":0.0,"damage_taken":7.0},{"damage_healed":14.0,"max_hp_gain":0.0,"max_hp_loss":0.0,"gold_gain":0.0,"event_name":"Wheel of Change","player_choice":"Full Heal","floor":19.0,"gold_loss":0.0,"damage_taken":0.0}],"is_beta":false,"boss_relics":[{"not_picked":["Runic Cube","Snecko Eye"],"picked":"Mark of Pain"}],"items_purged_floors":[8,12],"is_endless":false,"potions_floor_spawned":[2,7,14,16,18,23,25],"killed_by":"Book of Stabbing","ascension_level":9}