{"gold_per_floor":[362,0,0,18,32,58,58,89,112,62,80,90,90,90,90,190,190,208,208],"floor_reached":19,"playtime":747,"items_purged":[],"score":341,"play_id":"6c256e37-bf40-4d57-b60a-f524ce31b788","local_time":"20190112110227","is_ascension_mode":true,"campfire_choices":[{"floor":7,"key":"REST"},{"floor":15,"key":"REST"}],"neow_cost":"TEN_PERCENT_HP_LOSS","seed_source_timestamp":3146026532827,"circlet_count":0,"master_deck":["AscendersBane","Strike_B","Strike_B","Strike_B","Defend_B","Defend_B","Defend_B","Zap","Dualcast","Darkness","Cold Snap+1","Sweeping Beam","Compile Driver","Auto Shields","FTL+1","Coolheaded","Chaos","Buffer","Amplify","Capacitor"],"relics":["Cracked Core","Ice Cream","Whetstone","Dream Catcher","Ancient Tea Set","Juzu Bracelet","Philosopher\u0027s Stone"],"potions_floor_usage":[6,19],"damage_taken":[{"damage":6,"enemies":"Cultist","floor":1,"turns":3},{"damage":10,"enemies":"Small Slimes","floor":4,"turns":2},{"damage":7,"enemies":"Jaw Worm","floor":5,"turns":3},{"damage":25,"enemies":"Gremlin Nob","floor":6,"turns":4},{"damage":22,"enemies":"Lagavulin","floor":8,"turns":5},{"damage":7,"enemies":"Looter","floor":11,"turns":3},{"damage":0,"enemies":"Red Slaver","floor":12,"turns":4},{"damage":0,"enemies":"Slime Boss","floor":16,"turns":7},{"damage":16,"enemies":"Chosen","floor":18,"turns":6},{"damage":68,"enemies":"Masked Bandits","floor":19,"turns":3}],"seed_played":"-2316623410158616459","potions_obtained":[{"floor":1,"key":"SneckoOil"},{"floor":4,"key":"Swift Potion"},{"floor":8,"key":"Strength Potion"},{"floor":18,"key":"Regen Potion"}],"is_trial":false,"path_per_floor":["M","$","$","M","M","E","R","E","T","?","M","M","?","?","R","B",null,"M","?"],"character_chosen":"DEFECT","items_purchased":["Cold Snap","Ice Cream","Sweeping Beam"],"campfire_rested":2,"item_purchase_floors":[2,2,2],"current_hp_per_floor":[62,62,62,52,45,20,40,18,18,18,11,11,11,11,31,31,59,43,0],"gold":208,"neow_bonus":"TWO_FIFTY_GOLD","is_prod":false,"is_daily":false,"chose_seed":false,"campfire_upgraded":0,"win_rate":0,"timestamp":1547308947,"path_taken":["M","?","$","M","M","E","R","E","T","?","M","?","?","?","R","BOSS","M","?"],"build_version":"2019-01-10","purchased_purges":0,"victory":false,"max_hp_per_floor":[68,68,68,68,68,68,68,68,68,68,68,68,68,68,68,68,68,68,68],"card_choices":[{"not_picked":["Compile Driver","Rip and Tear"],"picked":"Darkness","floor":1},{"not_picked":["Stack","Rip and Tear"],"picked":"Compile Driver","floor":4},{"not_picked":["Self Repair","Reprogram"],"picked":"Auto Shields","floor":5},{"not_picked":["Turbo","Sweeping Beam"],"picked":"FTL","floor":6},{"not_picked":["Double Energy","Chaos"],"picked":"Coolheaded","floor":8},{"not_picked":["Compile Driver","Static Discharge","Reprogram"],"picked":"SKIP","floor":11},{"not_picked":["Cold Snap","Barrage"],"picked":"Chaos","floor":12},{"not_picked":["Undo","Go for the Eyes"],"picked":"Buffer","floor":15},{"not_picked":["Seek","Thunder Strike"],"picked":"Amplify","floor":16},{"not_picked":["Streamline","Gash+1"],"picked":"Capacitor","floor":18}],"player_experience":361800,"relics_obtained":[{"floor":6,"key":"Whetstone"},{"floor":8,"key":"Dream Catcher"},{"floor":9,"key":"Ancient Tea Set"}],"event_choices":[{"cards_removed":["Strike_B"],"damage_healed":0,"gold_gain":0,"player_choice":"Card Removal","damage_taken":0,"max_hp_gain":0,"max_hp_loss":0,"event_name":"The Cleric","floor":10,"gold_loss":50},{"damage_healed":0,"gold_gain":0,"player_choice":"Gave Potion","damage_taken":0,"relics_obtained":["Juzu Bracelet"],"max_hp_gain":0,"max_hp_loss":0,"event_name":"WeMeetAgain","floor":13,"gold_loss":0},{"cards_removed":["Defend_B"],"damage_healed":0,"gold_gain":0,"player_choice":"Forget","damage_taken":0,"max_hp_gain":0,"max_hp_loss":0,"event_name":"Living Wall","floor":14,"gold_loss":0},{"damage_healed":0,"gold_gain":0,"player_choice":"Fought Bandits","damage_taken":0,"max_hp_gain":0,"max_hp_loss":0,"event_name":"Masked Bandits","floor":19,"gold_loss":0}],"is_beta":false,"boss_relics":[{"not_picked":["Nuclear Battery","Ectoplasm"],"picked":"Philosopher\u0027s Stone"}],"items_purged_floors":[],"is_endless":false,"potions_floor_spawned":[1,4,8,18],"killed_by":"Masked Bandits","ascension_level":10}