{"gold_per_floor":[115,115,115,115,131,156,156,181,181,27,27,53,9,23,23,96,96,114,130,180,180,230,230,240,240],"floor_reached":25,"playtime":603,"items_purged":["Strike_R"],"score":484,"play_id":"a3e6aeb0-7ef4-4230-8b3a-c51c41a1ad38","local_time":"20190111005500","is_ascension_mode":true,"campfire_choices":[{"data":"Juggernaut","floor":7.0,"key":"SMITH"},{"data":"Body Slam","floor":11.0,"key":"SMITH"},{"data":"Feel No Pain","floor":15.0,"key":"SMITH"},{"data":"Battle Trance","floor":23.0,"key":"SMITH"}],"neow_cost":"NONE","seed_source_timestamp":25486805352773,"circlet_count":0,"master_deck":["AscendersBane","Strike_R","Strike_R+1","Strike_R+1","Defend_R","Defend_R","Defend_R","Defend_R","Bash+1","Sever Soul+1","Juggernaut+1","Body Slam+1","Feel No Pain+1","Evolve","Immolate","Feed","Battle Trance+1","Second Wind","Power Through"],"special_seed":0,"relics":["Burning Blood","NeowsBlessing","Darkstone Periapt","Meat on the Bone","Bronze Scales","Whetstone","Bag of Marbles","Orrery"],"potions_floor_usage":[25],"damage_taken":[{"damage":0.0,"enemies":"Small Slimes","floor":1.0,"turns":1.0},{"damage":0.0,"enemies":"2 Louse","floor":5.0,"turns":2.0},{"damage":0.0,"enemies":"3 Sentries","floor":6.0,"turns":2.0},{"damage":32.0,"enemies":"Gremlin Nob","floor":8.0,"turns":4.0},{"damage":30.0,"enemies":"3 Sentries","floor":12.0,"turns":7.0},{"damage":7.0,"enemies":"Jaw Worm","floor":14.0,"turns":2.0},{"damage":24.0,"enemies":"Hexaghost","floor":16.0,"turns":8.0},{"damage":14.0,"enemies":"2 Thieves","floor":18.0,"turns":3.0},{"damage":0.0,"enemies":"Chosen","floor":19.0,"turns":5.0},{"damage":46.0,"enemies":"3 Cultists","floor":24.0,"turns":5.0},{"damage":41,"enemies":"Book of Stabbing","floor":25,"turns":4}],"seed_played":"-2628273678109097556","potions_obtained":[{"floor":5.0,"key":"Swift Potion"},{"floor":14.0,"key":"Poison Potion"},{"floor":16.0,"key":"BloodPotion"},{"floor":18.0,"key":"Dexterity Potion"}],"is_trial":false,"path_per_floor":["M","?","?","?","M","E","R","E","T","$","R","E","$","M","R","B",null,"M","M","?","?","?","R","M","E"],"character_chosen":"IRONCLAD","items_purchased":["Regen Potion","Evolve"],"campfire_rested":0,"item_purchase_floors":[10,13],"current_hp_per_floor":[74,48,25,25,31,37,37,23,23,23,23,26,26,37,37,31,64,59,65,65,65,65,65,37,0],"gold":240,"neow_bonus":"THREE_ENEMY_KILL","is_prod":false,"is_daily":false,"chose_seed":false,"campfire_upgraded":4,"win_rate":0,"timestamp":1547135700,"path_taken":["M","?","?","?","?","E","R","E","T","$","R","E","?","?","R","BOSS","M","M","?","?","?","R","?","E"],"build_version":"2019-01-03v4","purchased_purges":1,"victory":false,"max_hp_per_floor":[75,75,75,75,75,75,75,75,75,75,75,75,75,75,75,75,75,78,78,78,78,78,78,78,78],"card_choices":[{"not_picked":["Havoc","Flex"],"picked":"Sever Soul","floor":1.0},{"not_picked":["Pommel Strike","Cleave"],"picked":"Body Slam","floor":5.0},{"not_picked":["Body Slam","Spot Weakness","Anger"],"picked":"SKIP","floor":6.0},{"not_picked":["Whirlwind","Sword Boomerang","Blood for Blood"],"picked":"SKIP","floor":8.0},{"not_picked":["Carnage","Uppercut"],"picked":"Feel No Pain","floor":12.0},{"not_picked":["Twin Strike","Havoc"],"picked":"Immolate","floor":14.0},{"not_picked":["Bludgeon","Exhume"],"picked":"Feed","floor":16.0},{"not_picked":["Disarm","Feel No Pain"],"picked":"Battle Trance","floor":17.0},{"not_picked":["Shrug It Off","Inflame"],"picked":"Second Wind","floor":17.0},{"not_picked":["Heavy Blade","Feel No Pain"],"picked":"Power Through","floor":17.0},{"not_picked":["Sword Boomerang","Clothesline","Reckless Charge"],"picked":"SKIP","floor":18.0},{"not_picked":["Whirlwind","Fire Breathing","Anger"],"picked":"SKIP","floor":19.0},{"not_picked":["Wild Strike","Clash","Twin Strike+1"],"picked":"SKIP","floor":24.0}],"player_experience":4041650,"relics_obtained":[{"floor":6.0,"key":"Meat on the Bone"},{"floor":8.0,"key":"Bronze Scales"},{"floor":9.0,"key":"Whetstone"},{"floor":12.0,"key":"Bag of Marbles"}],"event_choices":[{"damage_healed":0.0,"max_hp_gain":0.0,"max_hp_loss":0.0,"gold_gain":0.0,"event_name":"Scrap Ooze","player_choice":"Success","floor":2.0,"gold_loss":0.0,"damage_taken":26.0,"relics_obtained":["Darkstone Periapt"]},{"damage_healed":0.0,"max_hp_gain":0.0,"max_hp_loss":0.0,"gold_gain":0.0,"event_name":"Shining Light","player_choice":"Entered Light","floor":3.0,"gold_loss":0.0,"damage_taken":23.0,"cards_upgraded":["Strike_R","Strike_R"]},{"damage_healed":0.0,"max_hp_gain":0.0,"max_hp_loss":0.0,"gold_gain":0.0,"cards_transformed":["Strike_R"],"event_name":"Living Wall","player_choice":"Change","floor":4.0,"gold_loss":0.0,"damage_taken":0.0,"cards_obtained":["Juggernaut"]},{"damage_healed":0.0,"max_hp_gain":0.0,"max_hp_loss":0.0,"gold_gain":50.0,"event_name":"Nest","player_choice":"Stole From Cult","floor":20.0,"gold_loss":0.0,"damage_taken":0.0},{"damage_healed":0.0,"max_hp_gain":0.0,"max_hp_loss":0.0,"gold_gain":0.0,"event_name":"Vampires","player_choice":"Ignored","floor":21.0,"gold_loss":0.0,"damage_taken":0.0},{"damage_healed":0.0,"max_hp_gain":0.0,"max_hp_loss":0.0,"gold_gain":50.0,"event_name":"Golden Shrine","player_choice":"Pray","floor":22.0,"gold_loss":0.0,"damage_taken":0.0}],"is_beta":false,"boss_relics":[{"not_picked":["Busted Crown","Sozu"],"picked":"Orrery"}],"items_purged_floors":[10],"is_endless":false,"potions_floor_spawned":[5,14,16,18,19],"killed_by":"Book of Stabbing","ascension_level":20}