{"gold_per_floor":[117,132,151,166,183,183,258,258,258,273,273,273,285,302,302,302],"floor_reached":16,"playtime":664,"items_purged":[],"score":154,"play_id":"eb59bad9-158d-4831-9807-7e83c7249af4","local_time":"20190305225658","is_ascension_mode":true,"campfire_choices":[{"floor":6.0,"key":"REST"},{"data":"Armaments","floor":8.0,"key":"SMITH"},{"floor":15,"key":"REST"}],"neow_cost":"NONE","seed_source_timestamp":178367852679161,"circlet_count":0,"master_deck":["AscendersBane","Strike_R","Strike_R","Strike_R","Strike_R","Strike_R","Defend_R","Defend_R","Defend_R","Defend_R","Bash","Armaments+1","Disarm","Pommel Strike","Battle Trance","Reaper","Flex"],"special_seed":0,"relics":["Runic Pyramid","Singing Bowl","Vajra"],"potions_floor_usage":[14,16],"damage_taken":[{"damage":6.0,"enemies":"Cultist","floor":1.0,"turns":4.0},{"damage":9.0,"enemies":"2 Louse","floor":2.0,"turns":3.0},{"damage":14.0,"enemies":"Small Slimes","floor":3.0,"turns":4.0},{"damage":12.0,"enemies":"Looter","floor":4.0,"turns":3.0},{"damage":10.0,"enemies":"Exordium Wildlife","floor":5.0,"turns":4.0},{"damage":2.0,"enemies":"Blue Slaver","floor":10.0,"turns":5.0},{"damage":15,"enemies":"Large Slime","floor":13,"turns":5},{"damage":10,"enemies":"Lots of Slimes","floor":14,"turns":2},{"damage":68,"enemies":"Slime Boss","floor":16,"turns":8}],"seed_played":"4988313390024949105","potions_obtained":[{"floor":2.0,"key":"SpeedPotion"},{"floor":3.0,"key":"Explosive Potion"},{"floor":5.0,"key":"Dexterity Potion"},{"floor":14,"key":"Energy Potion"}],"is_trial":false,"path_per_floor":["M","M","M","M","M","R","?","R","T","M","?","?","M","M","R","B"],"character_chosen":"IRONCLAD","items_purchased":[],"campfire_rested":2,"item_purchase_floors":[],"current_hp_per_floor":[66,57,43,31,21,45,34,34,34,32,20,20,17,24,48,0],"gold":302,"neow_bonus":"BOSS_RELIC","is_prod":false,"is_daily":false,"chose_seed":false,"campfire_upgraded":1,"win_rate":0,"timestamp":1551794218,"path_taken":["M","M","?","M","M","R","?","R","T","M","?","?","M","M","R","BOSS"],"build_version":"2019-01-23","purchased_purges":0,"victory":false,"max_hp_per_floor":[80,80,80,80,80,80,80,80,80,80,80,80,80,82,82,82],"card_choices":[{"not_picked":["Sword Boomerang","Bloodletting"],"picked":"Armaments","floor":1.0},{"not_picked":["Perfected Strike","Wild Strike"],"picked":"Disarm","floor":2.0},{"not_picked":["Pummel","Warcry"],"picked":"Pommel Strike","floor":3.0},{"not_picked":["Anger","Clothesline","Cleave"],"picked":"SKIP","floor":4.0},{"not_picked":["True Grit","Shrug It Off"],"picked":"Battle Trance","floor":5.0},{"not_picked":["Infernal Blade","Metallicize"],"picked":"Reaper","floor":10.0},{"not_picked":["Twin Strike","Rage"],"picked":"Flex","floor":13},{"not_picked":["True Grit","Anger","Headbutt"],"picked":"Singing Bowl","floor":14}],"player_experience":240100,"relics_obtained":[{"floor":9.0,"key":"Singing Bowl"}],"event_choices":[{"damage_healed":0.0,"max_hp_gain":0.0,"max_hp_loss":0.0,"gold_gain":75.0,"event_name":"World of Goop","player_choice":"Gather Gold","floor":7.0,"gold_loss":0.0,"damage_taken":11.0},{"damage_healed":0.0,"max_hp_gain":0.0,"max_hp_loss":0.0,"gold_gain":0.0,"event_name":"Scrap Ooze","player_choice":"Success","floor":11.0,"gold_loss":0.0,"damage_taken":12.0,"relics_obtained":["Vajra"]},{"damage_healed":0,"gold_gain":0,"player_choice":"Searched \u00270\u0027 times","damage_taken":0,"max_hp_gain":0,"max_hp_loss":0,"event_name":"Dead Adventurer","floor":12,"gold_loss":0}],"is_beta":false,"boss_relics":[],"items_purged_floors":[],"is_endless":false,"potions_floor_spawned":[2,3,5,14],"killed_by":"Slime Boss","ascension_level":12}