{"gold_per_floor":[12,26,40,40,40,40,56,56,79,98,98,132,0,16,16,94,94,114,114,14,32,32,32,32],"floor_reached":24,"playtime":1231,"items_purged":[],"score":372,"play_id":"8852e013-3db9-4a68-bb1a-2266d243e0bc","local_time":"20190319134205","is_ascension_mode":true,"campfire_choices":[{"data":"True Grit","floor":6.0,"key":"SMITH"},{"data":"Seeing Red","floor":8.0,"key":"SMITH"},{"data":"Barricade","floor":11.0,"key":"SMITH"},{"floor":15.0,"key":"REST"},{"floor":23,"key":"REST"}],"neow_cost":"NO_GOLD","seed_source_timestamp":13041878710514,"circlet_count":0,"master_deck":["AscendersBane","Strike_R","Defend_R","Defend_R","Defend_R","Defend_R","Bash","Warcry","Barricade+1","Power Through","True Grit+1","Pain","Seeing Red+1","Wild Strike","Seeing Red","Feel No Pain","Ghostly Armor","Demon Form","Feel No Pain","True Grit+1","Warcry+1","Whirlwind"],"special_seed":0,"relics":["Burning Blood","WarpedTongs","Bag of Marbles","Regal Pillow","Runic Cube"],"potions_floor_usage":[21,24],"damage_taken":[{"damage":17.0,"enemies":"Cultist","floor":1.0,"turns":5.0},{"damage":10.0,"enemies":"Small Slimes","floor":2.0,"turns":5.0},{"damage":1.0,"enemies":"2 Louse","floor":3.0,"turns":4.0},{"damage":18.0,"enemies":"Exordium Thugs","floor":7.0,"turns":8.0},{"damage":14.0,"enemies":"Blue Slaver","floor":10.0,"turns":6.0},{"damage":17.0,"enemies":"Lagavulin","floor":12.0,"turns":10.0},{"damage":11.0,"enemies":"Red Slaver","floor":14.0,"turns":4.0},{"damage":21.0,"enemies":"The Guardian","floor":16.0,"turns":24.0},{"damage":31,"enemies":"Shell Parasite","floor":18,"turns":7},{"damage":15,"enemies":"2 Thieves","floor":20,"turns":5},{"damage":35,"enemies":"Cultist and Chosen","floor":21,"turns":13},{"damage":73,"enemies":"Book of Stabbing","floor":24,"turns":6}],"seed_played":"-1457817178550478525","potions_obtained":[{"floor":2.0,"key":"AttackPotion"},{"floor":3.0,"key":"PowerPotion"},{"floor":10.0,"key":"Regen Potion"},{"floor":14.0,"key":"PowerPotion"},{"floor":18,"key":"Regen Potion"},{"floor":21,"key":"Regen Potion"}],"is_trial":false,"path_per_floor":["M","M","M","?","?","R","M","R","T","M","R","E","$","M","R","B",null,"M","?","M","M","?","R","E"],"character_chosen":"IRONCLAD","items_purchased":["Feel No Pain","Strength Potion"],"campfire_rested":2,"item_purchase_floors":[13,13],"current_hp_per_floor":[57,53,58,51,51,51,39,39,39,31,31,35,35,30,67,52,69,44,44,35,21,21,58,0],"gold":32,"neow_bonus":"TRANSFORM_TWO_CARDS","is_prod":false,"is_daily":false,"chose_seed":false,"campfire_upgraded":3,"win_rate":0,"timestamp":1552970525,"path_taken":["M","M","M","?","?","R","?","R","T","M","R","E","$","M","R","BOSS","M","?","M","?","?","R","E"],"build_version":"2019-01-23","purchased_purges":0,"victory":false,"max_hp_per_floor":[75,75,75,75,75,75,75,75,75,75,75,75,75,75,75,75,75,75,75,75,75,75,75,75],"card_choices":[{"not_picked":["Body Slam","True Grit"],"picked":"Power Through","floor":1.0},{"not_picked":["Sword Boomerang","Havoc"],"picked":"True Grit","floor":2.0},{"not_picked":["Spot Weakness","Power Through","Flex"],"picked":"SKIP","floor":3.0},{"not_picked":["Intimidate","Disarm"],"picked":"Seeing Red","floor":7.0},{"not_picked":["Combust","Havoc"],"picked":"Wild Strike","floor":10.0},{"not_picked":["Rupture","Cleave"],"picked":"Seeing Red","floor":12.0},{"not_picked":["Thunderclap","Clash"],"picked":"Ghostly Armor","floor":14.0},{"not_picked":["Feed","Offering"],"picked":"Demon Form","floor":16.0},{"not_picked":["Flex","Iron Wave"],"picked":"Feel No Pain","floor":18},{"not_picked":["Rampage","Havoc"],"picked":"Warcry+1","floor":20},{"not_picked":["Clothesline","Cleave"],"picked":"Whirlwind","floor":21}],"player_experience":360118,"relics_obtained":[{"floor":9.0,"key":"Bag of Marbles"},{"floor":12.0,"key":"Regal Pillow"}],"event_choices":[{"cards_removed":["Strike_R"],"damage_healed":0.0,"max_hp_gain":0.0,"max_hp_loss":0.0,"gold_gain":0.0,"event_name":"Golden Wing","player_choice":"Card Removal","floor":4.0,"gold_loss":0.0,"damage_taken":7.0},{"damage_healed":0.0,"max_hp_gain":0.0,"max_hp_loss":0.0,"gold_gain":0.0,"event_name":"Accursed Blacksmith","player_choice":"Rummage","floor":5.0,"gold_loss":0.0,"damage_taken":0.0,"relics_obtained":["WarpedTongs"],"cards_obtained":["Pain"]},{"damage_healed":0,"gold_gain":0,"player_choice":"Copied","damage_taken":0,"max_hp_gain":0,"max_hp_loss":0,"event_name":"Duplicator","floor":19,"gold_loss":0,"cards_obtained":["True Grit"]},{"cards_removed":["Strike_R"],"damage_healed":0,"gold_gain":0,"player_choice":"Offered Basic","damage_taken":0,"max_hp_gain":0,"max_hp_loss":0,"event_name":"Bonfire Elementals","floor":22,"gold_loss":0}],"is_beta":false,"boss_relics":[{"not_picked":["Pandora\u0027s Box","Eternal Feather"],"picked":"Runic Cube"}],"items_purged_floors":[],"is_endless":false,"potions_floor_spawned":[2,3,10,14,18,21],"killed_by":"Book of Stabbing","ascension_level":18}