{"gold_per_floor":[11,23,37,56,68,68,96,96,144,144,144,16,74,87,87,161,161,178,178,192,192,117,117,149,5,5,24,41,41,60,91,91,162,162,174,174,174,186,197,225,225,236,261,289,289,324,341,229,229,229,229,229,229,37,67,67],"floor_reached":56,"playtime":2513,"items_purged":["Strike_B","Strike_B+1"],"score":2229,"play_id":"335e5173-54d8-48ef-94e0-5107ba344c11","local_time":"20190218014535","is_ascension_mode":true,"campfire_choices":[{"floor":6.0,"key":"REST"},{"data":"Coolheaded","floor":8.0,"key":"SMITH"},{"data":"Zap","floor":11.0,"key":"SMITH"},{"data":"Beam Cell","floor":15.0,"key":"SMITH"},{"data":"Scrape","floor":23.0,"key":"SMITH"},{"data":"Skim","floor":29.0,"key":"SMITH"},{"data":"Fission","floor":32.0,"key":"SMITH"},{"data":"Go for the Eyes","floor":41.0,"key":"SMITH"},{"data":"Fission","floor":45.0,"key":"SMITH"},{"floor":49.0,"key":"RECALL"},{"data":"Seek","floor":53,"key":"SMITH"}],"neow_cost":"NO_GOLD","seed_source_timestamp":298588220936800,"circlet_count":0,"master_deck":["AscendersBane","Defend_B","Zap+1","Dualcast","Gash","Seek+1","Gash+1","Rebound","Coolheaded+1","Rip and Tear","Gash","Beam Cell+1","BootSequence","Scrape+1","Electrodynamics+1","Leap","Defragment+1","Skim+1","Self Repair+1","Gash","Fission+1","All For One","Go for the Eyes+1","Fission+1","Hologram","Conserve Battery+1","Madness","Reprogram","Coolheaded"],"special_seed":0,"relics":["Cracked Core","Frozen Egg 2","Whetstone","Meat on the Bone","Nuclear Battery","MawBank","Mercury Hourglass","Bird Faced Urn","Sozu","Lantern","Dodecahedron","Ice Cream","Bag of Marbles","Bottled Lightning"],"potions_floor_usage":[50],"damage_taken":[{"damage":7.0,"enemies":"Jaw Worm","floor":1.0,"turns":3.0},{"damage":7.0,"enemies":"2 Louse","floor":2.0,"turns":3.0},{"damage":1.0,"enemies":"Cultist","floor":3.0,"turns":3.0},{"damage":5.0,"enemies":"2 Fungi Beasts","floor":4.0,"turns":3.0},{"damage":12.0,"enemies":"3 Louse","floor":5.0,"turns":3.0},{"damage":8.0,"enemies":"Gremlin Nob","floor":7.0,"turns":3.0},{"damage":16.0,"enemies":"Lagavulin Event","floor":13.0,"turns":4.0},{"damage":0.0,"enemies":"Blue Slaver","floor":14.0,"turns":2.0},{"damage":9.0,"enemies":"Slime Boss","floor":16.0,"turns":7.0},{"damage":7.0,"enemies":"2 Thieves","floor":18.0,"turns":2.0},{"damage":20.0,"enemies":"Shell Parasite","floor":20.0,"turns":3.0},{"damage":11.0,"enemies":"Gremlin Leader","floor":24.0,"turns":4.0},{"damage":0.0,"enemies":"Centurion and Healer","floor":27.0,"turns":4.0},{"damage":10.0,"enemies":"Snecko","floor":28.0,"turns":5.0},{"damage":5.0,"enemies":"Snake Plant","floor":30.0,"turns":3.0},{"damage":6.0,"enemies":"Book of Stabbing","floor":31.0,"turns":3.0},{"damage":0.0,"enemies":"Champ","floor":33.0,"turns":7.0},{"damage":6.0,"enemies":"Orb Walker","floor":35.0,"turns":2.0},{"damage":0.0,"enemies":"3 Shapes","floor":38.0,"turns":4.0},{"damage":32.0,"enemies":"Writhing Mass","floor":39.0,"turns":4.0},{"damage":38.0,"enemies":"Giant Head","floor":40.0,"turns":5.0},{"damage":0.0,"enemies":"4 Shapes","floor":42.0,"turns":3.0},{"damage":0.0,"enemies":"Nemesis","floor":44.0,"turns":1.0},{"damage":0.0,"enemies":"Reptomancer","floor":46.0,"turns":2.0},{"damage":0.0,"enemies":"Jaw Worm Horde","floor":47.0,"turns":2.0},{"damage":29,"enemies":"Donu and Deca","floor":50,"turns":7},{"damage":48,"enemies":"Time Eater","floor":51,"turns":7},{"damage":0,"enemies":"Shield and Spear","floor":55,"turns":2},{"damage":74,"enemies":"The Heart","floor":56,"turns":2}],"seed_played":"-5179046330560387131","potions_obtained":[{"floor":4.0,"key":"FearPotion"},{"floor":7.0,"key":"Ancient Potion"},{"floor":13.0,"key":"SpeedPotion"},{"floor":16.0,"key":"Regen Potion"},{"floor":30.0,"key":"Energy Potion"},{"floor":31.0,"key":"AttackPotion"},{"floor":33.0,"key":"GamblersBrew"}],"is_trial":false,"path_per_floor":["M","M","M","M","M","R","E","R","T","?","R","$","?","M","R","B",null,"M","?","M","?","?","R","E","$","T","M","M","R","M","E","R","B",null,"M","?","?","M","M","E","R","M","T","E","R","E","M","?","R","B","B",null,"R","$","E","B"],"character_chosen":"DEFECT","items_purchased":["Beam Cell","PowerPotion","Madness","Reprogram"],"campfire_rested":1,"item_purchase_floors":[12,25,54,54],"current_hp_per_floor":[57,50,49,44,32,53,45,45,45,38,38,38,22,34,34,37,63,56,56,36,36,36,36,37,37,37,37,49,49,54,48,48,64,69,71,71,71,71,51,41,41,57,57,71,71,71,71,71,71,54,34,62,62,62,66,0],"gold":67,"neow_bonus":"TRANSFORM_TWO_CARDS","is_prod":false,"is_daily":false,"chose_seed":false,"campfire_upgraded":9,"win_rate":0,"timestamp":1550421935,"path_taken":["M","M","M","M","M","R","E","R","T","?","R","$","?","M","R","BOSS","M","?","?","?","?","R","E","$","T","M","M","R","M","E","R","BOSS","M","?","?","M","M","E","R","M","T","E","R","E","?","?","R","BOSS","BOSS","R","$","E","BOSS"],"build_version":"2019-01-23","purchased_purges":2,"victory":false,"max_hp_per_floor":[71,71,71,71,71,71,71,71,71,71,71,71,71,71,71,71,71,71,71,71,71,71,71,71,71,71,71,71,71,71,71,71,71,71,71,71,71,71,71,71,71,71,71,71,71,71,71,71,71,71,71,71,71,71,71,71],"card_choices":[{"not_picked":["Rebound","Compile Driver"],"picked":"Gash","floor":1.0},{"not_picked":["Fusion","Barrage","Turbo"],"picked":"SKIP","floor":2.0},{"not_picked":["Melter","Ball Lightning"],"picked":"Rebound","floor":3.0},{"not_picked":["Double Energy","Fission"],"picked":"Coolheaded","floor":4.0},{"not_picked":["Streamline","Loop"],"picked":"Rip and Tear","floor":5.0},{"not_picked":["Rebound","Hologram"],"picked":"Gash","floor":7.0},{"not_picked":["Turbo","Chaos"],"picked":"BootSequence","floor":13.0},{"not_picked":["Streamline","Meteor Strike"],"picked":"Scrape","floor":14.0},{"not_picked":["Core Surge","Meteor Strike"],"picked":"Electrodynamics+1","floor":16.0},{"not_picked":["Redo","BootSequence"],"picked":"Leap","floor":18.0},{"not_picked":["Compile Driver","Stack"],"picked":"Defragment+1","floor":20.0},{"not_picked":["Beam Cell","Rebound"],"picked":"Skim","floor":24.0},{"not_picked":["Steam Power","Hologram"],"picked":"Self Repair+1","floor":27.0},{"not_picked":["Compile Driver","Redo"],"picked":"Gash","floor":28.0},{"not_picked":["Compile Driver","Rebound+1","Steam"],"picked":"SKIP","floor":30.0},{"not_picked":["Hologram","Force Field"],"picked":"Fission","floor":31.0},{"not_picked":["Rainbow","Multi-Cast"],"picked":"All For One","floor":33.0},{"not_picked":["Cold Snap","Streamline","Undo"],"picked":"SKIP","floor":35.0},{"not_picked":["Beam Cell","Stack","Ball Lightning"],"picked":"SKIP","floor":38.0},{"not_picked":["Auto Shields","Barrage+1"],"picked":"Go for the Eyes","floor":39.0},{"not_picked":["Streamline","Genetic Algorithm"],"picked":"Fission","floor":40.0},{"not_picked":["Streamline","Ball Lightning","Redo"],"picked":"SKIP","floor":42.0},{"not_picked":["Beam Cell","Turbo+1"],"picked":"Hologram","floor":44.0},{"not_picked":["Cold Snap","Echo Form+1"],"picked":"Conserve Battery+1","floor":46.0},{"not_picked":["Ball Lightning","Turbo","Redo"],"picked":"SKIP","floor":47.0},{"not_picked":["Turbo","Rip and Tear"],"picked":"Coolheaded","floor":55}],"player_experience":4323269,"relics_obtained":[{"floor":7.0,"key":"Frozen Egg 2"},{"floor":9.0,"key":"Whetstone"},{"floor":13.0,"key":"Meat on the Bone"},{"floor":24.0,"key":"MawBank"},{"floor":26.0,"key":"Mercury Hourglass"},{"floor":31.0,"key":"Bird Faced Urn"},{"floor":40.0,"key":"Lantern"},{"floor":44.0,"key":"Dodecahedron"},{"floor":46.0,"key":"Ice Cream"},{"floor":55,"key":"Bottled Lightning"}],"event_choices":[{"cards_removed":["Strike_B"],"damage_healed":0.0,"max_hp_gain":0.0,"max_hp_loss":0.0,"gold_gain":0.0,"event_name":"Golden Wing","player_choice":"Card Removal","floor":10.0,"gold_loss":0.0,"damage_taken":7.0},{"damage_healed":0.0,"max_hp_gain":0.0,"max_hp_loss":0.0,"gold_gain":0.0,"event_name":"Dead Adventurer","player_choice":"Searched \u00271\u0027 times","floor":13.0,"gold_loss":0.0,"damage_taken":0.0},{"cards_removed":["Defend_B"],"damage_healed":0.0,"max_hp_gain":0.0,"max_hp_loss":0.0,"gold_gain":0.0,"event_name":"Wheel of Change","player_choice":"Card Removal","floor":19.0,"gold_loss":0.0,"damage_taken":0.0},{"damage_healed":0.0,"max_hp_gain":0.0,"max_hp_loss":0.0,"gold_gain":0.0,"event_name":"The Library","player_choice":"Read","floor":21.0,"gold_loss":0.0,"damage_taken":0.0,"cards_obtained":["Glacier"]},{"cards_removed":["Defend_B"],"damage_healed":0.0,"max_hp_gain":0.0,"max_hp_loss":0.0,"gold_gain":0.0,"event_name":"Beggar","player_choice":"Gave Gold","floor":22.0,"gold_loss":75.0,"damage_taken":0.0},{"cards_removed":["Glacier"],"damage_healed":0.0,"max_hp_gain":0.0,"max_hp_loss":0.0,"gold_gain":0.0,"event_name":"Falling","player_choice":"Removed Skill","floor":36.0,"gold_loss":0.0,"damage_taken":0.0},{"damage_healed":0.0,"max_hp_gain":0.0,"max_hp_loss":0.0,"gold_gain":0.0,"event_name":"Tomb of Lord Red Mask","player_choice":"Ignored","floor":37.0,"gold_loss":0.0,"damage_taken":0.0},{"damage_healed":0.0,"max_hp_gain":0.0,"max_hp_loss":0.0,"gold_gain":0.0,"event_name":"WeMeetAgain","player_choice":"Paid Gold","floor":48.0,"gold_loss":112.0,"damage_taken":0.0,"relics_obtained":["Bag of Marbles"]}],"is_beta":false,"boss_relics":[{"not_picked":["Calling Bell","Coffee Dripper"],"picked":"Nuclear Battery"},{"not_picked":["FrozenCore","Busted Crown"],"picked":"Sozu"}],"items_purged_floors":[12,25],"is_endless":false,"potions_floor_spawned":[4,7,13,16,18,20,30,31,33,35,38,44,47],"killed_by":"The Heart","ascension_level":20}