{"gold_per_floor":[107,171,181,198,212,237,237,259,331,331,331,358,37,53,53,119,119,127,139,159,0,11,11,34,34,56,66,74,18,46,46,46,46],"floor_reached":33,"playtime":714,"items_purged":[],"score":810,"play_id":"77d69c15-2a1c-4fea-9d80-36b7edb5c0aa","local_time":"20190130001538","is_ascension_mode":true,"campfire_choices":[{"floor":7,"key":"REST"},{"floor":10,"key":"REST"},{"floor":15,"key":"REST"},{"floor":23,"key":"REST"},{"floor":25,"key":"REST"},{"floor":32,"key":"REST"}],"neow_cost":"","seed_source_timestamp":0,"circlet_count":0,"master_deck":["AscendersBane","Strike_R+1","Strike_R+1","Strike_R","Strike_R","Strike_R","Defend_R","Defend_R","Defend_R","Defend_R","Bash","Anger","Bludgeon","Flame Barrier","Havoc","Inflame","Pummel","Sword Boomerang","Reaper","Shrug It Off","Trip","Shrug It Off","Limit Break","Shame","Shockwave","Evolve+1","Whirlwind+1","Perfected Strike+1","Limit Break"],"relics":["Burning Blood","AscMod:CursedFlame","AscMod:MegaStarOfAscension","AscMod:CursedBank","Art of War","Kunai","Tiny Chest","CultistMask","Whetstone","Snecko Eye","Anchor","Happy Flower","Bag of Preparation","Shuriken"],"potions_floor_usage":[6,8,16,22,28,33],"damage_taken":[{"damage":6,"enemies":"Jaw Worm","floor":1,"turns":5},{"damage":7,"enemies":"Small Slimes","floor":3,"turns":3},{"damage":1,"enemies":"Cultist","floor":4,"turns":3},{"damage":15,"enemies":"Blue Slaver","floor":5,"turns":6},{"damage":35,"enemies":"3 Sentries","floor":6,"turns":9},{"damage":16,"enemies":"Lagavulin","floor":8,"turns":6},{"damage":33,"enemies":"3 Sentries","floor":12,"turns":8},{"damage":7,"enemies":"Looter","floor":14,"turns":3},{"damage":0,"enemies":"Slime Boss","floor":16,"turns":3},{"damage":28,"enemies":"Shell Parasite","floor":18,"turns":4},{"damage":10,"enemies":"2 Thieves","floor":19,"turns":3},{"damage":30,"enemies":"Snake Plant","floor":22,"turns":6},{"damage":21,"enemies":"Sentry and Sphere","floor":27,"turns":5},{"damage":12,"enemies":"Cultist and Chosen","floor":28,"turns":4},{"damage":0,"enemies":"Gremlin Leader","floor":30,"turns":5},{"damage":76,"enemies":"Collector","floor":33,"turns":7}],"seed_played":"4900710327601235438","potions_obtained":[{"floor":3,"key":"SteroidPotion"},{"floor":4,"key":"Fire Potion"},{"floor":6,"key":"Block Potion"},{"floor":12,"key":"AttackPotion"},{"floor":19,"key":"Weak Potion"},{"floor":27,"key":"SpeedPotion"}],"is_trial":true,"path_per_floor":["M","?","M","M","M","E","R","E","T","R","?","E","$","M","R","B",null,"M","M","T","?","M","R","T","R","T","M","M","$","E","?","R","B"],"character_chosen":"IRONCLAD","items_purchased":["Reaper","Shrug It Off","Trip","Block Potion"],"campfire_rested":6,"item_purchase_floors":[13,13,13,29],"current_hp_per_floor":[67,56,54,58,48,18,36,25,25,43,43,15,15,13,31,36,59,36,36,36,36,16,34,34,52,52,39,38,38,57,57,75,0],"gold":46,"neow_bonus":"","is_prod":false,"is_daily":false,"chose_seed":false,"campfire_upgraded":0,"win_rate":0,"timestamp":1548774938,"path_taken":["M","?","M","M","M","E","R","E","T","R","?","E","$","M","R","BOSS","M","M","?","?","M","R","?","R","T","?","M","$","E","?","R","BOSS"],"build_version":"2019-01-23","purchased_purges":0,"victory":false,"max_hp_per_floor":[75,75,75,75,75,75,75,75,75,75,75,75,75,75,75,75,75,75,75,75,75,75,75,75,75,75,75,75,75,75,75,75,75],"card_choices":[{"not_picked":["Wild Strike","Warcry"],"picked":"Anger","floor":1},{"not_picked":["Burning Pact","Infernal Blade"],"picked":"Bludgeon","floor":3},{"not_picked":["Whirlwind","Blood for Blood"],"picked":"Flame Barrier","floor":4},{"not_picked":["Warcry","Body Slam"],"picked":"Havoc","floor":5},{"not_picked":["Clothesline","Cleave"],"picked":"Inflame","floor":6},{"not_picked":["Double Tap","Heavy Blade"],"picked":"Pummel","floor":8},{"not_picked":["Reckless Charge","Thunderclap"],"picked":"Sword Boomerang","floor":12},{"not_picked":["Headbutt","Armaments"],"picked":"Shrug It Off","floor":14},{"not_picked":["Dark Embrace","Immolate"],"picked":"Limit Break","floor":16},{"not_picked":["Clash+1","Anger"],"picked":"Shockwave","floor":18},{"not_picked":["Hemokinesis","Infernal Blade"],"picked":"Evolve+1","floor":19},{"not_picked":["Armaments","Anger","Intimidate"],"picked":"SKIP","floor":22},{"not_picked":["Infernal Blade","Clothesline"],"picked":"Whirlwind+1","floor":27},{"not_picked":["Blood for Blood","Rage+1"],"picked":"Perfected Strike+1","floor":28},{"not_picked":["Havoc+1","Flex"],"picked":"Limit Break","floor":30}],"player_experience":4162645,"relics_obtained":[{"floor":6,"key":"Art of War"},{"floor":8,"key":"Kunai"},{"floor":9,"key":"Tiny Chest"},{"floor":12,"key":"Whetstone"},{"floor":20,"key":"Anchor"},{"floor":24,"key":"Happy Flower"},{"floor":26,"key":"Bag of Preparation"},{"floor":30,"key":"Shuriken"}],"event_choices":[{"damage_healed":0,"gold_gain":75,"player_choice":"Gather Gold","damage_taken":11,"max_hp_gain":0,"max_hp_loss":0,"event_name":"World of Goop","floor":2,"gold_loss":0},{"damage_healed":0,"gold_gain":0,"player_choice":"Trade","damage_taken":0,"relics_obtained":["CultistMask"],"max_hp_gain":0,"max_hp_loss":0,"event_name":"FaceTrader","floor":11,"gold_loss":0},{"damage_healed":0,"gold_gain":0,"player_choice":"Paid Fearfully","damage_taken":0,"max_hp_gain":0,"max_hp_loss":0,"event_name":"Masked Bandits","floor":21,"gold_loss":159},{"damage_healed":0,"gold_gain":0,"player_choice":"Ignored","damage_taken":0,"max_hp_gain":0,"max_hp_loss":0,"event_name":"Ghosts","floor":31,"gold_loss":0}],"is_beta":false,"boss_relics":[{"not_picked":["Runic Cube","Sozu"],"picked":"Snecko Eye"}],"items_purged_floors":[],"is_endless":false,"potions_floor_spawned":[3,4,6,12,19,27,30],"killed_by":"Collector","ascension_level":25}