{"gold_per_floor":[211,228,33,53,53,53,53,53,53,78,137,163,163,163,163,284,284,309,309,327,363,278,278,311,332,332,375,393,393,393,518,518,646,646,669,669,15,36,56,56,79,79,79,79,98,138,158,181,181,181],"floor_reached":51,"playtime":3844,"items_purged":["Injury"],"score":916,"play_id":"c22461c7-4301-4727-bc8b-088ad5483d54","local_time":"20190221221354","is_ascension_mode":true,"campfire_choices":[{"data":"Combust","floor":6.0,"key":"SMITH"},{"data":"Rupture","floor":8.0,"key":"SMITH"},{"floor":13.0,"key":"REST"},{"floor":15.0,"key":"REST"},{"floor":23.0,"key":"REST"},{"floor":29.0,"key":"REST"},{"floor":32.0,"key":"REST"},{"data":"Limit Break","floor":40,"key":"SMITH"},{"data":"Metallicize","floor":42,"key":"SMITH"},{"data":"Juggernaut","floor":44,"key":"SMITH"},{"floor":49,"key":"REST"}],"neow_cost":"NONE","seed_source_timestamp":0,"circlet_count":0,"master_deck":["Defend_R","Defend_R","Defend_R","Defend_R","Bash","Metallicize+1","Combust+1","Disarm","Rupture+1","Clothesline","Shockwave","Juggernaut+1","Clothesline+1","Uppercut","Heavy Blade","Reaper","Pummel","Bite","Bite","Bite","Bite","Bite","Inflame+1","Limit Break+1","Evolve+1","Madness","Madness","Pummel","Panacea","Rupture+1"],"special_seed":0,"relics":["Burning Blood","Oddly Smooth Stone","Mercury Hourglass","Juzu Bracelet","Boot","Darkstone Periapt","Art of War","Golden Idol","Snecko Eye","Red Mask","Anchor","Ginger","Frozen Egg 2","Calipers","Bottled Lightning","Busted Crown","Membership Card","Singing Bowl","Thread and Needle","Sundial","Ancient Tea Set"],"potions_floor_usage":[33,33,33,39,45,47,50,50],"damage_taken":[{"damage":19.0,"enemies":"Jaw Worm","floor":1.0,"turns":3.0},{"damage":9.0,"enemies":"Small Slimes","floor":2.0,"turns":4.0},{"damage":7.0,"enemies":"Cultist","floor":4.0,"turns":4.0},{"damage":21.0,"enemies":"3 Sentries","floor":10.0,"turns":5.0},{"damage":34.0,"enemies":"Gremlin Nob","floor":11.0,"turns":5.0},{"damage":17.0,"enemies":"Gremlin Nob","floor":12.0,"turns":5.0},{"damage":38.0,"enemies":"Hexaghost","floor":16.0,"turns":8.0},{"damage":9.0,"enemies":"Chosen","floor":18.0,"turns":3.0},{"damage":17.0,"enemies":"2 Thieves","floor":20.0,"turns":4.0},{"damage":50.0,"enemies":"Masked Bandits","floor":21.0,"turns":4.0},{"damage":20.0,"enemies":"Book of Stabbing","floor":24.0,"turns":5.0},{"damage":10.0,"enemies":"Snake Plant","floor":25.0,"turns":3.0},{"damage":28.0,"enemies":"Gremlin Leader","floor":27.0,"turns":5.0},{"damage":12.0,"enemies":"Snecko","floor":28.0,"turns":4.0},{"damage":5.0,"enemies":"Colosseum Slavers","floor":31.0,"turns":3.0},{"damage":37.0,"enemies":"Colosseum Nobs","floor":31.0,"turns":6.0},{"damage":81,"enemies":"Champ","floor":33,"turns":10},{"damage":22,"enemies":"3 Darklings","floor":35,"turns":4},{"damage":3,"enemies":"3 Shapes","floor":38,"turns":3},{"damage":9,"enemies":"3 Darklings","floor":39,"turns":4},{"damage":11,"enemies":"Transient","floor":41,"turns":5},{"damage":7,"enemies":"4 Shapes","floor":45,"turns":4},{"damage":37,"enemies":"Reptomancer","floor":46,"turns":6},{"damage":49,"enemies":"Writhing Mass","floor":47,"turns":6},{"damage":9,"enemies":"Spire Growth","floor":48,"turns":4},{"damage":84,"enemies":"Donu and Deca","floor":50,"turns":6}],"seed_played":"-1831653297712828513","potions_obtained":[{"floor":1.0,"key":"Weak Potion"},{"floor":4.0,"key":"Dexterity Potion"},{"floor":11.0,"key":"SpeedPotion"},{"floor":18.0,"key":"AttackPotion"},{"floor":21.0,"key":"Ancient Potion"},{"floor":24.0,"key":"FearPotion"},{"floor":28.0,"key":"SkillPotion"},{"floor":31.0,"key":"BloodPotion"},{"floor":41,"key":"Poison Potion"},{"floor":46,"key":"Regen Potion"},{"floor":47,"key":"LiquidBronze"},{"floor":48,"key":"Energy Potion"}],"is_trial":false,"path_per_floor":["M","M","$","M","?","R","T","R","T","E","?","E","R","?","R","B",null,"M","?","M","?","?","R","E","M","T","E","M","R","?","?","R","B",null,"M","?","$","M","M","R","M","R","T","R","M","E","M","M","R","B",null],"character_chosen":"IRONCLAD","items_purchased":["Disarm","Oddly Smooth Stone","Membership Card","Singing Bowl","Thread and Needle","Pummel","Dexterity Potion","Dexterity Potion","Panacea"],"campfire_rested":6,"item_purchase_floors":[3,3,37,37,37,37,37,37,37],"current_hp_per_floor":[67,64,64,63,63,63,63,63,63,48,20,9,33,39,64,32,73,70,86,75,31,31,56,42,38,38,18,14,39,39,28,53,12,68,78,67,67,87,90,90,90,90,90,90,92,71,55,62,91,30],"gold":181,"neow_bonus":"HUNDRED_GOLD","is_prod":false,"is_daily":false,"chose_seed":false,"campfire_upgraded":5,"win_rate":0,"timestamp":1550783634,"path_taken":["M","M","$","M","?","R","?","R","T","E","?","E","R","?","R","BOSS","M","?","M","?","?","R","E","M","T","E","M","R","?","?","R","BOSS","M","?","$","M","M","R","M","R","T","R","M","E","M","M","R","BOSS"],"build_version":"2019-01-23","purchased_purges":1,"victory":true,"max_hp_per_floor":[80,80,80,80,80,80,80,80,80,80,80,80,80,86,86,86,86,86,86,86,86,86,86,86,86,86,86,86,86,86,86,86,86,86,86,86,86,88,90,90,90,90,90,90,92,94,96,98,98,98],"card_choices":[{"not_picked":["Armaments","True Grit"],"picked":"Metallicize","floor":1.0},{"not_picked":["Warcry","Disarm"],"picked":"Combust","floor":2.0},{"not_picked":["Body Slam","True Grit"],"picked":"Rupture","floor":4.0},{"not_picked":["Anger","Carnage"],"picked":"Clothesline","floor":10.0},{"not_picked":["True Grit","Cleave"],"picked":"Combust","floor":11.0},{"not_picked":["Headbutt","Bloodletting"],"picked":"Shockwave","floor":12.0},{"not_picked":["Demon Form","Impervious"],"picked":"Juggernaut","floor":16.0},{"not_picked":["Armaments","Anger"],"picked":"Clothesline+1","floor":18.0},{"not_picked":["Cleave","Anger","Pummel+1"],"picked":"SKIP","floor":20.0},{"not_picked":["Armaments+1","Whirlwind"],"picked":"Uppercut","floor":21.0},{"not_picked":["Thunderclap","Flex"],"picked":"Heavy Blade","floor":24.0},{"not_picked":["Headbutt+1","Shrug It Off","Clash"],"picked":"SKIP","floor":25.0},{"not_picked":["Entrench","Rampage"],"picked":"Reaper","floor":27.0},{"not_picked":["Pommel Strike","Body Slam+1"],"picked":"Pummel","floor":28.0},{"not_picked":["Flex","Iron Wave"],"picked":"Inflame+1","floor":31.0},{"not_picked":["Fiend Fire","Dark Embrace+1"],"picked":"Limit Break","floor":33},{"not_picked":[],"picked":"Evolve+1","floor":35},{"not_picked":["Headbutt"],"picked":"Singing Bowl","floor":38},{"not_picked":["Pommel Strike"],"picked":"Singing Bowl","floor":39},{"not_picked":[],"picked":"Rupture+1","floor":41},{"not_picked":["Thunderclap+1"],"picked":"Singing Bowl","floor":45},{"not_picked":["Rage"],"picked":"Singing Bowl","floor":46},{"not_picked":["Armaments+1"],"picked":"Singing Bowl","floor":47},{"not_picked":["Thunderclap"],"picked":"Singing Bowl","floor":48}],"player_experience":354136,"relics_obtained":[{"floor":7.0,"key":"Mercury Hourglass"},{"floor":9.0,"key":"Juzu Bracelet"},{"floor":10.0,"key":"Boot"},{"floor":11.0,"key":"Darkstone Periapt"},{"floor":12.0,"key":"Art of War"},{"floor":21.0,"key":"Red Mask"},{"floor":24.0,"key":"Ginger"},{"floor":26.0,"key":"Blood Vial"},{"floor":27.0,"key":"Frozen Egg 2"},{"floor":31.0,"key":"Calipers"},{"floor":31.0,"key":"Bottled Lightning"},{"floor":43,"key":"Sundial"},{"floor":46,"key":"Ancient Tea Set"}],"event_choices":[{"damage_healed":0.0,"max_hp_gain":0.0,"max_hp_loss":0.0,"gold_gain":0.0,"event_name":"Liars Game","player_choice":"Ignored","floor":5.0,"gold_loss":0.0,"damage_taken":0.0},{"damage_healed":0.0,"max_hp_gain":0.0,"max_hp_loss":0.0,"gold_gain":0.0,"event_name":"Dead Adventurer","player_choice":"Searched \u00271\u0027 times","floor":11.0,"gold_loss":0.0,"damage_taken":0.0},{"damage_healed":0.0,"max_hp_gain":0.0,"max_hp_loss":0.0,"gold_gain":0.0,"event_name":"Golden Idol","player_choice":"Take Wound","floor":14.0,"gold_loss":0.0,"damage_taken":0.0,"relics_obtained":["Golden Idol"],"cards_obtained":["Injury"]},{"cards_removed":["Combust"],"damage_healed":16.0,"max_hp_gain":0.0,"max_hp_loss":0.0,"gold_gain":0.0,"event_name":"Bonfire Elementals","player_choice":"Offered Uncommon","floor":19.0,"gold_loss":0.0,"damage_taken":0.0},{"damage_healed":0.0,"max_hp_gain":0.0,"max_hp_loss":0.0,"gold_gain":0.0,"event_name":"Masked Bandits","player_choice":"Fought Bandits","floor":21.0,"gold_loss":0.0,"damage_taken":0.0},{"damage_healed":0.0,"max_hp_gain":0.0,"max_hp_loss":0.0,"gold_gain":0.0,"event_name":"Addict","player_choice":"Obtained Relic","floor":22.0,"gold_loss":85.0,"damage_taken":0.0,"relics_obtained":["Anchor"]},{"damage_healed":0.0,"max_hp_gain":0.0,"max_hp_loss":0.0,"gold_gain":0.0,"event_name":"Vampires","player_choice":"Became a vampire (Vial)","floor":30.0,"relics_lost":["Blood Vial"],"gold_loss":0.0,"damage_taken":0.0,"cards_obtained":["Bite","Bite","Bite","Bite","Bite"]},{"damage_healed":0.0,"max_hp_gain":0.0,"max_hp_loss":0.0,"gold_gain":0.0,"event_name":"Colosseum","player_choice":"Fight","floor":31.0,"gold_loss":0.0,"damage_taken":0.0},{"damage_healed":0.0,"max_hp_gain":0.0,"max_hp_loss":0.0,"gold_gain":0.0,"event_name":"Colosseum","player_choice":"Fought Nobs","floor":31.0,"gold_loss":0.0,"damage_taken":0.0},{"damage_healed":0,"gold_gain":0,"player_choice":"Embrace Madness","damage_taken":11,"max_hp_gain":0,"max_hp_loss":0,"event_name":"Winding Halls","floor":36,"gold_loss":0,"cards_obtained":["Madness","Madness"]}],"is_beta":false,"boss_relics":[{"not_picked":["Astrolabe","Eternal Feather"],"picked":"Snecko Eye"},{"not_picked":["Tiny House","Pandora\u0027s Box"],"picked":"Busted Crown"}],"items_purged_floors":[37],"is_endless":false,"potions_floor_spawned":[1,4,11,18,21,24,28,31,41,46,47,48],"ascension_level":5}