{"gold_per_floor":[361,361,109,109,120,146,158,35,35,54,66,78,78,92,92,195,195,209,209,33,34,54,54,89,89,89,89,89,104,33,33,33,128,128,141,157,157,157,32,32,43,69,122,122,140,167,184,184,184,184],"floor_reached":50,"playtime":4210,"items_purged":["Strike_B","Defend_B","Decay"],"score":809,"play_id":"53a8349e-e2d7-4d6d-88d2-fd50e46e4782","local_time":"20190118001201","is_ascension_mode":true,"campfire_choices":[{"floor":13.0,"key":"REST"},{"floor":15.0,"key":"REST"},{"data":"Scrape","floor":23.0,"key":"SMITH"},{"floor":25.0,"key":"REST"},{"floor":27.0,"key":"REST"},{"data":"Echo Form","floor":32.0,"key":"SMITH"},{"floor":40.0,"key":"REST"},{"floor":44.0,"key":"REST"},{"floor":49.0,"key":"REST"}],"neow_cost":"TEN_PERCENT_HP_LOSS","seed_source_timestamp":477362395587392,"circlet_count":0,"master_deck":["AscendersBane","Defend_B","Zap","Dualcast","Cold Snap","Thinking Ahead","Gash","Chill","Echo Form+1","Streamline","Chill","Scrape+1","Leap+1","BootSequence+1","Storm+1","Gash","Glacier","Coolheaded","Go for the Eyes+1","Sunder","Recycle+1","Glacier+1","Defragment","Seek+1","Scrape","Compile Driver","Parasite","Hologram+1","Panache"],"special_seed":0,"relics":["FrozenCore","Dodecahedron","Kunai","FossilizedHelix","Astrolabe","Toxic Egg 2","Orichalcum","Bottled Tornado","Happy Flower","Bird Faced Urn"],"potions_floor_usage":[],"damage_taken":[{"damage":8.0,"enemies":"Small Slimes","floor":1.0,"turns":4.0},{"damage":1.0,"enemies":"2 Louse","floor":5.0,"turns":3.0},{"damage":24.0,"enemies":"3 Sentries","floor":6.0,"turns":8.0},{"damage":5.0,"enemies":"Jaw Worm","floor":7.0,"turns":4.0},{"damage":10.0,"enemies":"Exordium Thugs","floor":10.0,"turns":6.0},{"damage":3.0,"enemies":"3 Louse","floor":11.0,"turns":3.0},{"damage":0.0,"enemies":"Red Slaver","floor":12.0,"turns":3.0},{"damage":0.0,"enemies":"Blue Slaver","floor":14.0,"turns":3.0},{"damage":20.0,"enemies":"Hexaghost","floor":16.0,"turns":10.0},{"damage":0.0,"enemies":"Spheric Guardian","floor":18.0,"turns":4.0},{"damage":0.0,"enemies":"2 Thieves","floor":21.0,"turns":5.0},{"damage":0.0,"enemies":"Snecko","floor":22.0,"turns":6.0},{"damage":46.0,"enemies":"Gremlin Leader","floor":24.0,"turns":7.0},{"damage":0.0,"enemies":"Snake Plant","floor":29.0,"turns":6.0},{"damage":34.0,"enemies":"Collector","floor":33.0,"turns":14.0},{"damage":6.0,"enemies":"3 Darklings","floor":35.0,"turns":10.0},{"damage":13.0,"enemies":"Orb Walker","floor":36.0,"turns":8.0},{"damage":5.0,"enemies":"Spire Growth","floor":41.0,"turns":7.0},{"damage":50.0,"enemies":"Reptomancer","floor":42.0,"turns":14.0},{"damage":0.0,"enemies":"Writhing Mass","floor":45.0,"turns":10.0},{"damage":3.0,"enemies":"Giant Head","floor":46.0,"turns":11.0},{"damage":15.0,"enemies":"3 Darklings","floor":47.0,"turns":8.0},{"damage":71,"enemies":"Donu and Deca","floor":50,"turns":9}],"seed_played":"-4885440608885082680","potions_obtained":[{"floor":1.0,"key":"SteroidPotion"},{"floor":11.0,"key":"GamblersBrew"},{"floor":12.0,"key":"Weak Potion"},{"floor":16.0,"key":"Block Potion"},{"floor":18.0,"key":"SpeedPotion"},{"floor":22.0,"key":"Swift Potion"},{"floor":24.0,"key":"Dexterity Potion"},{"floor":33.0,"key":"FairyPotion"},{"floor":45.0,"key":"Swift Potion"},{"floor":46.0,"key":"EssenceOfSteel"}],"is_trial":false,"path_per_floor":["M","?","$","?","M","E","M","$","T","M","M","M","R","M","R","B",null,"M","?","$","M","M","R","E","R","T","R","?","M","$","?","R","B",null,"M","M","?","?","$","R","M","E","T","R","M","E","M","?","R","B"],"character_chosen":"DEFECT","items_purchased":["Thinking Ahead","Echo Form","Streamline","Glacier","Defragment"],"campfire_rested":7,"item_purchase_floors":[3,8,8,20,30],"current_hp_per_floor":[60,65,65,58,57,33,28,28,28,18,15,15,36,36,57,37,64,64,64,64,64,64,64,18,39,39,60,60,60,60,60,60,26,61,55,42,42,39,39,60,55,5,5,26,26,23,14,14,35,0],"gold":184,"neow_bonus":"TWO_FIFTY_GOLD","is_prod":false,"is_daily":false,"chose_seed":false,"campfire_upgraded":2,"win_rate":0,"timestamp":1547788321,"path_taken":["M","?","$","?","M","E","M","?","T","M","M","M","R","?","R","BOSS","M","?","$","M","?","R","E","R","T","R","?","M","$","?","R","BOSS","M","M","?","?","$","R","?","E","T","R","?","E","M","?","R","BOSS"],"build_version":"2019-01-17","purchased_purges":3,"victory":false,"max_hp_per_floor":[68,73,73,73,73,73,73,73,73,73,73,73,73,73,73,73,73,73,73,73,73,73,73,73,73,73,73,73,73,73,73,73,73,73,73,73,73,73,73,73,73,73,73,73,73,73,73,73,73,73],"card_choices":[{"not_picked":["Recycle","Steam"],"picked":"Cold Snap","floor":1.0},{"not_picked":["Streamline","Stack"],"picked":"Gash","floor":5.0},{"not_picked":["Heatsinks","Undo"],"picked":"Chill","floor":6.0},{"not_picked":["Beam Cell","Sweeping Beam","Consume"],"picked":"SKIP","floor":7.0},{"not_picked":["Double Energy","Capacitor","Heatsinks"],"picked":"SKIP","floor":10.0},{"not_picked":["Storm","Streamline"],"picked":"Chill","floor":11.0},{"not_picked":["Rip and Tear","Turbo","Steam"],"picked":"SKIP","floor":12.0},{"not_picked":["Heatsinks","Thunder Strike"],"picked":"Scrape","floor":14.0},{"not_picked":["Barrage","Scrape+1"],"picked":"Gash","floor":18.0},{"not_picked":["Compile Driver","Self Repair"],"picked":"Coolheaded","floor":21.0},{"not_picked":["Scrape+1","Sweeping Beam","Leap+1"],"picked":"SKIP","floor":22.0},{"not_picked":["Redo","Cold Snap"],"picked":"Go for the Eyes+1","floor":24.0},{"not_picked":["Barrage+1","Fission+1"],"picked":"Glacier+1","floor":29.0},{"not_picked":["Core Surge","Rainbow+1"],"picked":"Seek+1","floor":33.0},{"not_picked":["Undo+1","Leap+1","Chaos+1"],"picked":"SKIP","floor":35.0},{"not_picked":["Cold Snap","Coolheaded+1"],"picked":"Scrape","floor":36.0},{"not_picked":["Chaos+1","Tempest+1"],"picked":"Compile Driver","floor":41.0},{"not_picked":["Consume+1","Ball Lightning","Cold Snap"],"picked":"SKIP","floor":42.0},{"not_picked":["Compile Driver+1","Go for the Eyes+1","Hyperbeam"],"picked":"SKIP","floor":45.0},{"not_picked":["Steam+1","Turbo+1"],"picked":"Hologram+1","floor":46.0},{"not_picked":["Sweeping Beam","Redo+1","Aggregate+1"],"picked":"SKIP","floor":47.0},{"not_picked":["Deep Breath+1","Bandage Up+1"],"picked":"Panache","floor":48.0}],"player_experience":421321,"relics_obtained":[{"floor":6.0,"key":"Kunai"},{"floor":9.0,"key":"FossilizedHelix"},{"floor":24.0,"key":"Toxic Egg 2"},{"floor":26.0,"key":"Orichalcum"},{"floor":42.0,"key":"Bottled Tornado"},{"floor":43.0,"key":"Happy Flower"},{"floor":46.0,"key":"Bird Faced Urn"}],"event_choices":[{"damage_healed":0.0,"max_hp_gain":5.0,"max_hp_loss":0.0,"gold_gain":0.0,"event_name":"Big Fish","player_choice":"Donut","floor":2.0,"gold_loss":0.0,"damage_taken":0.0},{"damage_healed":0.0,"max_hp_gain":0.0,"max_hp_loss":0.0,"gold_gain":0.0,"event_name":"Scrap Ooze","player_choice":"Success","floor":4.0,"gold_loss":0.0,"damage_taken":7.0,"relics_obtained":["Dodecahedron"]},{"damage_healed":0.0,"max_hp_gain":0.0,"max_hp_loss":0.0,"gold_gain":0.0,"event_name":"Match and Keep!","player_choice":"0 cards matched","floor":19.0,"gold_loss":0.0,"damage_taken":0.0,"cards_obtained":[]},{"damage_healed":0.0,"max_hp_gain":0.0,"max_hp_loss":0.0,"gold_gain":0.0,"cards_transformed":["Defend_B","Strike_B"],"event_name":"Drug Dealer","player_choice":"Became Test Subject","floor":28.0,"gold_loss":0.0,"damage_taken":0.0,"cards_obtained":["Sunder","Recycle"]},{"damage_healed":0.0,"max_hp_gain":0.0,"max_hp_loss":0.0,"gold_gain":0.0,"event_name":"Wheel of Change","player_choice":"Cursed","floor":31.0,"gold_loss":0.0,"damage_taken":0.0,"cards_obtained":["Decay"]},{"damage_healed":0.0,"max_hp_gain":0.0,"max_hp_loss":0.0,"gold_gain":0.0,"event_name":"Tomb of Lord Red Mask","player_choice":"Ignored","floor":37.0,"gold_loss":0.0,"damage_taken":0.0},{"damage_healed":0.0,"max_hp_gain":0.0,"max_hp_loss":0.0,"gold_gain":0.0,"event_name":"Designer","player_choice":"Punched","floor":38.0,"gold_loss":0.0,"damage_taken":3.0},{"damage_healed":0.0,"max_hp_gain":0.0,"max_hp_loss":0.0,"gold_gain":0.0,"event_name":"SensoryStone","player_choice":"Memory 1","floor":48.0,"gold_loss":0.0,"damage_taken":0.0}],"is_beta":false,"boss_relics":[{"not_picked":["Lizard Tail","Black Star"],"picked":"Astrolabe"},{"not_picked":["Nuclear Battery","Busted Crown"],"picked":"FrozenCore"}],"items_purged_floors":[3,20,39],"is_endless":false,"potions_floor_spawned":[1,11,12,14,16,18,22,24,33,36,45,46],"killed_by":"Donu and Deca","ascension_level":11}