{"gold_per_floor":[109,122,138,151,161,190,190,210,289,309,309,319,319,319,319,394,394,413,613,632,632],"floor_reached":21,"playtime":837,"items_purged":[],"score":352,"play_id":"87e78a8c-2031-4015-bf89-fbbee8b85aaa","local_time":"20190319104909","is_ascension_mode":true,"campfire_choices":[{"floor":7.0,"key":"REST"},{"floor":11.0,"key":"REST"},{"floor":15.0,"key":"REST"}],"neow_cost":"NONE","seed_source_timestamp":3522873847029,"circlet_count":0,"master_deck":["AscendersBane","Strike_R","Strike_R","Strike_R","Strike_R","Strike_R","Defend_R","Defend_R","Defend_R","Defend_R","Bash","Feel No Pain","Power Through","Double Tap","Armaments","Whirlwind","Inflame","Second Wind","Rage+1","Intimidate+1","Feed","Warcry+1","Flame Barrier+1"],"special_seed":0,"relics":["Fusion Hammer","Happy Flower","Toxic Egg 2","Philosopher\u0027s Stone"],"potions_floor_usage":[],"damage_taken":[{"damage":2.0,"enemies":"Jaw Worm","floor":1.0,"turns":3.0},{"damage":4.0,"enemies":"2 Louse","floor":2.0,"turns":3.0},{"damage":1.0,"enemies":"Cultist","floor":3.0,"turns":3.0},{"damage":17.0,"enemies":"Gremlin Gang","floor":4.0,"turns":6.0},{"damage":18.0,"enemies":"Large Slime","floor":5.0,"turns":9.0},{"damage":20.0,"enemies":"3 Sentries","floor":6.0,"turns":5.0},{"damage":10.0,"enemies":"Looter","floor":8.0,"turns":4.0},{"damage":4.0,"enemies":"Gremlin Gang","floor":10.0,"turns":3.0},{"damage":12.0,"enemies":"2 Fungi Beasts","floor":12.0,"turns":2.0},{"damage":74.0,"enemies":"The Guardian","floor":16.0,"turns":15.0},{"damage":30,"enemies":"Spheric Guardian","floor":18,"turns":7},{"damage":4,"enemies":"3 Byrds","floor":20,"turns":7},{"damage":32,"enemies":"Centurion and Healer","floor":21,"turns":2}],"seed_played":"6582267661675422994","potions_obtained":[{"floor":1.0,"key":"BloodPotion"},{"floor":3.0,"key":"Fire Potion"},{"floor":6.0,"key":"LiquidBronze"},{"floor":8.0,"key":"SpeedPotion"}],"is_trial":false,"path_per_floor":["M","M","M","M","M","E","R","M","T","M","R","M","?","?","R","B",null,"M","?","M","M"],"character_chosen":"IRONCLAD","items_purchased":[],"campfire_rested":3,"item_purchase_floors":[],"current_hp_per_floor":[66,62,68,51,33,13,35,25,25,21,43,31,31,56,75,1,57,27,27,26,0],"gold":632,"neow_bonus":"BOSS_RELIC","is_prod":false,"is_daily":false,"chose_seed":false,"campfire_upgraded":0,"win_rate":0,"timestamp":1552960149,"path_taken":["M","M","M","M","M","E","R","M","T","M","R","M","?","?","R","BOSS","M","?","?","?"],"build_version":"2019-01-23","purchased_purges":0,"victory":false,"max_hp_per_floor":[75,75,75,75,75,75,75,75,75,75,75,75,75,75,75,75,75,75,75,78,78],"card_choices":[{"not_picked":["Pommel Strike","Fire Breathing"],"picked":"Feel No Pain","floor":1.0},{"not_picked":["Heavy Blade","Warcry"],"picked":"Power Through","floor":2.0},{"not_picked":["Blood for Blood","Wild Strike"],"picked":"Double Tap","floor":3.0},{"not_picked":["Whirlwind","Anger"],"picked":"Armaments","floor":4.0},{"not_picked":["Pommel Strike","Pummel"],"picked":"Whirlwind","floor":5.0},{"not_picked":["Warcry","Havoc"],"picked":"Inflame","floor":6.0},{"not_picked":["Corruption","Rupture"],"picked":"Second Wind","floor":8.0},{"not_picked":["Body Slam","Shrug It Off+1"],"picked":"Rage+1","floor":10.0},{"not_picked":["Pommel Strike","Headbutt"],"picked":"Intimidate+1","floor":12.0},{"not_picked":["Immolate","Dark Embrace"],"picked":"Feed","floor":16.0},{"not_picked":["Clothesline","Feel No Pain"],"picked":"Warcry+1","floor":18},{"not_picked":["Perfected Strike","Sword Boomerang"],"picked":"Flame Barrier+1","floor":20}],"player_experience":357099,"relics_obtained":[{"floor":6.0,"key":"Happy Flower"},{"floor":9.0,"key":"Toxic Egg 2"}],"event_choices":[{"damage_healed":0.0,"max_hp_gain":0.0,"max_hp_loss":0.0,"gold_gain":0.0,"event_name":"Liars Game","player_choice":"Ignored","floor":13.0,"gold_loss":0.0,"damage_taken":0.0},{"damage_healed":25.0,"max_hp_gain":0.0,"max_hp_loss":0.0,"gold_gain":0.0,"event_name":"Big Fish","player_choice":"Banana","floor":14.0,"gold_loss":0.0,"damage_taken":0.0},{"damage_healed":0,"gold_gain":250,"player_choice":"Bet on Owner","damage_taken":0,"max_hp_gain":0,"max_hp_loss":0,"event_name":"The Joust","floor":19,"gold_loss":50}],"is_beta":false,"boss_relics":[{"not_picked":["Empty Cage","Orrery"],"picked":"Philosopher\u0027s Stone"}],"items_purged_floors":[],"is_endless":false,"potions_floor_spawned":[1,3,6,8,12,16],"killed_by":"Centurion and Healer","ascension_level":18}