{"gold_per_floor":[115,115,133,147,167,167,167,167,167,185,205,215,229,256,256,333,333,344,14,14,14,28,28],"floor_reached":23,"playtime":935,"items_purged":["Strike_R"],"score":361,"play_id":"667887fa-70f0-4ce8-94e8-97c1eabea8e1","local_time":"20190314223707","is_ascension_mode":true,"campfire_choices":[{"data":"Cleave","floor":6.0,"key":"SMITH"},{"data":"Shrug It Off","floor":8.0,"key":"SMITH"},{"data":"True Grit","floor":15.0,"key":"SMITH"}],"neow_cost":"NONE","seed_source_timestamp":2308242960857,"circlet_count":0,"master_deck":["AscendersBane","Strike_R","Strike_R","Strike_R","Defend_R","Defend_R","Defend_R","Defend_R","Bash","Pommel Strike","Cleave+1","Twin Strike","Shrug It Off+1","Pain","Shrug It Off","True Grit+1","Impervious","Dropkick","Feed","Demon Form","Perfected Strike","Rupture","Double Tap","Heavy Blade","Feed","Evolve"],"special_seed":0,"relics":["Burning Blood","NeowsBlessing","WarpedTongs","Blood Vial","Mercury Hourglass","Cursed Key"],"potions_floor_usage":[16],"damage_taken":[{"damage":0.0,"enemies":"Small Slimes","floor":1.0,"turns":1.0},{"damage":0.0,"enemies":"Cultist","floor":3.0,"turns":1.0},{"damage":0.0,"enemies":"2 Louse","floor":4.0,"turns":1.0},{"damage":12.0,"enemies":"Looter","floor":5.0,"turns":3.0},{"damage":22.0,"enemies":"Exordium Thugs","floor":10.0,"turns":4.0},{"damage":5.0,"enemies":"Red Slaver","floor":11.0,"turns":3.0},{"damage":18.0,"enemies":"Exordium Wildlife","floor":12.0,"turns":6.0},{"damage":4.0,"enemies":"Blue Slaver","floor":13.0,"turns":3.0},{"damage":24.0,"enemies":"Lagavulin","floor":14.0,"turns":5.0},{"damage":21,"enemies":"The Guardian","floor":16,"turns":17},{"damage":24,"enemies":"Spheric Guardian","floor":18,"turns":5},{"damage":38,"enemies":"Shell Parasite","floor":22,"turns":6},{"damage":30,"enemies":"Book of Stabbing","floor":23,"turns":5}],"seed_played":"1047426061874333708","potions_obtained":[{"floor":1.0,"key":"SkillPotion"},{"floor":4.0,"key":"PowerPotion"},{"floor":10.0,"key":"Block Potion"},{"floor":16,"key":"Dexterity Potion"}],"is_trial":false,"path_per_floor":["M","?","M","M","M","R","?","R","T","M","M","M","M","E","R","B",null,"M","$","?","?","M","E"],"character_chosen":"IRONCLAD","items_purchased":["Rupture","Double Tap"],"campfire_rested":0,"item_purchase_floors":[19,19],"current_hp_per_floor":[74,79,80,80,74,74,74,74,74,60,63,53,57,41,41,28,67,55,55,55,55,25,0],"gold":28,"neow_bonus":"THREE_ENEMY_KILL","is_prod":false,"is_daily":false,"chose_seed":false,"campfire_upgraded":3,"win_rate":0,"timestamp":1552570627,"path_taken":["M","?","M","M","M","R","?","R","T","?","M","M","M","E","R","BOSS","M","$","?","?","M","E"],"build_version":"2019-01-23","purchased_purges":1,"victory":false,"max_hp_per_floor":[75,80,80,80,80,80,80,80,80,80,80,80,80,80,80,80,80,84,84,84,84,84,84],"card_choices":[{"not_picked":["Disarm","Combust"],"picked":"Pommel Strike","floor":1.0},{"not_picked":["Heavy Blade","Clash"],"picked":"Cleave","floor":3.0},{"not_picked":["Pommel Strike","Havoc"],"picked":"Twin Strike","floor":4.0},{"not_picked":["Clothesline","Warcry"],"picked":"Shrug It Off","floor":5.0},{"not_picked":["Reckless Charge","Iron Wave"],"picked":"Shrug It Off","floor":10.0},{"not_picked":["Body Slam","Entrench"],"picked":"True Grit","floor":11.0},{"not_picked":["Shrug It Off","Pommel Strike"],"picked":"Impervious","floor":12.0},{"not_picked":["Sword Boomerang","Warcry"],"picked":"Dropkick","floor":13.0},{"not_picked":["Perfected Strike","Second Wind"],"picked":"Feed","floor":14.0},{"not_picked":["Double Tap","Reaper"],"picked":"Demon Form","floor":16},{"not_picked":["Anger","Combust"],"picked":"Perfected Strike","floor":18},{"not_picked":["Shrug It Off","Inflame"],"picked":"Evolve","floor":22}],"player_experience":323173,"relics_obtained":[{"floor":9.0,"key":"Blood Vial"},{"floor":14.0,"key":"Mercury Hourglass"}],"event_choices":[{"damage_healed":0.0,"max_hp_gain":5.0,"max_hp_loss":0.0,"gold_gain":0.0,"event_name":"Big Fish","player_choice":"Donut","floor":2.0,"gold_loss":0.0,"damage_taken":0.0},{"damage_healed":0.0,"max_hp_gain":0.0,"max_hp_loss":0.0,"gold_gain":0.0,"event_name":"Accursed Blacksmith","player_choice":"Rummage","floor":7.0,"gold_loss":0.0,"damage_taken":0.0,"relics_obtained":["WarpedTongs"],"cards_obtained":["Pain"]},{"damage_healed":0,"gold_gain":0,"player_choice":"Read","damage_taken":0,"max_hp_gain":0,"max_hp_loss":0,"event_name":"The Library","floor":20,"gold_loss":0,"cards_obtained":["Heavy Blade"]},{"damage_healed":0,"gold_gain":0,"cards_transformed":["Strike_R"],"player_choice":"Transformed","damage_taken":0,"max_hp_gain":0,"max_hp_loss":0,"event_name":"Transmorgrifier","floor":21,"gold_loss":0,"cards_obtained":["Feed"]}],"is_beta":false,"boss_relics":[{"not_picked":["Orrery","Philosopher\u0027s Stone"],"picked":"Cursed Key"}],"items_purged_floors":[19],"is_endless":false,"potions_floor_spawned":[1,4,10,16],"killed_by":"Book of Stabbing","ascension_level":17}