{"gold_per_floor":[117,128,138,149,166,166,185,200,224,224,238,238,238,266,266,366,366,378,76,90,90,90,90,118,132,132,32,32,43,62,62,62,62],"floor_reached":33,"playtime":1194,"items_purged":["Strike_B","Strike_B"],"score":407,"play_id":"37eb359b-9df9-45e8-b871-71f73df6a80c","local_time":"20190128020327","is_ascension_mode":true,"campfire_choices":[{"floor":6.0,"key":"REST"},{"data":"Storm","floor":10.0,"key":"SMITH"},{"data":"Storm","floor":12.0,"key":"SMITH"},{"data":"Defragment","floor":15.0,"key":"SMITH"},{"floor":23.0,"key":"REST"},{"floor":28,"key":"REST"},{"floor":32,"key":"REST"}],"neow_cost":"NONE","seed_source_timestamp":27083033904198,"circlet_count":0,"master_deck":["AscendersBane","Strike_B","Defend_B","Defend_B","Defend_B","Defend_B","Zap","Dualcast","Melter","Glacier","Storm+1","Capacitor","BootSequence","Storm+1","Defragment+1","Thunder Strike","Core Surge","Capacitor","Ball Lightning","Reinforced Body+1","Recycle","BootSequence","Tempest","Thunder Strike"],"special_seed":0,"relics":["Cracked Core","NeowsBlessing","PreservedInsect","Dream Catcher","Ginger","Nuclear Battery","Ancient Tea Set","Gambling Chip","Bottled Flame"],"potions_floor_usage":[29,33],"damage_taken":[{"damage":0.0,"enemies":"Cultist","floor":1.0,"turns":1.0},{"damage":0.0,"enemies":"Jaw Worm","floor":2.0,"turns":1.0},{"damage":0.0,"enemies":"Small Slimes","floor":3.0,"turns":1.0},{"damage":15.0,"enemies":"Gremlin Gang","floor":4.0,"turns":4.0},{"damage":35.0,"enemies":"Exordium Thugs","floor":5.0,"turns":6.0},{"damage":1.0,"enemies":"2 Fungi Beasts","floor":7.0,"turns":4.0},{"damage":0.0,"enemies":"Blue Slaver","floor":8.0,"turns":4.0},{"damage":1.0,"enemies":"3 Louse","floor":11.0,"turns":4.0},{"damage":12.0,"enemies":"Gremlin Nob","floor":14.0,"turns":3.0},{"damage":3.0,"enemies":"Slime Boss","floor":16.0,"turns":6.0},{"damage":21.0,"enemies":"theJungle:MUSHROOMGANG","floor":18.0,"turns":5.0},{"damage":15.0,"enemies":"theJungle:Flameango_and_Byrd","floor":20.0,"turns":4.0},{"damage":9.0,"enemies":"theJungle:Cassacara","floor":24.0,"turns":5.0},{"damage":29,"enemies":"theJungle:2_Snecko_Cultists","floor":25,"turns":4},{"damage":0,"enemies":"theJungle:JungleHuntersEncounter","floor":29,"turns":4},{"damage":13,"enemies":"theJungle:Lyon","floor":30,"turns":3},{"damage":56,"enemies":"theJungle:TotemBoss","floor":33,"turns":8}],"seed_played":"-1129674104085250498","potions_obtained":[{"floor":1.0,"key":"GamblersBrew"},{"floor":3.0,"key":"FairyPotion"},{"floor":5.0,"key":"Energy Potion"},{"floor":7.0,"key":"SpeedPotion"},{"floor":11.0,"key":"Weak Potion"},{"floor":14.0,"key":"SpeedPotion"},{"floor":18.0,"key":"Swift Potion"}],"is_trial":false,"path_per_floor":["M","M","M","M","M","R","M","M","T","R","M","R","T","E","R","B",null,"M","$","M","?","?","R","E","M","T","$","R","M","M","$","R","B"],"character_chosen":"DEFECT","items_purchased":["Capacitor","Ancient Tea Set"],"campfire_rested":4,"item_purchase_floors":[19,19],"current_hp_per_floor":[68,68,68,53,18,40,39,39,39,39,38,38,38,26,26,23,62,41,41,26,21,21,45,36,7,7,7,31,31,18,18,42,0],"gold":62,"neow_bonus":"THREE_ENEMY_KILL","is_prod":false,"is_daily":false,"chose_seed":false,"campfire_upgraded":3,"win_rate":0,"timestamp":1548608607,"path_taken":["M","M","M","M","M","R","M","M","T","R","M","R","?","E","R","BOSS","M","$","M","?","?","R","E","M","T","$","R","M","?","?","R","BOSS"],"build_version":"2019-01-23","purchased_purges":2,"victory":false,"max_hp_per_floor":[75,75,75,75,75,75,75,75,75,75,75,75,75,75,75,75,75,75,75,75,80,80,80,80,80,80,80,80,80,80,80,80,80],"card_choices":[{"not_picked":["Reprogram","Self Repair"],"picked":"Melter","floor":1.0},{"not_picked":["FTL","Auto Shields"],"picked":"Glacier","floor":2.0},{"not_picked":["Beam Cell","Rip and Tear"],"picked":"Storm","floor":3.0},{"not_picked":["Hologram","Steam"],"picked":"Capacitor","floor":4.0},{"not_picked":["Barrage","Conserve Battery"],"picked":"BootSequence","floor":5.0},{"not_picked":["Sweeping Beam","Ball Lightning"],"picked":"Storm","floor":7.0},{"not_picked":["Double Energy","Aggregate"],"picked":"Defragment","floor":8.0},{"not_picked":["Consume","Stack"],"picked":"Thunder Strike","floor":14.0},{"not_picked":["Seek","Meteor Strike"],"picked":"Core Surge","floor":16.0},{"not_picked":["Beam Cell","Rip and Tear"],"picked":"Reinforced Body+1","floor":23.0},{"not_picked":["Cold Snap","Barrage"],"picked":"Recycle","floor":25},{"not_picked":["Ball Lightning","Conserve Battery"],"picked":"BootSequence","floor":28},{"not_picked":["Stack","Scrape"],"picked":"Tempest","floor":29},{"not_picked":["Gash+1","Hologram"],"picked":"Thunder Strike","floor":32}],"player_experience":4198757,"relics_obtained":[{"floor":9.0,"key":"PreservedInsect"},{"floor":13.0,"key":"Dream Catcher"},{"floor":14.0,"key":"Ginger"},{"floor":24.0,"key":"Gambling Chip"},{"floor":26,"key":"Bottled Flame"}],"event_choices":[{"damage_healed":0.0,"max_hp_gain":0.0,"max_hp_loss":0.0,"gold_gain":0.0,"cards_transformed":["Strike_B"],"event_name":"Transmorgrifier","player_choice":"Transformed","floor":22.0,"gold_loss":0.0,"damage_taken":0.0,"cards_obtained":["Ball Lightning"]}],"is_beta":false,"boss_relics":[{"not_picked":["Tiny House","Orrery"],"picked":"Nuclear Battery"}],"items_purged_floors":[19,27],"is_endless":false,"potions_floor_spawned":[1,3,5,7,11,14,18,20,25],"killed_by":"theJungle:TotemBoss","ascension_level":10}