{"gold_per_floor":[113,113,188,200,200,225,225,238,238,262,280,280,297,324,324,419,419,435,435,435,449,460,460,460],"floor_reached":24,"playtime":1077,"items_purged":[],"score":262,"play_id":"0f94d897-5eda-42eb-a797-05ee9dc7215d","local_time":"20190127150914","is_ascension_mode":true,"campfire_choices":[{"floor":7,"key":"REST"},{"floor":15,"key":"REST"},{"data":"Streamline","floor":23,"key":"SMITH"}],"neow_cost":"NONE","seed_source_timestamp":4596647593900,"circlet_count":0,"master_deck":["Strike_B+1","Strike_B+1","Strike_B+1","Defend_B+1","Defend_B+1","Defend_B+1","Zap","Dualcast","Streamline+1","Hologram","Hologram","Static Discharge","Seek","Hologram"],"relics":["Cracked Core","Ginger","War Paint","Mango","Oddly Smooth Stone","PreservedInsect","Empty Cage","MutagenicStrength"],"potions_floor_usage":[14,18,22,22,24],"damage_taken":[{"damage":5,"enemies":"Small Slimes","floor":1,"turns":4},{"damage":4,"enemies":"Jaw Worm","floor":4,"turns":4},{"damage":30,"enemies":"Lagavulin","floor":6,"turns":6},{"damage":5,"enemies":"2 Louse","floor":8,"turns":2},{"damage":2,"enemies":"2 Fungi Beasts","floor":11,"turns":3},{"damage":5,"enemies":"Red Slaver","floor":13,"turns":4},{"damage":12,"enemies":"Gremlin Nob","floor":14,"turns":4},{"damage":26,"enemies":"The Guardian","floor":16,"turns":12},{"damage":17,"enemies":"3 Byrds","floor":18,"turns":4},{"damage":2,"enemies":"Spheric Guardian","floor":21,"turns":3},{"damage":44,"enemies":"Chosen and Byrds","floor":22,"turns":7},{"damage":39,"enemies":"Slavers","floor":24,"turns":4}],"seed_played":"4564062780495915523","potions_obtained":[{"floor":1,"key":"Fire Potion"},{"floor":8,"key":"Block Potion"},{"floor":11,"key":"Swift Potion"},{"floor":21,"key":"EssenceOfSteel"},{"floor":22,"key":"Swift Potion"}],"is_trial":false,"path_per_floor":["M","?","?","M","?","E","R","M","T","T","M","?","M","E","R","B",null,"M","?","?","M","M","R","E"],"character_chosen":"DEFECT","items_purchased":[],"campfire_rested":2,"item_purchase_floors":[],"current_hp_per_floor":[77,82,71,67,60,30,56,51,65,65,63,63,58,46,76,50,101,84,84,84,82,38,38,0],"gold":460,"neow_bonus":"TEN_PERCENT_HP_BONUS","is_prod":false,"is_daily":false,"chose_seed":false,"campfire_upgraded":1,"win_rate":0,"timestamp":1548598154,"path_taken":["M","?","?","M","?","E","R","M","T","?","M","?","?","E","R","BOSS","M","?","?","M","M","R","E"],"build_version":"2019-01-23","purchased_purges":0,"victory":false,"max_hp_per_floor":[82,87,87,87,87,87,87,87,101,101,101,101,101,101,101,101,101,101,101,101,101,101,101,101],"card_choices":[{"not_picked":["Melter","Rebound"],"picked":"Streamline","floor":1},{"not_picked":["Loop","Glacier","Defragment"],"picked":"SKIP","floor":4},{"not_picked":["Redo","Steam","Melter"],"picked":"SKIP","floor":6},{"not_picked":["Redo","Beam Cell"],"picked":"Hologram","floor":8},{"not_picked":["Gash","Undo"],"picked":"Hologram","floor":11},{"not_picked":["Consume","Cold Snap","Heatsinks"],"picked":"SKIP","floor":13},{"not_picked":["Consume","Cold Snap","Heatsinks"],"picked":"SKIP","floor":13},{"not_picked":["Gash","Go for the Eyes"],"picked":"Static Discharge","floor":14},{"not_picked":["Machine Learning","Biased Cognition"],"picked":"Seek","floor":16},{"not_picked":["Leap+1","Stack"],"picked":"Hologram","floor":18},{"not_picked":["Blizzard","Rip and Tear","Gash"],"picked":"SKIP","floor":21},{"not_picked":["Chaos","Gash+1","Cold Snap"],"picked":"SKIP","floor":22}],"player_experience":299324,"relics_obtained":[{"floor":6,"key":"War Paint"},{"floor":9,"key":"Mango"},{"floor":10,"key":"Oddly Smooth Stone"},{"floor":14,"key":"PreservedInsect"}],"event_choices":[{"damage_healed":0,"gold_gain":0,"player_choice":"Donut","damage_taken":0,"max_hp_gain":5,"max_hp_loss":0,"event_name":"Big Fish","floor":2,"gold_loss":0},{"damage_healed":0,"gold_gain":75,"player_choice":"Gather Gold","damage_taken":11,"max_hp_gain":0,"max_hp_loss":0,"event_name":"World of Goop","floor":3,"gold_loss":0},{"damage_healed":0,"gold_gain":0,"player_choice":"Success","damage_taken":7,"relics_obtained":["Ginger"],"max_hp_gain":0,"max_hp_loss":0,"event_name":"Scrap Ooze","floor":5,"gold_loss":0},{"damage_healed":0,"gold_gain":0,"player_choice":"Bought 0 Potions","damage_taken":0,"max_hp_gain":0,"max_hp_loss":0,"event_name":"The Woman in Blue","floor":12,"gold_loss":0},{"damage_healed":0,"gold_gain":0,"player_choice":"Simplicity","damage_taken":0,"max_hp_gain":0,"max_hp_loss":0,"event_name":"Back to Basics","floor":19,"gold_loss":0,"cards_upgraded":["Strike_B","Strike_B","Strike_B","Defend_B"]},{"damage_healed":0,"gold_gain":0,"player_choice":"Inject Mutagens","damage_taken":0,"relics_obtained":["MutagenicStrength"],"max_hp_gain":0,"max_hp_loss":0,"event_name":"Drug Dealer","floor":20,"gold_loss":0}],"is_beta":false,"boss_relics":[{"not_picked":["Eternal Feather","Runic Pyramid"],"picked":"Empty Cage"}],"items_purged_floors":[],"is_endless":false,"potions_floor_spawned":[1,8,11,13,21,22],"killed_by":"Slavers","ascension_level":3}