{"gold_per_floor":[110,110,110,133,21,21,57,57,84,124,140,155,155,186,186,186],"floor_reached":16,"playtime":755,"items_purged":[],"score":286,"play_id":"0fdbe0a9-ce57-45ef-8bb7-5fb158fd8004","local_time":"20190322194302","is_ascension_mode":true,"campfire_choices":[{"data":"Body Slam","floor":6.0,"key":"SMITH"},{"data":"Power Through","floor":8.0,"key":"SMITH"},{"data":"Warcry","floor":13.0,"key":"SMITH"},{"data":"True Grit","floor":15.0,"key":"SMITH"}],"neow_cost":"NONE","seed_source_timestamp":35102280560636,"circlet_count":0,"master_deck":["AscendersBane","Strike_R","Strike_R","Strike_R","Strike_R","Strike_R","Defend_R","Defend_R","Defend_R","Defend_R","Bash","Power Through+1","Injury","Body Slam+1","Warcry+1","Sever Soul","Feel No Pain","True Grit+1"],"special_seed":0,"relics":["Burning Blood","NeowsBlessing","Singing Bowl","Golden Idol","FossilizedHelix","Vajra","Lantern","Regal Pillow"],"potions_floor_usage":[],"damage_taken":[{"damage":0.0,"enemies":"Small Slimes","floor":1.0,"turns":1.0},{"damage":0.0,"enemies":"Jaw Worm","floor":4.0,"turns":1.0},{"damage":0.0,"enemies":"Gremlin Nob","floor":7.0,"turns":1.0},{"damage":27.0,"enemies":"Lagavulin","floor":10.0,"turns":6.0},{"damage":0.0,"enemies":"2 Louse","floor":11.0,"turns":2.0},{"damage":0.0,"enemies":"Gremlin Gang","floor":12.0,"turns":5.0},{"damage":1.0,"enemies":"3 Sentries","floor":14.0,"turns":12.0},{"damage":73,"enemies":"The Guardian","floor":16,"turns":12}],"seed_played":"-8102385707961836909","potions_obtained":[{"floor":10.0,"key":"FearPotion"},{"floor":11.0,"key":"Regen Potion"}],"is_trial":false,"path_per_floor":["M","?","?","M","$","R","E","R","T","E","M","M","R","E","R","B"],"character_chosen":"IRONCLAD","items_purchased":["Energy Potion","AttackPotion"],"campfire_rested":0,"item_purchase_floors":[5,5],"current_hp_per_floor":[74,69,69,75,75,75,75,75,75,56,62,68,68,73,73,0],"gold":186,"neow_bonus":"THREE_ENEMY_KILL","is_prod":false,"is_daily":false,"chose_seed":false,"campfire_upgraded":4,"win_rate":0,"timestamp":1553251382,"path_taken":["M","?","?","M","?","R","E","R","T","E","M","?","R","E","R","BOSS"],"build_version":"2019-01-23","purchased_purges":0,"victory":false,"max_hp_per_floor":[75,75,75,75,75,75,75,75,75,77,77,77,77,77,77,77],"card_choices":[{"not_picked":["True Grit","Armaments"],"picked":"Power Through","floor":1.0},{"not_picked":["Clash","Shrug It Off"],"picked":"Body Slam","floor":4.0},{"not_picked":["Sword Boomerang","Berserk"],"picked":"Warcry","floor":7.0},{"not_picked":["Flex","Body Slam","Thunderclap"],"picked":"Singing Bowl","floor":10.0},{"not_picked":["Body Slam","Anger"],"picked":"Sever Soul","floor":11.0},{"not_picked":["Fire Breathing","Anger"],"picked":"Feel No Pain","floor":12.0},{"not_picked":["Havoc","Rage"],"picked":"True Grit","floor":14.0}],"player_experience":392681,"relics_obtained":[{"floor":7.0,"key":"FossilizedHelix"},{"floor":9.0,"key":"Vajra"},{"floor":10.0,"key":"Lantern"},{"floor":14.0,"key":"Regal Pillow"}],"event_choices":[{"damage_healed":0.0,"max_hp_gain":0.0,"max_hp_loss":0.0,"gold_gain":0.0,"event_name":"Scrap Ooze","player_choice":"Success","floor":2.0,"gold_loss":0.0,"damage_taken":5.0,"relics_obtained":["Singing Bowl"]},{"damage_healed":0.0,"max_hp_gain":0.0,"max_hp_loss":0.0,"gold_gain":0.0,"event_name":"Golden Idol","player_choice":"Take Wound","floor":3.0,"gold_loss":0.0,"damage_taken":0.0,"relics_obtained":["Golden Idol"],"cards_obtained":["Injury"]}],"is_beta":false,"boss_relics":[],"items_purged_floors":[],"is_endless":false,"potions_floor_spawned":[10,11,12],"killed_by":"The Guardian","ascension_level":20}