{"gold_per_floor":[361,361,381,21,21,21,21,35,35,110,145,156,181,200,200,295,295,310,329,28,208,225,225,225,225,275,303,322,322,68,82,82,82],"floor_reached":33,"playtime":1469,"items_purged":["Regret","Strike_R","Strike_R"],"score":371,"play_id":"4b416033-1951-479d-a32b-7c148a3dcd5c","local_time":"20190224222156","is_ascension_mode":true,"campfire_choices":[{"data":"Apotheosis","floor":6.0,"key":"SMITH"},{"data":"Corruption","floor":15,"key":"SMITH"},{"floor":23,"key":"REST"},{"floor":25,"key":"REST"},{"floor":29,"key":"REST"},{"floor":32,"key":"DIG"}],"neow_cost":"CURSE","seed_source_timestamp":696780573636896,"circlet_count":0,"master_deck":["Strike_R","Defend_R","Defend_R","Defend_R","Defend_R","Bash","Perfected Strike+1","Shockwave","Apotheosis+1","Evolve","Flex","Body Slam","Whirlwind+1","Second Wind","Corruption+1","Limit Break","Spot Weakness","J.A.X.","Power Through+1","Shrug It Off+1","Feel No Pain"],"special_seed":0,"relics":["Burning Blood","Lantern","Membership Card","Meat on the Bone","Art of War","Orichalcum","Empty Cage","Oddly Smooth Stone","Anchor","ClockworkSouvenir","Regal Pillow","Shovel","Omamori","Centennial Puzzle","Whetstone"],"potions_floor_usage":[14,16,22,28,33],"damage_taken":[{"damage":3.0,"enemies":"2 Louse","floor":1.0,"turns":3.0},{"damage":8.0,"enemies":"Cultist","floor":3.0,"turns":3.0},{"damage":7.0,"enemies":"Jaw Worm","floor":8.0,"turns":3.0},{"damage":6.0,"enemies":"Gremlin Nob","floor":11.0,"turns":3.0},{"damage":11.0,"enemies":"Looter","floor":12.0,"turns":2.0},{"damage":35.0,"enemies":"Lagavulin","floor":13.0,"turns":4.0},{"damage":7,"enemies":"Lots of Slimes","floor":14,"turns":2},{"damage":26,"enemies":"Hexaghost","floor":16,"turns":9},{"damage":14,"enemies":"3 Byrds","floor":18,"turns":5},{"damage":12,"enemies":"Spheric Guardian","floor":19,"turns":5},{"damage":32,"enemies":"3 Cultists","floor":22,"turns":5},{"damage":59,"enemies":"Slavers","floor":27,"turns":6},{"damage":17,"enemies":"Centurion and Healer","floor":28,"turns":5},{"damage":26,"enemies":"Snecko","floor":31,"turns":7},{"damage":62,"enemies":"Collector","floor":33,"turns":7}],"seed_played":"-2762518501024942766","potions_obtained":[{"floor":1.0,"key":"Fire Potion"},{"floor":11.0,"key":"LiquidBronze"},{"floor":12.0,"key":"Strength Potion"},{"floor":13.0,"key":"SteroidPotion"},{"floor":18,"key":"SkillPotion"},{"floor":27,"key":"Energy Potion"},{"floor":28,"key":"Block Potion"}],"is_trial":false,"path_per_floor":["M","?","M","$","?","R","$","M","T","?","E","M","E","M","R","B",null,"M","M","$","?","M","R","?","R","T","E","M","R","$","M","R","B"],"character_chosen":"IRONCLAD","items_purchased":["Membership Card","Apotheosis","Evolve","Oddly Smooth Stone","Anchor","ClockworkSouvenir","Feel No Pain","Omamori","Centennial Puzzle"],"campfire_rested":3,"item_purchase_floors":[4,4,4,20,20,20,30,30,30],"current_hp_per_floor":[75,75,73,73,73,73,73,72,72,61,61,56,39,50,50,42,71,63,57,57,33,19,43,43,67,67,26,27,66,66,58,58,0],"gold":82,"neow_bonus":"TWO_FIFTY_GOLD","is_prod":false,"is_daily":false,"chose_seed":false,"campfire_upgraded":2,"win_rate":0,"timestamp":1551014516,"path_taken":["M","?","M","$","?","R","$","M","T","?","E","M","E","M","R","BOSS","M","M","$","?","?","R","?","R","T","E","M","R","?","M","R","BOSS"],"build_version":"2019-01-23","purchased_purges":3,"victory":false,"max_hp_per_floor":[80,80,80,80,80,80,80,80,80,80,80,80,80,80,80,80,80,80,80,80,80,80,80,80,80,80,80,80,80,80,80,80,80],"card_choices":[{"not_picked":["Warcry","Anger"],"picked":"Perfected Strike","floor":1.0},{"not_picked":["Twin Strike","Sword Boomerang"],"picked":"Shockwave","floor":3.0},{"not_picked":["Disarm","Dropkick"],"picked":"Flex","floor":8.0},{"not_picked":["True Grit","Havoc"],"picked":"Body Slam","floor":11.0},{"not_picked":["Infernal Blade","Rupture"],"picked":"Whirlwind","floor":12.0},{"not_picked":["Infernal Blade","Warcry"],"picked":"Second Wind","floor":13.0},{"not_picked":["Feed","Bloodletting"],"picked":"Corruption","floor":14},{"not_picked":["Feed","Impervious"],"picked":"Limit Break","floor":16},{"not_picked":["Battle Trance","Hemokinesis"],"picked":"Spot Weakness","floor":18},{"not_picked":["Havoc+1","Body Slam","Iron Wave+1"],"picked":"SKIP","floor":19},{"not_picked":["Combust+1","Heavy Blade","Clash"],"picked":"SKIP","floor":22},{"not_picked":["Searing Blow","Warcry"],"picked":"Power Through+1","floor":27},{"not_picked":["Ghostly Armor","Heavy Blade"],"picked":"Shrug It Off+1","floor":28},{"not_picked":["Dropkick","Headbutt","Searing Blow"],"picked":"SKIP","floor":31}],"player_experience":179106,"relics_obtained":[{"floor":9.0,"key":"Meat on the Bone"},{"floor":11.0,"key":"Art of War"},{"floor":13.0,"key":"Orichalcum"},{"floor":26,"key":"Regal Pillow"},{"floor":27,"key":"Shovel"},{"floor":32,"key":"Whetstone"}],"event_choices":[{"damage_healed":0.0,"max_hp_gain":0.0,"max_hp_loss":0.0,"gold_gain":0.0,"event_name":"Big Fish","player_choice":"Box","floor":2.0,"gold_loss":0.0,"damage_taken":0.0,"relics_obtained":["Lantern"],"cards_obtained":["Regret"]},{"cards_removed":["Clumsy"],"damage_healed":0.0,"max_hp_gain":0.0,"max_hp_loss":0.0,"gold_gain":0.0,"event_name":"Living Wall","player_choice":"Forget","floor":5.0,"gold_loss":0.0,"damage_taken":0.0},{"damage_healed":0.0,"max_hp_gain":0.0,"max_hp_loss":0.0,"gold_gain":75.0,"event_name":"World of Goop","player_choice":"Gather Gold","floor":10.0,"gold_loss":0.0,"damage_taken":11.0},{"damage_healed":0,"gold_gain":180,"player_choice":"GOLD GOLD ","damage_taken":24,"max_hp_gain":0,"max_hp_loss":0,"event_name":"Knowing Skull","floor":21,"potions_obtained":[],"gold_loss":0,"cards_obtained":[]},{"damage_healed":0,"gold_gain":0,"player_choice":"Obtain J.A.X.","damage_taken":0,"max_hp_gain":0,"max_hp_loss":0,"event_name":"Drug Dealer","floor":24,"gold_loss":0,"cards_obtained":["J.A.X."]}],"is_beta":false,"boss_relics":[{"not_picked":["Coffee Dripper","Tiny House"],"picked":"Empty Cage"}],"items_purged_floors":[4,20,30],"is_endless":false,"potions_floor_spawned":[1,11,12,13,18,27,28],"killed_by":"Collector","ascension_level":7}