{"gold_per_floor":[116,116,136,146,146,146,161,161,161,161,188,218,66,77,77,173,173,184,109,109,109,109,138,138,148,448,448,448,459,470,77,77,174,174,192,33,51,51,64,64,64,75,75,75,75,6,22,22,22,22],"floor_reached":51,"playtime":2170,"items_purged":["Defend_B","Strike_B","Defend_B"],"score":1107,"play_id":"3f70ba31-3509-4ac4-8a41-8df856de05bd","local_time":"20190115213813","is_ascension_mode":true,"campfire_choices":[{"data":"Dualcast","floor":6.0,"key":"SMITH"},{"floor":8.0,"key":"REST"},{"data":"Fission","floor":10.0,"key":"SMITH"},{"data":"Consume","floor":15.0,"key":"SMITH"},{"floor":24.0,"key":"REST"},{"floor":28.0,"key":"REST"},{"floor":32,"key":"REST"},{"data":"Double Energy","floor":40,"key":"SMITH"},{"data":"Amplify","floor":49,"key":"SMITH"}],"neow_cost":"NONE","seed_source_timestamp":298808743112069,"circlet_count":0,"master_deck":["AscendersBane","Defend_B+1","Zap","Dualcast+1","Tempest","Sunder+1","Cold Snap+1","Fission+1","Compile Driver+1","BootSequence","Consume+1","Electrodynamics","Defragment","Amplify+1","Double Energy+1","Chill","Reboot","Defragment","Parasite","Flash of Steel","Apotheosis+1","Self Repair"],"special_seed":0,"relics":["Cracked Core","Cables","Odd Mushroom","Whetstone","Runic Pyramid","Boot","Vajra","Old Coin","Dead Branch","Philosopher\u0027s Stone","Gremlin Horn","Toxic Egg 2"],"potions_floor_usage":[50,50,50],"damage_taken":[{"damage":4.0,"enemies":"2 Louse","floor":1.0,"turns":2.0},{"damage":6.0,"enemies":"Cultist","floor":3.0,"turns":3.0},{"damage":0.0,"enemies":"Small Slimes","floor":4.0,"turns":2.0},{"damage":14.0,"enemies":"Exordium Wildlife","floor":7.0,"turns":3.0},{"damage":4.0,"enemies":"The Mushroom Lair","floor":11.0,"turns":3.0},{"damage":0.0,"enemies":"Gremlin Nob","floor":12.0,"turns":2.0},{"damage":3.0,"enemies":"Blue Slaver","floor":14.0,"turns":2.0},{"damage":0.0,"enemies":"Slime Boss","floor":16.0,"turns":10.0},{"damage":15.0,"enemies":"3 Byrds","floor":18.0,"turns":3.0},{"damage":39.0,"enemies":"Book of Stabbing","floor":23.0,"turns":5.0},{"damage":12.0,"enemies":"2 Thieves","floor":25.0,"turns":2.0},{"damage":22.0,"enemies":"Colosseum Slavers","floor":27.0,"turns":3.0},{"damage":14.0,"enemies":"Snake Plant","floor":29.0,"turns":3.0},{"damage":0,"enemies":"Sentry and Sphere","floor":30,"turns":2},{"damage":9,"enemies":"Collector","floor":33,"turns":10},{"damage":0,"enemies":"3 Darklings","floor":35,"turns":3},{"damage":0,"enemies":"3 Shapes","floor":37,"turns":2},{"damage":0,"enemies":"Maw","floor":39,"turns":5},{"damage":0,"enemies":"Writhing Mass","floor":42,"turns":6},{"damage":0,"enemies":"Jaw Worm Horde","floor":47,"turns":2},{"damage":30,"enemies":"Donu and Deca","floor":50,"turns":7}],"seed_played":"552709023595763878","potions_obtained":[{"floor":1.0,"key":"SkillPotion"},{"floor":2.0,"key":"EntropicBrew"},{"floor":2.0,"key":"Strength Potion"},{"floor":14.0,"key":"Regen Potion"},{"floor":23.0,"key":"Explosive Potion"},{"floor":25.0,"key":"LiquidBronze"},{"floor":29.0,"key":"FocusPotion"},{"floor":39,"key":"PowerPotion"},{"floor":47,"key":"SkillPotion"}],"is_trial":false,"path_per_floor":["M","?","M","M","?","R","M","R","T","R","?","E","$","M","R","B",null,"M","?","?","T","?","E","R","M","T","?","R","M","M","$","R","B",null,"M","$","M","?","M","R","?","M","T","T","?","$","M","$","R","B",null],"character_chosen":"DEFECT","items_purchased":["BootSequence","Dead Branch","Defragment","Self Repair"],"campfire_rested":4,"item_purchase_floors":[13,31,36,46],"current_hp_per_floor":[64,64,58,58,43,43,29,51,51,51,47,47,47,44,44,59,71,56,56,56,56,56,17,39,27,27,5,27,13,13,13,35,26,63,63,63,63,63,63,63,63,63,63,63,53,53,53,53,53,30],"gold":22,"neow_bonus":"REMOVE_CARD","is_prod":false,"is_daily":false,"chose_seed":false,"campfire_upgraded":5,"win_rate":0,"timestamp":1547606293,"path_taken":["M","?","?","M","?","R","M","R","T","R","?","E","?","M","R","BOSS","M","?","?","?","?","E","R","M","T","?","R","M","M","$","R","BOSS","M","$","M","?","M","R","?","M","T","?","?","$","M","?","R","BOSS"],"build_version":"2019-01-10","purchased_purges":3,"victory":true,"max_hp_per_floor":[75,75,75,75,75,75,75,75,75,75,75,75,75,75,75,75,75,75,75,75,75,75,75,75,75,75,75,75,75,75,75,75,75,75,75,75,75,75,75,75,75,75,75,75,75,75,75,75,75,75],"card_choices":[{"not_picked":["Redo","Gash"],"picked":"Tempest","floor":1.0},{"not_picked":["Double Energy","Stack"],"picked":"Sunder","floor":3.0},{"not_picked":["Barrage","Leap"],"picked":"Cold Snap","floor":4.0},{"not_picked":["Turbo","Melter"],"picked":"Fission","floor":7.0},{"not_picked":["Turbo","Gash"],"picked":"Compile Driver","floor":11.0},{"not_picked":["Beam Cell","Sweeping Beam","Undo"],"picked":"SKIP","floor":12.0},{"not_picked":["Rebound","Sunder"],"picked":"Consume","floor":14.0},{"not_picked":["Creative AI","Fission"],"picked":"Electrodynamics","floor":16.0},{"not_picked":["Heatsinks","Ball Lightning"],"picked":"Defragment","floor":18.0},{"not_picked":["Ball Lightning","Barrage"],"picked":"Double Energy","floor":23.0},{"not_picked":["Steam","Genetic Algorithm+1","Gash"],"picked":"SKIP","floor":25.0},{"not_picked":["Aggregate","Reprogram","Sweeping Beam+1"],"picked":"SKIP","floor":29.0},{"not_picked":["Hologram","Loop"],"picked":"Chill","floor":30},{"not_picked":["All For One","Creative AI"],"picked":"Reboot","floor":33},{"not_picked":["Heatsinks","Coolheaded","Compile Driver+1"],"picked":"SKIP","floor":35},{"not_picked":["Ball Lightning","Conserve Battery","Blizzard+1"],"picked":"SKIP","floor":37},{"not_picked":["Stack+1","Coolheaded","Compile Driver"],"picked":"SKIP","floor":39},{"not_picked":["Coolheaded+1","Sweeping Beam+1","Doom and Gloom+1"],"picked":"SKIP","floor":42},{"not_picked":["Violence+1","Transmutation+1"],"picked":"Flash of Steel","floor":45},{"not_picked":["Discovery+1","Chrysalis+1"],"picked":"Apotheosis+1","floor":45},{"not_picked":["Rebound+1","Redo+1","Reprogram+1"],"picked":"SKIP","floor":47}],"player_experience":403825,"relics_obtained":[{"floor":9.0,"key":"Cables"},{"floor":11.0,"key":"Odd Mushroom"},{"floor":12.0,"key":"Whetstone"},{"floor":21.0,"key":"Boot"},{"floor":23.0,"key":"Vajra"},{"floor":26.0,"key":"Old Coin"},{"floor":43,"key":"Gremlin Horn"},{"floor":44,"key":"Toxic Egg 2"}],"event_choices":[{"damage_healed":0.0,"max_hp_gain":0.0,"max_hp_loss":0.0,"gold_gain":0.0,"event_name":"Lab","player_choice":"Got Potions","floor":2.0,"gold_loss":0.0,"damage_taken":0.0},{"damage_healed":0.0,"max_hp_gain":0.0,"max_hp_loss":0.0,"gold_gain":0.0,"event_name":"Shining Light","player_choice":"Entered Light","floor":5.0,"gold_loss":0.0,"damage_taken":15.0,"cards_upgraded":["Sunder","Defend_B"]},{"damage_healed":0.0,"max_hp_gain":0.0,"max_hp_loss":0.0,"gold_gain":0.0,"event_name":"Mushrooms","player_choice":"Fought Mushrooms","floor":11.0,"gold_loss":0.0,"damage_taken":0.0},{"cards_removed":["Strike_B"],"damage_healed":0.0,"max_hp_gain":0.0,"max_hp_loss":0.0,"gold_gain":0.0,"event_name":"Beggar","player_choice":"Gave Gold","floor":19.0,"gold_loss":75.0,"damage_taken":0.0},{"damage_healed":0.0,"max_hp_gain":0.0,"max_hp_loss":0.0,"gold_gain":0.0,"event_name":"The Mausoleum","player_choice":"Ignored","floor":20.0,"gold_loss":0.0,"damage_taken":0.0},{"damage_healed":0.0,"max_hp_gain":0.0,"max_hp_loss":0.0,"gold_gain":0.0,"cards_transformed":["Defend_B","Strike_B"],"event_name":"Drug Dealer","player_choice":"Became Test Subject","floor":22.0,"gold_loss":0.0,"damage_taken":0.0,"cards_obtained":["Amplify","Meteor Strike"]},{"damage_healed":0.0,"max_hp_gain":0.0,"max_hp_loss":0.0,"gold_gain":0.0,"event_name":"Colosseum","player_choice":"Fight","floor":27.0,"gold_loss":0.0,"damage_taken":0.0},{"damage_healed":0.0,"max_hp_gain":0.0,"max_hp_loss":0.0,"gold_gain":0.0,"event_name":"Colosseum","player_choice":"Fled From Nobs","floor":27.0,"gold_loss":0.0,"damage_taken":0.0},{"cards_removed":["Meteor Strike"],"damage_healed":0,"gold_gain":0,"player_choice":"Removed Attack","damage_taken":0,"max_hp_gain":0,"max_hp_loss":0,"event_name":"Falling","floor":38,"gold_loss":0},{"damage_healed":0,"gold_gain":0,"player_choice":"Ignored","damage_taken":0,"max_hp_gain":0,"max_hp_loss":0,"event_name":"Mysterious Sphere","floor":41,"gold_loss":0},{"damage_healed":0,"gold_gain":0,"player_choice":"Memory 3","damage_taken":10,"max_hp_gain":0,"max_hp_loss":0,"event_name":"SensoryStone","floor":45,"gold_loss":0}],"is_beta":false,"boss_relics":[{"not_picked":["Tiny House","Pandora\u0027s Box"],"picked":"Runic Pyramid"},{"not_picked":["Inserter","Lizard Tail"],"picked":"Philosopher\u0027s Stone"}],"items_purged_floors":[13,31,36],"is_endless":false,"potions_floor_spawned":[1,7,14,23,25,27,29,39,47],"ascension_level":10}