{"gold_per_floor":[109,118,126,136,96,120,120,120,120,120],"floor_reached":10,"playtime":207,"items_purged":[],"score":153,"play_id":"875ab5f4-3c7f-460c-961c-830c9db776f8","local_time":"20190130003057","is_ascension_mode":true,"campfire_choices":[{"floor":8,"key":"REST"}],"neow_cost":"","seed_source_timestamp":0,"circlet_count":0,"master_deck":["AscendersBane","Strike_R","Strike_R","Strike_R","Strike_R","Strike_R","Defend_R","Defend_R","Defend_R","Defend_R","Bash","Twin Strike","Shrug It Off","Spot Weakness","Disarm","Reaper"],"relics":["Burning Blood","AscMod:CursedFlame","AscMod:MegaStarOfAscension","AscMod:CursedBank","Kunai","Matryoshka","Omamori","Question Card"],"potions_floor_usage":[6,10],"damage_taken":[{"damage":15,"enemies":"Small Slimes","floor":1,"turns":5},{"damage":1,"enemies":"Cultist","floor":2,"turns":3},{"damage":7,"enemies":"Jaw Worm","floor":3,"turns":3},{"damage":15,"enemies":"Gremlin Gang","floor":4,"turns":9},{"damage":7,"enemies":"Looter","floor":5,"turns":4},{"damage":22,"enemies":"3 Sentries","floor":6,"turns":8},{"damage":51,"enemies":"Gremlin Nob","floor":10,"turns":4}],"seed_played":"-6157730735947084160","potions_obtained":[{"floor":3,"key":"Block Potion"},{"floor":6,"key":"SkillPotion"}],"is_trial":true,"path_per_floor":["M","M","M","M","M","E","?","R","T","E"],"character_chosen":"IRONCLAD","items_purchased":[],"campfire_rested":1,"item_purchase_floors":[],"current_hp_per_floor":[58,62,60,50,48,31,31,49,49,0],"gold":120,"neow_bonus":"","is_prod":false,"is_daily":false,"chose_seed":false,"campfire_upgraded":0,"win_rate":0,"timestamp":1548775857,"path_taken":["M","M","M","M","M","E","?","R","T","E"],"build_version":"2019-01-23","purchased_purges":0,"victory":false,"max_hp_per_floor":[75,75,75,75,75,75,75,75,75,75],"card_choices":[{"not_picked":["Havoc","Pummel"],"picked":"Twin Strike","floor":1},{"not_picked":["Heavy Blade","Headbutt"],"picked":"Dropkick","floor":2},{"not_picked":["Clothesline","Warcry"],"picked":"Shrug It Off","floor":3},{"not_picked":["Corruption","Body Slam"],"picked":"Spot Weakness","floor":4},{"not_picked":["Uppercut","Twin Strike"],"picked":"Disarm","floor":5},{"not_picked":["Rage","Clash"],"picked":"Reaper","floor":6}],"player_experience":4164010,"relics_obtained":[{"floor":6,"key":"Kunai"},{"floor":9,"key":"Omamori"},{"floor":9,"key":"Question Card"}],"event_choices":[{"cards_removed":["Dropkick"],"damage_healed":0,"gold_gain":0,"player_choice":"Gave Card","damage_taken":0,"relics_obtained":["Matryoshka"],"max_hp_gain":0,"max_hp_loss":0,"event_name":"WeMeetAgain","floor":7,"gold_loss":0}],"is_beta":false,"boss_relics":[],"items_purged_floors":[],"is_endless":false,"potions_floor_spawned":[3,6],"killed_by":"Gremlin Nob","ascension_level":25}