{"gold_per_floor":[115,215,231,231,247,281,281,0,23,23,23,23,23,39,54,54,154,154,154,174,190,115,115,115,131,131,210,210,245,245,160,160,178,178,280,280,300,1299,1299,1309,847,862,439,471,471,471,471,59,59,73,87,87,87,87,87,49,80,80],"floor_reached":58,"playtime":2684,"items_purged":["Beam Cell","Normality","Normality","Gash"],"score":830,"play_id":"45900003-d44f-45a6-8fb4-cae1f811039f","local_time":"20190223045815","is_ascension_mode":false,"campfire_choices":[{"data":"Consume","floor":7,"key":"SMITH"},{"data":"Beam Cell","floor":13,"key":"SMITH"},{"data":"Hologram","floor":16,"key":"SMITH"},{"data":"Go for the Eyes","floor":24,"key":"SMITH"},{"data":"Creative AI","floor":26,"key":"SMITH"},{"floor":30,"key":"RECALL"},{"data":"Redo","floor":34,"key":"SMITH"},{"floor":47,"key":"REST"},{"floor":52,"key":"REST"},{"data":"Apotheosis","floor":55,"key":"SMITH"}],"neow_cost":"NONE","seed_source_timestamp":742084729330000,"circlet_count":0,"master_deck":["Rip and Tear","Steam","Rebound+1","Sweeping Beam+1","Hologram+1","Leap","Gash","Auto Shields","Consume+1","Chill","Redo+1","Go for the Eyes+1","Creative AI+1","Redo+1","Redo","Reboot","Hello World","Multi-Cast","Redo+1","Madness","Purity","Blizzard+1","Reboot","Heatsinks+1","Apotheosis+1","Multi-Cast","Recycle","Deep Breath","Steam Power+1","Gash+1","Beam Cell+1","Force Field","Doom and Gloom+1"],"relics":["Velvet Choker","PreservedInsect","Chemical X","Art of War","Black Star","Symbiotic Virus","DataDisk","Torii","Sundial","Eternal Feather","Membership Card","Omamori","Boot","ClockworkSouvenir","Pen Nib","Whetstone","Blood Vial","Orichalcum","Pear","Happy Flower","Toolbox","Dream Catcher","Bag of Preparation"],"potions_floor_usage":[17,19,29,40,44,58,58,58],"damage_taken":[{"damage":2,"enemies":"Jaw Worm","floor":1,"turns":3},{"damage":0,"enemies":"Cultist","floor":3,"turns":2},{"damage":0,"enemies":"2 Louse","floor":5,"turns":1},{"damage":1,"enemies":"3 Sentries","floor":6,"turns":5},{"damage":0,"enemies":"Exordium Thugs","floor":14,"turns":3},{"damage":0,"enemies":"Large Slime","floor":15,"turns":4},{"damage":6,"enemies":"Slime Boss","floor":17,"turns":7},{"damage":0,"enemies":"Chosen","floor":19,"turns":1},{"damage":8,"enemies":"Spheric Guardian","floor":20,"turns":6},{"damage":0,"enemies":"Snake Plant","floor":21,"turns":8},{"damage":0,"enemies":"Sentry and Sphere","floor":25,"turns":8},{"damage":10,"enemies":"Gremlin Leader","floor":29,"turns":5},{"damage":9,"enemies":"Chosen and Byrds","floor":33,"turns":5},{"damage":16,"enemies":"Collector","floor":35,"turns":6},{"damage":8,"enemies":"3 Darklings","floor":37,"turns":5},{"damage":23,"enemies":"Orb Walker","floor":40,"turns":3},{"damage":39,"enemies":"Maw","floor":42,"turns":6},{"damage":0,"enemies":"Nemesis","floor":44,"turns":5},{"damage":12,"enemies":"Sphere and 2 Shapes","floor":50,"turns":5},{"damage":11,"enemies":"Jaw Worm Horde","floor":51,"turns":6},{"damage":33,"enemies":"Time Eater","floor":53,"turns":8},{"damage":44,"enemies":"Shield and Spear","floor":57,"turns":7},{"damage":48,"enemies":"The Heart","floor":58,"turns":8}],"seed_played":"-8462056909885561541","potions_obtained":[{"floor":5,"key":"SmokeBomb"},{"floor":6,"key":"Dexterity Potion"},{"floor":14,"key":"AttackPotion"},{"floor":21,"key":"GamblersBrew"},{"floor":25,"key":"Ancient Potion"},{"floor":35,"key":"Explosive Potion"},{"floor":44,"key":"FocusPotion"},{"floor":50,"key":"SpeedPotion"}],"is_trial":false,"path_per_floor":["M","?","M","?","M","E","R","$","T","T","?","$","R","M","M","R","B",null,"M","M","M","?","T","R","M","R","T","T","E","R","?","?","M","R","B",null,"M","?","?","M","$","M","$","E","T","T","R","$","?","M","M","R","B",null,"R","$","E","B"],"character_chosen":"DEFECT","items_purchased":["Chemical X","Membership Card","Omamori","Boot","Reboot","Apotheosis","ClockworkSouvenir","Pen Nib","Whetstone","Energy Potion","Happy Flower","Recycle","Toolbox","Dream Catcher","Deep Breath","Force Field"],"campfire_rested":2,"item_purchase_floors":[8,41,41,41,41,43,43,43,43,43,48,48,48,48,48,56],"current_hp_per_floor":[73,73,73,73,73,72,72,72,72,72,77,77,77,77,77,77,71,80,80,72,72,72,72,72,72,72,72,72,62,62,62,62,53,53,37,80,72,72,67,44,44,5,5,5,15,15,57,57,57,47,38,83,52,90,90,90,46,0],"gold":80,"neow_bonus":"BOSS_RELIC","is_prod":false,"is_daily":false,"chose_seed":false,"campfire_upgraded":7,"win_rate":0,"timestamp":1550865495,"path_taken":["M","?","?","?","M","E","R","?","T","?","?","R","M","M","R","BOSS","M","M","?","?","?","R","M","R","T","E","R","?","?","?","R","BOSS","M","?","?","M","$","M","$","E","T","R","$","?","M","M","R","BOSS","R","$","E","BOSS"],"build_version":"2019-01-23","purchased_purges":4,"victory":false,"max_hp_per_floor":[75,75,75,75,75,75,75,75,75,75,80,80,80,80,80,80,80,80,80,80,80,80,80,80,80,80,80,80,80,80,80,80,80,80,80,80,80,80,80,80,80,80,80,80,90,90,90,90,90,90,90,90,90,90,90,90,90,90],"card_choices":[{"not_picked":["Steam","Redo"],"picked":"Consume","floor":1},{"not_picked":["Cold Snap","Ball Lightning"],"picked":"Beam Cell","floor":3},{"not_picked":["Compile Driver","Cold Snap"],"picked":"Chill","floor":5},{"not_picked":["Core Surge","Fusion"],"picked":"Beam Cell","floor":6},{"not_picked":["Undo","Conserve Battery"],"picked":"Redo","floor":14},{"not_picked":["Leap","Hologram"],"picked":"Go for the Eyes","floor":15},{"not_picked":["Electrodynamics","Reboot"],"picked":"Creative AI","floor":17},{"not_picked":["Chaos","Darkness"],"picked":"Redo+1","floor":20},{"not_picked":["Static Discharge","Blizzard+1"],"picked":"Beam Cell","floor":21},{"not_picked":["Streamline","Melter"],"picked":"Redo","floor":25},{"not_picked":["Skim","Ball Lightning+1"],"picked":"Reboot","floor":29},{"not_picked":["Steam","Cold Snap"],"picked":"Hello World","floor":33},{"not_picked":["Meteor Strike","Fission"],"picked":"Multi-Cast","floor":35},{"not_picked":["Self Repair+1","Compile Driver+1"],"picked":"Redo+1","floor":37},{"not_picked":["Blind","Swift Strike"],"picked":"Madness","floor":39},{"not_picked":["Impatience","Secret Weapon"],"picked":"Purity","floor":39},{"not_picked":["Streamline","Leap"],"picked":"Blizzard+1","floor":40},{"not_picked":["Steam Power","FTL"],"picked":"Heatsinks+1","floor":42},{"not_picked":["Cold Snap","Sweeping Beam+1"],"picked":"Multi-Cast","floor":44},{"not_picked":["Steam","Streamline"],"picked":"Steam Power+1","floor":50},{"not_picked":["Sweeping Beam","Streamline"],"picked":"Gash+1","floor":51},{"not_picked":["Capacitor+1","Sweeping Beam+1"],"picked":"Beam Cell+1","floor":52},{"not_picked":["Cold Snap","Undo"],"picked":"Doom and Gloom+1","floor":57}],"player_experience":4387609,"relics_obtained":[{"floor":6,"key":"PreservedInsect"},{"floor":9,"key":"Art of War"},{"floor":23,"key":"Symbiotic Virus"},{"floor":29,"key":"DataDisk"},{"floor":29,"key":"Torii"},{"floor":44,"key":"Blood Vial"},{"floor":44,"key":"Orichalcum"},{"floor":45,"key":"Pear"},{"floor":57,"key":"Bag of Preparation"}],"event_choices":[{"damage_healed":0,"gold_gain":100,"player_choice":"Pray","damage_taken":0,"max_hp_gain":0,"max_hp_loss":0,"event_name":"Golden Shrine","floor":2,"gold_loss":0},{"cards_removed":["Coolheaded"],"damage_healed":0,"gold_gain":0,"player_choice":"Purged","damage_taken":0,"max_hp_gain":0,"max_hp_loss":0,"event_name":"Purifier","floor":4,"gold_loss":0},{"damage_healed":0,"gold_gain":0,"player_choice":"Donut","damage_taken":0,"max_hp_gain":5,"max_hp_loss":0,"event_name":"Big Fish","floor":11,"gold_loss":0},{"cards_removed":["Beam Cell"],"damage_healed":0,"gold_gain":0,"player_choice":"Gave Gold","damage_taken":0,"max_hp_gain":0,"max_hp_loss":0,"event_name":"Beggar","floor":22,"gold_loss":75},{"damage_healed":0,"gold_gain":0,"player_choice":"Obtained Relic","damage_taken":0,"relics_obtained":["Sundial"],"max_hp_gain":0,"max_hp_loss":0,"event_name":"Addict","floor":31,"gold_loss":85},{"damage_healed":0,"gold_gain":0,"player_choice":"Ignored","damage_taken":0,"max_hp_gain":0,"max_hp_loss":0,"event_name":"N\u0027loth","floor":32,"gold_loss":0},{"damage_healed":0,"gold_gain":999,"player_choice":"Gold","damage_taken":0,"max_hp_gain":0,"max_hp_loss":0,"event_name":"MindBloom","floor":38,"gold_loss":0,"cards_obtained":["Normality","Normality"]},{"damage_healed":0,"gold_gain":0,"player_choice":"Memory 2","damage_taken":5,"max_hp_gain":0,"max_hp_loss":0,"event_name":"SensoryStone","floor":39,"gold_loss":0},{"cards_removed":["Beam Cell"],"damage_healed":0,"gold_gain":0,"player_choice":"Removed Attack","damage_taken":0,"max_hp_gain":0,"max_hp_loss":0,"event_name":"Falling","floor":49,"gold_loss":0}],"is_beta":false,"boss_relics":[{"not_picked":["Ectoplasm","Empty Cage"],"picked":"Black Star"},{"not_picked":["Busted Crown","Lizard Tail"],"picked":"Eternal Feather"}],"items_purged_floors":[8,41,43,48],"is_endless":false,"potions_floor_spawned":[5,6,14,15,19,21,25,35,37,44,50,51],"killed_by":"The Heart","ascension_level":0}