{"gold_per_floor":[110,121,196,210,225,225,256,256,256,256,25,40,52,52,52,151,151,162,175,85,85,96,96],"floor_reached":23,"playtime":971,"items_purged":["Doubt"],"score":280,"play_id":"9e5c7f45-e630-4427-963c-6759fd56bbb9","local_time":"20190228224720","is_ascension_mode":true,"campfire_choices":[{"floor":6.0,"key":"REST"},{"floor":8.0,"key":"REST"},{"data":"Armaments","floor":15.0,"key":"SMITH"}],"neow_cost":"NONE","seed_source_timestamp":1044311047661049,"circlet_count":0,"master_deck":["Strike_R","Strike_R","Strike_R","Strike_R","Defend_R","Defend_R","Defend_R+1","Defend_R","Bash","Feel No Pain","Juggernaut","Impervious","Shrug It Off","Armaments+1","Offering","Second Wind","Metallicize"],"special_seed":0,"relics":["Cursed Key","Sundial","Kunai","FaceOfCleric","Bronze Scales","Black Star"],"potions_floor_usage":[23],"damage_taken":[{"damage":0.0,"enemies":"Small Slimes","floor":1.0,"turns":3.0},{"damage":6.0,"enemies":"Cultist","floor":2.0,"turns":3.0},{"damage":8.0,"enemies":"2 Louse","floor":4.0,"turns":3.0},{"damage":4.0,"enemies":"Red Slaver","floor":5.0,"turns":3.0},{"damage":32.0,"enemies":"Gremlin Nob","floor":7.0,"turns":4.0},{"damage":7.0,"enemies":"2 Fungi Beasts","floor":12.0,"turns":4.0},{"damage":5.0,"enemies":"Blue Slaver","floor":13.0,"turns":4.0},{"damage":25.0,"enemies":"The Guardian","floor":16.0,"turns":10.0},{"damage":25.0,"enemies":"Shell Parasite","floor":18.0,"turns":6.0},{"damage":6.0,"enemies":"3 Byrds","floor":19.0,"turns":2.0},{"damage":14.0,"enemies":"Sentry and Sphere","floor":22.0,"turns":5.0},{"damage":27,"enemies":"Slavers","floor":23,"turns":3}],"seed_played":"-6929708638147720028","potions_obtained":[{"floor":1.0,"key":"Poison Potion"},{"floor":4.0,"key":"Fire Potion"},{"floor":13.0,"key":"Weak Potion"},{"floor":18.0,"key":"Explosive Potion"},{"floor":19.0,"key":"SkillPotion"}],"is_trial":false,"path_per_floor":["M","M","?","M","M","R","E","R","T","?","$","M","M","$","R","B",null,"M","M","?","$","M","E"],"character_chosen":"IRONCLAD","items_purchased":["Bronze Scales"],"campfire_rested":2,"item_purchase_floors":[11],"current_hp_per_floor":[72,66,55,47,43,67,35,59,59,59,59,53,49,49,49,25,69,45,40,40,40,27,0],"gold":96,"neow_bonus":"BOSS_RELIC","is_prod":false,"is_daily":false,"chose_seed":false,"campfire_upgraded":1,"win_rate":0,"timestamp":1551361640,"path_taken":["M","M","?","M","M","R","E","R","T","?","$","M","?","$","R","BOSS","M","M","?","$","M","E"],"build_version":"2019-01-23","purchased_purges":1,"victory":false,"max_hp_per_floor":[80,80,80,80,80,80,80,80,80,80,80,81,82,82,82,83,83,84,85,85,85,86,86],"card_choices":[{"not_picked":["Hemokinesis","Flex","Fire Breathing"],"picked":"SKIP","floor":1.0},{"not_picked":["Dual Wield","Flex","Perfected Strike"],"picked":"SKIP","floor":2.0},{"not_picked":["True Grit","Burning Pact"],"picked":"Feel No Pain","floor":4.0},{"not_picked":["Headbutt","Clash"],"picked":"Juggernaut","floor":5.0},{"not_picked":["Thunderclap","Combust"],"picked":"Impervious","floor":7.0},{"not_picked":["Havoc","Shockwave"],"picked":"Shrug It Off","floor":12.0},{"not_picked":["Whirlwind","Flex"],"picked":"Armaments","floor":13.0},{"not_picked":["Demon Form","Bludgeon"],"picked":"Offering","floor":16.0},{"not_picked":["Wild Strike","Clash"],"picked":"Second Wind","floor":18.0},{"not_picked":["Anger","Cleave","Perfected Strike+1"],"picked":"SKIP","floor":19.0},{"not_picked":["Seeing Red","Intimidate"],"picked":"Metallicize","floor":22.0}],"player_experience":213995,"relics_obtained":[{"floor":7.0,"key":"Sundial"},{"floor":9.0,"key":"Kunai"}],"event_choices":[{"damage_healed":0.0,"max_hp_gain":0.0,"max_hp_loss":0.0,"gold_gain":75.0,"event_name":"World of Goop","player_choice":"Gather Gold","floor":3.0,"gold_loss":0.0,"damage_taken":11.0},{"damage_healed":0.0,"max_hp_gain":0.0,"max_hp_loss":0.0,"gold_gain":0.0,"event_name":"FaceTrader","player_choice":"Trade","floor":10.0,"gold_loss":0.0,"damage_taken":0.0,"relics_obtained":["FaceOfCleric"]},{"cards_removed":["Strike_R"],"damage_healed":0.0,"max_hp_gain":0.0,"max_hp_loss":0.0,"gold_gain":0.0,"event_name":"Designer","player_choice":"Upgrade and Remove","floor":20.0,"gold_loss":90.0,"damage_taken":0.0,"cards_upgraded":["Defend_R"]}],"is_beta":false,"boss_relics":[{"not_picked":["Tiny House","White Beast Statue"],"picked":"Black Star"}],"items_purged_floors":[11],"is_endless":false,"potions_floor_spawned":[1,4,13,18,19],"killed_by":"Slavers","ascension_level":9}