{"gold_per_floor":[116,116,129,129,2,29,29,45,45,45,79,79,106,120,120,197,197,211,311,311,62,82,82,409,409,409,438,452,477,494,510,510,587,587,602,602,602,612,76,76,94,128,128,153,169,189,189,207,207,207,207,207,207,4,29,29],"floor_reached":57,"playtime":2523,"items_purged":["Defend_R","Strike_R","Strike_R","Strike_R"],"score":3065,"play_id":"a73bb4b5-8571-4fa2-81e1-8655fc425b1e","local_time":"20190103032245","is_ascension_mode":true,"campfire_choices":[{"data":"Disarm","floor":7,"key":"SMITH"},{"data":"True Grit","floor":12,"key":"SMITH"},{"floor":15,"key":"REST"},{"data":"Bludgeon","floor":23,"key":"SMITH"},{"data":"Bludgeon","floor":25,"key":"SMITH"},{"floor":32,"key":"RECALL"},{"data":"Feel No Pain","floor":40,"key":"SMITH"},{"data":"Bash","floor":49,"key":"SMITH"},{"data":"Immolate","floor":53,"key":"SMITH"}],"neow_cost":"NONE","seed_source_timestamp":89055736909765,"circlet_count":0,"master_deck":["AscendersBane","Strike_R","Defend_R","Defend_R","Defend_R","Bash+1","Armaments+1","Disarm+1","True Grit+1","Havoc+1","Immolate+1","Limit Break+1","Headbutt","Sentinel+1","Bludgeon+1","Corruption","Clothesline+1","Bludgeon+1","Shrug It Off+1","Dual Wield+1","Second Wind+1","Flame Barrier+1","Barricade","Sentinel+1","Feel No Pain+1","Reaper","Burning Pact+1","Body Slam+1","Battle Trance+1","Second Wind+1"],"relics":["Burning Blood","NeowsBlessing","Toxic Egg 2","Dodecahedron","Gremlin Horn","Shuriken","Snecko Eye","Charon\u0027s Ashes","Pear","Old Coin","Bird Faced Urn","Orichalcum","Anchor","Orrery","Ice Cream","Prayer Wheel","Sundial","Incense Burner"],"potions_floor_usage":[13,33,56,56],"damage_taken":[{"damage":0,"enemies":"Small Slimes","floor":1,"turns":1},{"damage":0,"enemies":"Cultist","floor":3,"turns":1},{"damage":0,"enemies":"3 Sentries","floor":6,"turns":2},{"damage":3,"enemies":"2 Louse","floor":8,"turns":4},{"damage":31,"enemies":"Lagavulin","floor":11,"turns":8},{"damage":39,"enemies":"Gremlin Nob","floor":13,"turns":4},{"damage":4,"enemies":"Exordium Wildlife","floor":14,"turns":4},{"damage":38,"enemies":"The Guardian","floor":16,"turns":15},{"damage":0,"enemies":"Chosen","floor":18,"turns":2},{"damage":0,"enemies":"Colosseum Slavers","floor":19,"turns":1},{"damage":8,"enemies":"Colosseum Nobs","floor":19,"turns":3},{"damage":0,"enemies":"Spheric Guardian","floor":22,"turns":2},{"damage":5,"enemies":"Book of Stabbing","floor":24,"turns":3},{"damage":6,"enemies":"Slavers","floor":27,"turns":2},{"damage":0,"enemies":"Chosen and Byrds","floor":28,"turns":2},{"damage":17,"enemies":"Book of Stabbing","floor":29,"turns":3},{"damage":0,"enemies":"Cultist and Chosen","floor":30,"turns":3},{"damage":4,"enemies":"Centurion and Healer","floor":31,"turns":2},{"damage":21,"enemies":"Champ","floor":33,"turns":7},{"damage":22,"enemies":"Orb Walker","floor":35,"turns":4},{"damage":0,"enemies":"3 Darklings","floor":38,"turns":3},{"damage":18,"enemies":"Spire Growth","floor":41,"turns":4},{"damage":4,"enemies":"Nemesis","floor":42,"turns":5},{"damage":0,"enemies":"Reptomancer","floor":44,"turns":3},{"damage":0,"enemies":"Maw","floor":45,"turns":5},{"damage":0,"enemies":"Writhing Mass","floor":46,"turns":6},{"damage":0,"enemies":"Jaw Worm Horde","floor":48,"turns":2},{"damage":1,"enemies":"Awakened One","floor":50,"turns":9},{"damage":0,"enemies":"Time Eater","floor":51,"turns":5},{"damage":25,"enemies":"Shield and Spear","floor":55,"turns":6},{"damage":85,"enemies":"The Heart","floor":56,"turns":10}],"seed_played":"7912958576603895233","potions_obtained":[{"floor":13,"key":"Fruit Juice"},{"floor":14,"key":"EssenceOfSteel"},{"floor":19,"key":"Strength Potion"},{"floor":22,"key":"PowerPotion"},{"floor":31,"key":"SteroidPotion"},{"floor":38,"key":"Energy Potion"},{"floor":41,"key":"AttackPotion"}],"is_trial":false,"path_per_floor":["M","?","M","?","$","E","R","M","T","?","E","R","E","M","R","B",null,"M","?","?","$","M","R","E","R","T","E","M","E","M","M","R","B",null,"M","?","?","M","$","R","M","E","T","E","M","M","?","M","R","B","B",null,"R","$","E","B",null],"character_chosen":"IRONCLAD","items_purchased":["True Grit","Bludgeon","Feel No Pain","Prayer Wheel","PowerPotion"],"campfire_rested":1,"item_purchase_floors":[5,21,39,39,54],"current_hp_per_floor":[74,74,75,75,75,75,75,75,75,80,55,55,27,29,54,22,69,75,89,89,89,95,95,95,95,95,95,95,84,92,95,95,80,91,79,79,79,85,85,85,75,81,81,90,90,90,90,90,90,90,90,90,90,90,75,13],"gold":29,"neow_bonus":"THREE_ENEMY_KILL","is_prod":false,"is_daily":false,"chose_seed":false,"campfire_upgraded":7,"win_rate":0,"timestamp":1546453365,"path_taken":["M","?","?","?","?","E","R","M","T","?","E","R","E","M","R","BOSS","M","?","?","$","?","R","E","R","T","E","M","E","M","?","R","BOSS","M","?","?","M","$","R","M","E","T","E","?","M","?","M","R","BOSS","BOSS","R","$","E","BOSS"],"build_version":"2018-12-20","purchased_purges":4,"victory":true,"max_hp_per_floor":[75,75,75,75,75,75,75,75,75,80,80,80,85,85,85,85,85,85,95,95,95,95,95,95,95,95,95,95,95,95,95,95,95,95,95,90,90,90,90,90,90,90,90,90,90,90,90,90,90,90,90,90,90,90,90,90],"card_choices":[{"not_picked":["Twin Strike","Clothesline"],"picked":"Armaments","floor":1},{"not_picked":["Flex","Anger"],"picked":"Disarm","floor":3},{"not_picked":["Fire Breathing","Thunderclap"],"picked":"Havoc","floor":6},{"not_picked":["Shrug It Off+1","Havoc+1"],"picked":"Immolate","floor":8},{"not_picked":["Blood for Blood","Flex+1"],"picked":"Limit Break+1","floor":11},{"not_picked":["Fire Breathing","Armaments+1"],"picked":"Headbutt","floor":13},{"not_picked":["Clash","Perfected Strike"],"picked":"Sentinel+1","floor":14},{"not_picked":["Exhume+1","Dark Embrace"],"picked":"Bludgeon","floor":16},{"not_picked":["Heavy Blade","Cleave"],"picked":"Corruption","floor":18},{"not_picked":["Power Through+1","Perfected Strike"],"picked":"Clothesline+1","floor":19},{"not_picked":["Twin Strike","Sword Boomerang","Intimidate+1"],"picked":"SKIP","floor":22},{"not_picked":["Perfected Strike","Clash","Body Slam"],"picked":"SKIP","floor":24},{"not_picked":["Shrug It Off+1","Fire Breathing","Reckless Charge"],"picked":"SKIP","floor":27},{"not_picked":["Fire Breathing","Reckless Charge"],"picked":"Shrug It Off+1","floor":27},{"not_picked":["Wild Strike","Reckless Charge","Sword Boomerang"],"picked":"SKIP","floor":28},{"not_picked":["Twin Strike","Flex+1"],"picked":"Dual Wield+1","floor":29},{"not_picked":["Heavy Blade+1","Sword Boomerang"],"picked":"Second Wind+1","floor":30},{"not_picked":["Exhume+1","Perfected Strike"],"picked":"Flame Barrier+1","floor":31},{"not_picked":["Impervious+1","Berserk"],"picked":"Barricade","floor":33},{"not_picked":["Pommel Strike","Rage+1"],"picked":"Sentinel+1","floor":35},{"not_picked":["Perfected Strike","Headbutt+1","Havoc+1"],"picked":"SKIP","floor":38},{"not_picked":["Cleave","Searing Blow"],"picked":"Reaper","floor":41},{"not_picked":["Heavy Blade","Seeing Red+1","Sword Boomerang"],"picked":"SKIP","floor":41},{"not_picked":["Flex+1","Pommel Strike","Pummel"],"picked":"SKIP","floor":42},{"not_picked":["Feel No Pain","Thunderclap"],"picked":"Burning Pact+1","floor":44},{"not_picked":["Clothesline","Twin Strike","Warcry+1"],"picked":"SKIP","floor":45},{"not_picked":["Power Through+1","Anger","Clothesline"],"picked":"SKIP","floor":45},{"not_picked":["Clothesline","Twin Strike","Warcry+1"],"picked":"SKIP","floor":45},{"not_picked":["Power Through+1","Anger","Clothesline"],"picked":"SKIP","floor":45},{"not_picked":["Whirlwind","Havoc+1"],"picked":"Body Slam+1","floor":46},{"not_picked":["Perfected Strike+1","Body Slam","Cleave"],"picked":"SKIP","floor":46},{"not_picked":["Wild Strike","Twin Strike"],"picked":"Battle Trance+1","floor":48},{"not_picked":["Iron Wave","Metallicize"],"picked":"Second Wind+1","floor":48},{"not_picked":["Heavy Blade+1","Wild Strike","Reaper"],"picked":"SKIP","floor":55}],"player_experience":3983680,"relics_obtained":[{"floor":6,"key":"Toxic Egg 2"},{"floor":9,"key":"Dodecahedron"},{"floor":11,"key":"Gremlin Horn"},{"floor":13,"key":"Shuriken"},{"floor":19,"key":"Charon\u0027s Ashes"},{"floor":19,"key":"Pear"},{"floor":24,"key":"Old Coin"},{"floor":26,"key":"Bird Faced Urn"},{"floor":27,"key":"Orichalcum"},{"floor":29,"key":"Anchor"},{"floor":42,"key":"Sundial"},{"floor":44,"key":"Incense Burner"}],"event_choices":[{"damage_healed":0,"gold_gain":0,"player_choice":"Upgraded","damage_taken":0,"max_hp_gain":0,"max_hp_loss":0,"event_name":"Upgrade Shrine","floor":2,"gold_loss":0,"cards_upgraded":["Armaments"]},{"cards_removed":["Strike_R"],"damage_healed":0,"gold_gain":0,"player_choice":"Forget","damage_taken":0,"max_hp_gain":0,"max_hp_loss":0,"event_name":"Living Wall","floor":4,"gold_loss":0},{"damage_healed":0,"gold_gain":0,"player_choice":"Donut","damage_taken":0,"max_hp_gain":5,"max_hp_loss":0,"event_name":"Big Fish","floor":10,"gold_loss":0},{"damage_healed":0,"gold_gain":0,"player_choice":"Fight","damage_taken":0,"max_hp_gain":0,"max_hp_loss":0,"event_name":"Colosseum","floor":19,"gold_loss":0},{"damage_healed":0,"gold_gain":0,"player_choice":"Fought Nobs","damage_taken":0,"max_hp_gain":0,"max_hp_loss":0,"event_name":"Colosseum","floor":19,"gold_loss":0},{"damage_healed":0,"gold_gain":0,"player_choice":"0 cards matched","damage_taken":0,"max_hp_gain":0,"max_hp_loss":0,"event_name":"Match and Keep!","floor":20,"gold_loss":0,"cards_obtained":[]},{"damage_healed":0,"gold_gain":0,"player_choice":"Max HP","damage_taken":0,"max_hp_gain":0,"max_hp_loss":5,"event_name":"Winding Halls","floor":36,"gold_loss":0},{"damage_healed":0,"gold_gain":0,"player_choice":"Gave Potion","damage_taken":0,"relics_obtained":["Ice Cream"],"max_hp_gain":0,"max_hp_loss":0,"event_name":"WeMeetAgain","floor":37,"gold_loss":0},{"damage_healed":0,"gold_gain":0,"player_choice":"Ignored","damage_taken":0,"max_hp_gain":0,"max_hp_loss":0,"event_name":"SecretPortal","floor":47,"gold_loss":0}],"is_beta":false,"boss_relics":[{"not_picked":["Philosopher\u0027s Stone","White Beast Statue"],"picked":"Snecko Eye"},{"not_picked":["Busted Crown","Empty Cage"],"picked":"Orrery"}],"items_purged_floors":[5,21,39,54],"is_endless":false,"potions_floor_spawned":[13,14,19,22,24,30,31,38,41,44],"ascension_level":20}