{"gold_per_floor":[110,121,10,10,10,10,41,57,126,146,164,194,207,207,207,280,280,297,120,120,136,152,182,182,200,200,200,200,219,219],"floor_reached":30,"playtime":1123,"items_purged":["Shame","Defend_G"],"score":524,"play_id":"b659af36-59dc-4ad7-afce-58b3a7e6d6c8","local_time":"20190228231527","is_ascension_mode":true,"campfire_choices":[{"floor":6.0,"key":"REST"},{"floor":15.0,"key":"REST"},{"floor":24,"key":"REST"},{"floor":28,"key":"REST"}],"neow_cost":"","seed_source_timestamp":0,"circlet_count":0,"master_deck":["AscendersBane","Defend_G","Defend_G","Defend_G","Defend_G","Strike_G","Strike_G","Strike_G","Strike_G","Survivor","Neutralize","Leap","Clothesline","Dash","Blade Dance","Juggernaut","Iron Wave","Sword Boomerang","Metallicize","After Image+1","Good Instincts+1","Accuracy","Backflip","Pummel"],"special_seed":0,"relics":["Ring of the Snake","PrismaticShard","Calling Bell","Bronze Scales","Ornamental Fan","Shovel","Shuriken","Singing Bowl","Kunai","Turnip","Empty Cage","Art of War","Bottled Tornado"],"potions_floor_usage":[16,16,23,25],"damage_taken":[{"damage":16.0,"enemies":"Cultist","floor":1.0,"turns":5.0},{"damage":7.0,"enemies":"Jaw Worm","floor":2.0,"turns":5.0},{"damage":15.0,"enemies":"Lagavulin","floor":7.0,"turns":6.0},{"damage":0.0,"enemies":"Small Slimes","floor":8.0,"turns":3.0},{"damage":0.0,"enemies":"Looter","floor":10.0,"turns":4.0},{"damage":11.0,"enemies":"Gremlin Gang","floor":11.0,"turns":6.0},{"damage":10.0,"enemies":"Gremlin Nob","floor":12.0,"turns":4.0},{"damage":8.0,"enemies":"Lots of Slimes","floor":13.0,"turns":4.0},{"damage":15,"enemies":"The Guardian","floor":16,"turns":10},{"damage":4,"enemies":"Chosen","floor":18,"turns":4},{"damage":9,"enemies":"Spheric Guardian","floor":21,"turns":5},{"damage":3,"enemies":"Centurion and Healer","floor":22,"turns":8},{"damage":25,"enemies":"Book of Stabbing","floor":23,"turns":4},{"damage":0,"enemies":"Cultist and Chosen","floor":25,"turns":7},{"damage":29,"enemies":"Shelled Parasite and Fungi","floor":29,"turns":4},{"damage":26,"enemies":"Slavers","floor":30,"turns":1}],"seed_played":"-178321069851470911","potions_obtained":[{"floor":2.0,"key":"SkillPotion"},{"floor":8.0,"key":"FairyPotion"},{"floor":10.0,"key":"GamblersBrew"},{"floor":11.0,"key":"Block Potion"},{"floor":13.0,"key":"PowerPotion"},{"floor":18,"key":"AttackPotion"},{"floor":22,"key":"GhostInAJar"}],"is_trial":true,"path_per_floor":["M","M","$","?","T","R","E","M","T","M","M","E","M","?","R","B",null,"M","$","?","M","M","E","R","M","T","?","R","M","E"],"character_chosen":"THE_SILENT","items_purchased":["Dash","Accuracy"],"campfire_rested":4,"item_purchase_floors":[3,19],"current_hp_per_floor":[43,36,36,29,29,48,33,35,35,35,24,14,6,1,21,6,53,49,49,49,42,41,16,37,37,37,30,51,24,0],"gold":219,"neow_bonus":"","is_prod":false,"is_daily":false,"chose_seed":false,"campfire_upgraded":0,"win_rate":0,"timestamp":1551363327,"path_taken":["M","?","$","?","?","R","E","M","T","?","M","E","M","?","R","BOSS","M","$","?","?","M","E","R","M","T","?","R","?","E"],"build_version":"2019-01-23","purchased_purges":2,"victory":false,"max_hp_per_floor":[66,66,66,66,66,66,66,68,68,68,68,68,68,68,68,68,68,68,68,68,70,72,72,72,72,72,72,72,74,74],"card_choices":[{"not_picked":["Rampage","Fusion"],"picked":"Leap","floor":1.0},{"not_picked":["Defragment","Expertise"],"picked":"Clothesline","floor":2.0},{"not_picked":["Warcry","Sword Boomerang"],"picked":"Blade Dance","floor":7.0},{"not_picked":["Caltrops","Calculated Gamble","Quick Slash"],"picked":"Singing Bowl","floor":8.0},{"not_picked":["Wild Strike","PanicButton"],"picked":"Juggernaut","floor":10.0},{"not_picked":["Conserve Battery","Backflip"],"picked":"Iron Wave","floor":11.0},{"not_picked":["Barrage","Leap"],"picked":"Sword Boomerang","floor":12.0},{"not_picked":["Setup","Undo"],"picked":"Metallicize","floor":13.0},{"not_picked":["Feed","Berserk"],"picked":"After Image","floor":16},{"not_picked":["Cold Snap","Finisher"],"picked":"Good Instincts+1","floor":18},{"not_picked":["Sever Soul","Dagger Throw+1","Catalyst"],"picked":"Singing Bowl","floor":21},{"not_picked":["Streamline","Dramatic Entrance","Compile Driver"],"picked":"Singing Bowl","floor":22},{"not_picked":["Streamline+1","A Thousand Cuts"],"picked":"Backflip","floor":23},{"not_picked":["Uppercut","Stack+1"],"picked":"Pummel","floor":25},{"not_picked":["Bane","Conserve Battery","Pommel Strike"],"picked":"Singing Bowl","floor":29}],"player_experience":4424265,"relics_obtained":[{"floor":0.0,"key":"Bronze Scales"},{"floor":0.0,"key":"Ornamental Fan"},{"floor":0.0,"key":"Shovel"},{"floor":5.0,"key":"Shuriken"},{"floor":7.0,"key":"Singing Bowl"},{"floor":9.0,"key":"Kunai"},{"floor":12.0,"key":"Turnip"},{"floor":23,"key":"Art of War"},{"floor":26,"key":"Bottled Tornado"}],"event_choices":[{"cards_removed":["Decay"],"damage_healed":0.0,"max_hp_gain":0.0,"max_hp_loss":0.0,"gold_gain":0.0,"event_name":"Golden Wing","player_choice":"Card Removal","floor":4.0,"gold_loss":0.0,"damage_taken":7.0},{"damage_healed":0.0,"max_hp_gain":0.0,"max_hp_loss":0.0,"gold_gain":0.0,"event_name":"Scrap Ooze","player_choice":"Fled","floor":14.0,"gold_loss":0.0,"damage_taken":5.0},{"damage_healed":0,"gold_gain":0,"player_choice":"Upgraded","damage_taken":0,"max_hp_gain":0,"max_hp_loss":0,"event_name":"Upgrade Shrine","floor":20,"gold_loss":0,"cards_upgraded":["After Image"]},{"damage_healed":0,"gold_gain":0,"player_choice":"","damage_taken":7,"max_hp_gain":0,"max_hp_loss":0,"event_name":"Knowing Skull","floor":27,"potions_obtained":[],"gold_loss":0,"cards_obtained":[]}],"is_beta":false,"boss_relics":[{"not_picked":["HoveringKite","Philosopher\u0027s Stone"],"picked":"Empty Cage"}],"items_purged_floors":[3,19],"is_endless":false,"potions_floor_spawned":[2,8,10,11,13,18,22],"killed_by":"Slavers","ascension_level":20}