{"gold_per_floor":[112,125,10,21,39,65,65,65,65,92,92,104,117,142,142,217,217,190,206,221,92,111,131,146,146,146,146,46,46,46,371,371,371],"floor_reached":33,"playtime":986,"items_purged":["Strike_R","Strike_R"],"score":578,"play_id":"5b852171-8668-4428-bf2f-3eb448ef4b86","local_time":"20190306234832","is_ascension_mode":true,"campfire_choices":[{"data":"Armaments","floor":7,"key":"SMITH"},{"floor":11,"key":"REST"},{"data":"Rupture","floor":15,"key":"SMITH"},{"data":"Barricade","floor":27,"key":"SMITH"},{"data":"Evolve","floor":32,"key":"SMITH"}],"neow_cost":"NONE","seed_source_timestamp":1762009533831800,"circlet_count":0,"master_deck":["AscendersBane","Defend_R","Defend_R","Defend_R","Defend_R","Bash","Anger","Sword Boomerang","Pommel Strike","Evolve+1","Armaments+1","Combust","Headbutt","Barricade+1","Rupture+1","Reaper+1","Impervious","Clothesline+1","Carnage+1","Brutality","True Grit","Pummel+1","Blood for Blood+1","Power Through+1","Shockwave","Pommel Strike+1"],"relics":["Burning Blood","Self Forming Clay","Molten Egg 2","Mercury Hourglass","Boot","Coffee Dripper","Lantern","Old Coin"],"potions_floor_usage":[6,13,14,23,31,33],"damage_taken":[{"damage":12,"enemies":"2 Louse","floor":1,"turns":3},{"damage":1,"enemies":"Cultist","floor":2,"turns":3},{"damage":8,"enemies":"Small Slimes","floor":4,"turns":3},{"damage":9,"enemies":"Looter","floor":5,"turns":3},{"damage":23,"enemies":"3 Sentries","floor":6,"turns":6},{"damage":39,"enemies":"Lagavulin","floor":10,"turns":8},{"damage":9,"enemies":"Exordium Thugs","floor":12,"turns":3},{"damage":8,"enemies":"Gremlin Gang","floor":13,"turns":3},{"damage":17,"enemies":"Gremlin Nob","floor":14,"turns":4},{"damage":18,"enemies":"Hexaghost","floor":16,"turns":8},{"damage":9,"enemies":"2 Thieves","floor":18,"turns":4},{"damage":16,"enemies":"Chosen","floor":19,"turns":6},{"damage":15,"enemies":"Centurion and Healer","floor":20,"turns":5},{"damage":34,"enemies":"Snake Plant","floor":22,"turns":6},{"damage":24,"enemies":"Shelled Parasite and Fungi","floor":23,"turns":4},{"damage":7,"enemies":"Cultist and Chosen","floor":24,"turns":5},{"damage":14,"enemies":"Gremlin Leader","floor":31,"turns":5},{"damage":21,"enemies":"Automaton","floor":33,"turns":5}],"seed_played":"-3509139097533937686","potions_obtained":[{"floor":1,"key":"SpeedPotion"},{"floor":5,"key":"Explosive Potion"},{"floor":13,"key":"Fruit Juice"},{"floor":14,"key":"FairyPotion"},{"floor":16,"key":"Strength Potion"},{"floor":20,"key":"SteroidPotion"},{"floor":31,"key":"Energy Potion"}],"is_trial":false,"path_per_floor":["M","M","$","M","M","E","R","?","T","E","R","M","M","E","R","B",null,"M","M","M","$","M","M","M","?","T","R","$","?","?","E","R","B"],"character_chosen":"IRONCLAD","items_purchased":["Evolve","Armaments","True Grit"],"campfire_rested":1,"item_purchase_floors":[3,3,21],"current_hp_per_floor":[62,67,67,65,62,45,45,45,45,12,34,31,34,23,23,17,64,66,56,55,55,27,9,8,8,8,8,8,8,8,21,21,0],"gold":371,"neow_bonus":"THREE_CARDS","is_prod":false,"is_daily":false,"chose_seed":false,"campfire_upgraded":4,"win_rate":0,"timestamp":1551883712,"path_taken":["M","M","$","M","M","E","R","?","T","E","R","M","M","E","R","BOSS","M","M","?","?","?","M","M","?","T","R","$","?","?","E","R","BOSS"],"build_version":"2019-01-23","purchased_purges":2,"victory":false,"max_hp_per_floor":[75,75,75,75,75,75,75,75,75,75,75,75,80,80,80,80,80,80,80,80,80,80,80,80,80,80,80,80,80,80,80,80,80],"card_choices":[{"not_picked":["Twin Strike","Spot Weakness"],"picked":"Anger","floor":0},{"not_picked":["Second Wind","Rupture"],"picked":"Sword Boomerang","floor":1},{"not_picked":["Clash","Iron Wave"],"picked":"Pommel Strike","floor":2},{"not_picked":["Cleave","Sword Boomerang"],"picked":"Combust","floor":4},{"not_picked":["Headbutt","Sentinel","Burning Pact"],"picked":"SKIP","floor":5},{"not_picked":["Sentinel","Burning Pact"],"picked":"Headbutt","floor":5},{"not_picked":["Thunderclap","Wild Strike","Sever Soul"],"picked":"SKIP","floor":6},{"not_picked":["Armaments","Heavy Blade+1"],"picked":"Barricade","floor":10},{"not_picked":["Anger+1","Disarm"],"picked":"Rupture","floor":12},{"not_picked":["Headbutt+1","Shockwave","Rupture"],"picked":"SKIP","floor":13},{"not_picked":["Metallicize","Double Tap"],"picked":"Reaper+1","floor":14},{"not_picked":["Double Tap","Limit Break"],"picked":"Impervious","floor":16},{"not_picked":["Pommel Strike+1","Twin Strike+1"],"picked":"Clothesline+1","floor":18},{"not_picked":["Cleave+1","Dropkick+1"],"picked":"Carnage+1","floor":19},{"not_picked":["Warcry","Pommel Strike+1"],"picked":"Brutality","floor":20},{"not_picked":["Armaments","Ghostly Armor"],"picked":"Pummel+1","floor":22},{"not_picked":["Flame Barrier","Sword Boomerang+1"],"picked":"Blood for Blood+1","floor":23},{"not_picked":["Heavy Blade+1","Disarm"],"picked":"Power Through+1","floor":24},{"not_picked":["Evolve","Searing Blow+1","Flex"],"picked":"SKIP","floor":31}],"player_experience":4474143,"relics_obtained":[{"floor":6,"key":"Self Forming Clay"},{"floor":9,"key":"Molten Egg 2"},{"floor":10,"key":"Mercury Hourglass"},{"floor":14,"key":"Boot"},{"floor":26,"key":"Lantern"},{"floor":31,"key":"Old Coin"}],"event_choices":[{"cards_removed":["Strike_R"],"damage_healed":0,"gold_gain":0,"player_choice":"Offered Basic","damage_taken":0,"max_hp_gain":0,"max_hp_loss":0,"event_name":"Bonfire Elementals","floor":8,"gold_loss":0},{"damage_healed":0,"gold_gain":0,"player_choice":"Ignored","damage_taken":0,"max_hp_gain":0,"max_hp_loss":0,"event_name":"Ghosts","floor":25,"gold_loss":0},{"damage_healed":0,"gold_gain":0,"cards_transformed":["Strike_R","Strike_R"],"player_choice":"Became Test Subject","damage_taken":0,"max_hp_gain":0,"max_hp_loss":0,"event_name":"Drug Dealer","floor":29,"gold_loss":0,"cards_obtained":["Shockwave","Pommel Strike"]},{"damage_healed":0,"gold_gain":0,"player_choice":"Ignored","damage_taken":0,"max_hp_gain":0,"max_hp_loss":0,"event_name":"Beggar","floor":30,"gold_loss":0}],"is_beta":false,"boss_relics":[{"not_picked":["Black Blood","Busted Crown"],"picked":"Coffee Dripper"}],"items_purged_floors":[21,28],"is_endless":false,"potions_floor_spawned":[1,5,13,14,16,20,22,31],"killed_by":"Automaton","ascension_level":20}