{"gold_per_floor":[113,131,131,131,131,131,147,147,171,187,222,222,278,27,27,127,127,137,157,157,0,10,10,10,25,51,51],"floor_reached":27,"playtime":1338,"items_purged":[],"score":243,"play_id":"8069ad70-0125-43c1-80c9-e0f635585567","local_time":"20190218120533","is_ascension_mode":true,"campfire_choices":[{"data":"Bash","floor":6,"key":"SMITH"},{"floor":12,"key":"REST"},{"floor":15,"key":"REST"},{"data":"Barricade","floor":23,"key":"SMITH"}],"neow_cost":"NONE","seed_source_timestamp":7243062357153,"circlet_count":0,"master_deck":["Strike_R+1","Strike_R+1","Strike_R","Strike_R","Strike_R","Defend_R","Defend_R","Defend_R","Defend_R","Bash+1","Perfected Strike","Twin Strike","Spot Weakness","Perfected Strike","Feel No Pain","Metallicize","Inflame","Barricade+1","Shockwave","Shrug It Off","Battle Trance","Ghostly Armor","Body Slam"],"relics":["Burning Blood","Pen Nib","Incense Burner","Ginger","Art of War","The Courier","Tiny Chest","Whetstone","Runic Cube","Oddly Smooth Stone","Lantern"],"potions_floor_usage":[11,16,25,25],"damage_taken":[{"damage":9,"enemies":"Jaw Worm","floor":1,"turns":5},{"damage":8,"enemies":"2 Louse","floor":2,"turns":2},{"damage":5,"enemies":"Small Slimes","floor":7,"turns":3},{"damage":11,"enemies":"Blue Slaver","floor":10,"turns":3},{"damage":22,"enemies":"3 Sentries","floor":11,"turns":8},{"damage":31,"enemies":"Lagavulin","floor":13,"turns":5},{"damage":28,"enemies":"Slime Boss","floor":16,"turns":8},{"damage":2,"enemies":"Chosen","floor":18,"turns":4},{"damage":43,"enemies":"2 Thieves","floor":19,"turns":4},{"damage":22,"enemies":"Shelled Parasite and Fungi","floor":22,"turns":5},{"damage":5,"enemies":"Snecko","floor":25,"turns":7},{"damage":34,"enemies":"3 Cultists","floor":27,"turns":5}],"seed_played":"-6838665583108226480","potions_obtained":[{"floor":1,"key":"FearPotion"},{"floor":2,"key":"SkillPotion"},{"floor":11,"key":"SpeedPotion"},{"floor":16,"key":"SkillPotion"},{"floor":18,"key":"Explosive Potion"}],"is_trial":false,"path_per_floor":["M","M","?","?","$","R","M","?","T","M","E","R","E","$","R","B",null,"M","M","?","$","M","R","$","M","T","M"],"character_chosen":"IRONCLAD","items_purchased":["Metallicize","Inflame","Whetstone","Oddly Smooth Stone","Battle Trance"],"campfire_rested":2,"item_purchase_floors":[14,14,14,21,21],"current_hp_per_floor":[77,75,75,68,68,68,69,51,51,46,30,54,29,29,53,31,80,80,43,43,43,27,27,27,28,28,0],"gold":51,"neow_bonus":"RANDOM_COMMON_RELIC","is_prod":false,"is_daily":false,"chose_seed":false,"campfire_upgraded":2,"win_rate":0,"timestamp":1550459133,"path_taken":["M","M","?","?","$","R","M","?","T","M","E","R","E","$","R","BOSS","M","M","?","$","M","R","?","M","T","M"],"build_version":"2019-01-23","purchased_purges":0,"victory":false,"max_hp_per_floor":[80,80,80,80,80,80,80,80,80,80,80,80,80,80,80,80,80,80,80,80,80,80,80,80,80,80,80],"card_choices":[{"not_picked":["Hemokinesis","Battle Trance"],"picked":"Perfected Strike","floor":1},{"not_picked":["Havoc","True Grit"],"picked":"Twin Strike","floor":2},{"not_picked":["Sever Soul","Blood for Blood","Cleave"],"picked":"SKIP","floor":7},{"not_picked":["Twin Strike","Havoc"],"picked":"Spot Weakness","floor":10},{"not_picked":["Reaper","Heavy Blade"],"picked":"Perfected Strike","floor":11},{"not_picked":["Headbutt","Clothesline"],"picked":"Feel No Pain","floor":13},{"not_picked":["Feed","Impervious"],"picked":"Barricade","floor":16},{"not_picked":["Clash","Hemokinesis"],"picked":"Shockwave","floor":18},{"not_picked":["Cleave+1","Metallicize"],"picked":"Shrug It Off","floor":19},{"not_picked":["Metallicize+1","Shrug It Off+1"],"picked":"Ghostly Armor","floor":22},{"not_picked":["Armaments+1","Searing Blow"],"picked":"Body Slam","floor":25}],"player_experience":123317,"relics_obtained":[{"floor":9,"key":"Art of War"},{"floor":11,"key":"The Courier"},{"floor":13,"key":"Tiny Chest"},{"floor":26,"key":"Lantern"}],"event_choices":[{"damage_healed":0,"gold_gain":0,"player_choice":"Box","damage_taken":0,"relics_obtained":["Incense Burner"],"max_hp_gain":0,"max_hp_loss":0,"event_name":"Big Fish","floor":3,"gold_loss":0,"cards_obtained":["Regret"]},{"cards_removed":["Regret"],"damage_healed":0,"gold_gain":0,"player_choice":"Card Removal","damage_taken":7,"max_hp_gain":0,"max_hp_loss":0,"event_name":"Golden Wing","floor":4,"gold_loss":0},{"damage_healed":0,"gold_gain":0,"player_choice":"Success","damage_taken":18,"relics_obtained":["Ginger"],"max_hp_gain":0,"max_hp_loss":0,"event_name":"Scrap Ooze","floor":8,"gold_loss":0},{"damage_healed":0,"gold_gain":0,"player_choice":"Bought 0 Potions","damage_taken":0,"max_hp_gain":0,"max_hp_loss":0,"event_name":"The Woman in Blue","floor":20,"gold_loss":0}],"is_beta":false,"boss_relics":[{"not_picked":["White Beast Statue","Lizard Tail"],"picked":"Runic Cube"}],"items_purged_floors":[],"is_endless":false,"potions_floor_spawned":[1,2,11,16,18,19],"killed_by":"3 Cultists","ascension_level":2}