{"gold_per_floor":[10,28,47,64,74,101,101,131,131,131,131,145,176,30,30,109,109,127,144,154,154,172,205,205,205,230,244,271,186,219,236,236,312,312,325,325,32,52,52,68,80,105,131,131],"floor_reached":44,"playtime":1744,"items_purged":["Strike_B"],"score":1194,"play_id":"2fab2d4b-7b53-4358-90ef-f037bffd0b07","local_time":"20190219024759","is_ascension_mode":true,"campfire_choices":[{"floor":11,"key":"REST"},{"data":"Redo","floor":15,"key":"SMITH"},{"data":"Turbo","floor":24,"key":"SMITH"},{"floor":32,"key":"REST"}],"neow_cost":"NO_GOLD","seed_source_timestamp":389604403098400,"circlet_count":0,"master_deck":["AscendersBane","Strike_B","Strike_B","Defend_B","Defend_B","Defend_B","Zap","Dualcast","Conserve Battery","Redo+1","Chill","Streamline","Rebound","Conserve Battery","Melter","Cold Snap+1","Core Surge+1","Beam Cell+1","Rebound+1","Go for the Eyes+1","Sunder+1","Conserve Battery","Sunder+1","Glacier+1","Turbo+1","Capacitor+1","Echo Form","Reinforced Body+1","Hologram","Go for the Eyes+1","Core Surge+1"],"relics":["Cracked Core","Oddly Smooth Stone","The Courier","Incense Burner","Molten Egg 2","Letter Opener","Pen Nib","Runic Pyramid","Bronze Scales","Potion Belt","Shuriken","Smiling Mask","Art of War","Fusion Hammer","Anchor","Cables","DataDisk"],"potions_floor_usage":[8,13,18,22,28,35,42,42],"damage_taken":[{"damage":1,"enemies":"Cultist","floor":1,"turns":3},{"damage":0,"enemies":"2 Louse","floor":2,"turns":3},{"damage":0,"enemies":"Small Slimes","floor":3,"turns":3},{"damage":0,"enemies":"2 Fungi Beasts","floor":4,"turns":4},{"damage":14,"enemies":"Red Slaver","floor":5,"turns":4},{"damage":36,"enemies":"Gremlin Nob","floor":6,"turns":4},{"damage":7,"enemies":"3 Sentries","floor":8,"turns":9},{"damage":6,"enemies":"3 Louse","floor":12,"turns":2},{"damage":0,"enemies":"Lagavulin","floor":13,"turns":6},{"damage":8,"enemies":"The Guardian","floor":16,"turns":10},{"damage":8,"enemies":"2 Thieves","floor":18,"turns":2},{"damage":6,"enemies":"3 Byrds","floor":19,"turns":3},{"damage":0,"enemies":"Cultist and Chosen","floor":20,"turns":4},{"damage":0,"enemies":"3 Cultists","floor":22,"turns":5},{"damage":0,"enemies":"Gremlin Leader","floor":23,"turns":3},{"damage":0,"enemies":"Snake Plant","floor":27,"turns":4},{"damage":13,"enemies":"Slavers","floor":28,"turns":7},{"damage":9,"enemies":"Gremlin Leader","floor":30,"turns":7},{"damage":2,"enemies":"Snecko","floor":31,"turns":4},{"damage":43,"enemies":"Collector","floor":33,"turns":9},{"damage":8,"enemies":"Orb Walker","floor":35,"turns":2},{"damage":1,"enemies":"3 Darklings","floor":38,"turns":5},{"damage":22,"enemies":"Transient","floor":40,"turns":6},{"damage":4,"enemies":"Maw","floor":41,"turns":9},{"damage":35,"enemies":"Giant Head","floor":42,"turns":8},{"damage":10,"enemies":"Jaw Worm Horde","floor":44,"turns":1}],"seed_played":"-482755613588751564","potions_obtained":[{"floor":1,"key":"Regen Potion"},{"floor":6,"key":"Block Potion"},{"floor":12,"key":"Swift Potion"},{"floor":16,"key":"FearPotion"},{"floor":19,"key":"Ancient Potion"},{"floor":22,"key":"Fruit Juice"},{"floor":27,"key":"SkillPotion"},{"floor":33,"key":"FocusPotion"},{"floor":41,"key":"Weak Potion"}],"is_trial":false,"path_per_floor":["M","M","M","M","M","E","?","E","T","?","R","M","E","$","R","B",null,"M","M","M","?","M","E","R","?","T","M","E","?","E","M","R","B",null,"M","?","$","M","?","M","M","E","T","M"],"character_chosen":"DEFECT","items_purchased":["Pen Nib","Go for the Eyes+1","Anchor","Ancient Potion","FearPotion"],"campfire_rested":2,"item_purchase_floors":[14,14,37,37,37],"current_hp_per_floor":[63,63,63,63,49,13,2,10,10,10,31,25,25,25,25,17,58,50,44,44,44,49,49,49,86,86,86,73,73,64,62,86,43,75,67,67,67,66,66,44,40,5,5,0],"gold":131,"neow_bonus":"REMOVE_TWO","is_prod":false,"is_daily":false,"chose_seed":false,"campfire_upgraded":2,"win_rate":0,"timestamp":1550512079,"path_taken":["M","M","M","M","M","E","?","E","T","?","R","M","E","$","R","BOSS","M","?","M","?","M","E","R","?","T","?","E","?","E","M","R","BOSS","M","?","$","M","?","M","M","E","T","M"],"build_version":"2019-01-23","purchased_purges":1,"victory":false,"max_hp_per_floor":[71,71,71,71,71,71,71,71,71,71,71,71,71,71,71,71,71,71,71,71,71,76,76,76,86,86,86,86,86,86,86,86,86,86,86,82,82,82,82,82,82,82,82,82],"card_choices":[{"not_picked":["Skim","Fusion"],"picked":"Conserve Battery","floor":1},{"not_picked":["Steam","Fusion"],"picked":"Redo","floor":2},{"not_picked":["Stack","Leap"],"picked":"Chill","floor":3},{"not_picked":["Storm","Darkness"],"picked":"Streamline","floor":4},{"not_picked":["Go for the Eyes","Reboot"],"picked":"Rebound","floor":5},{"not_picked":["Leap","Reprogram"],"picked":"Conserve Battery","floor":6},{"not_picked":["Compile Driver","Hello World"],"picked":"Melter","floor":8},{"not_picked":["FTL+1","Turbo"],"picked":"Beam Cell+1","floor":12},{"not_picked":["Lockon+1","Coolheaded"],"picked":"Rebound+1","floor":13},{"not_picked":["Reboot","Fission"],"picked":"Hyperbeam+1","floor":16},{"not_picked":["Cold Snap+1","Stack"],"picked":"Sunder+1","floor":18},{"not_picked":["Hologram","Glacier"],"picked":"Conserve Battery","floor":19},{"not_picked":["Conserve Battery","Rip and Tear+1"],"picked":"Sunder+1","floor":20},{"not_picked":["Cold Snap+1","Hologram"],"picked":"Glacier+1","floor":22},{"not_picked":["Auto Shields","Static Discharge"],"picked":"Turbo","floor":23},{"not_picked":["Leap","Streamline+1","Stack"],"picked":"SKIP","floor":27},{"not_picked":["Rainbow","Streamline+1","Compile Driver+1"],"picked":"SKIP","floor":28},{"not_picked":["Coolheaded","Compile Driver+1"],"picked":"Sweeping Beam+1","floor":30},{"not_picked":["Turbo","Glacier"],"picked":"Capacitor+1","floor":31},{"not_picked":["Fission","Multi-Cast"],"picked":"Echo Form","floor":33},{"not_picked":["Sweeping Beam+1","Double Energy","Conserve Battery"],"picked":"SKIP","floor":35},{"not_picked":["Stack","Barrage+1"],"picked":"Reinforced Body+1","floor":38},{"not_picked":["Force Field","Steam+1"],"picked":"Hologram","floor":40},{"not_picked":["Ball Lightning+1","Cold Snap+1"],"picked":"Go for the Eyes+1","floor":41},{"not_picked":["Redo","Beam Cell+1"],"picked":"Core Surge+1","floor":42}],"player_experience":4344028,"relics_obtained":[{"floor":6,"key":"Oddly Smooth Stone"},{"floor":8,"key":"Incense Burner"},{"floor":9,"key":"Molten Egg 2"},{"floor":13,"key":"Letter Opener"},{"floor":23,"key":"Bronze Scales"},{"floor":26,"key":"Potion Belt"},{"floor":28,"key":"Shuriken"},{"floor":30,"key":"Art of War"},{"floor":42,"key":"Cables"},{"floor":43,"key":"DataDisk"}],"event_choices":[{"damage_healed":0,"gold_gain":0,"player_choice":"Success","damage_taken":11,"relics_obtained":["The Courier"],"max_hp_gain":0,"max_hp_loss":0,"event_name":"Scrap Ooze","floor":7,"gold_loss":0},{"damage_healed":0,"gold_gain":0,"player_choice":"2 cards matched","damage_taken":0,"max_hp_gain":0,"max_hp_loss":0,"event_name":"Match and Keep!","floor":10,"gold_loss":0,"cards_obtained":["Cold Snap","Core Surge"]},{"damage_healed":0,"gold_gain":0,"player_choice":"Ignored","damage_taken":0,"max_hp_gain":0,"max_hp_loss":0,"event_name":"Ghosts","floor":21,"gold_loss":0},{"cards_removed":["Hyperbeam"],"damage_healed":27,"gold_gain":0,"player_choice":"Offered Rare","damage_taken":0,"max_hp_gain":10,"max_hp_loss":0,"event_name":"Bonfire Elementals","floor":25,"gold_loss":0},{"damage_healed":0,"gold_gain":0,"player_choice":"Obtained Relic","damage_taken":0,"relics_obtained":["Smiling Mask"],"max_hp_gain":0,"max_hp_loss":0,"event_name":"Addict","floor":29,"gold_loss":85},{"damage_healed":0,"gold_gain":0,"player_choice":"Max HP","damage_taken":0,"max_hp_gain":0,"max_hp_loss":4,"event_name":"Winding Halls","floor":36,"gold_loss":0},{"cards_removed":["Sweeping Beam"],"damage_healed":0,"gold_gain":0,"player_choice":"Removed Attack","damage_taken":0,"max_hp_gain":0,"max_hp_loss":0,"event_name":"Falling","floor":39,"gold_loss":0}],"is_beta":false,"boss_relics":[{"not_picked":["Orrery","Nuclear Battery"],"picked":"Runic Pyramid"},{"not_picked":["Sozu","Lizard Tail"],"picked":"Fusion Hammer"}],"items_purged_floors":[37],"is_endless":false,"potions_floor_spawned":[1,6,12,16,19,22,27,33,41],"killed_by":"Jaw Worm Horde","ascension_level":20}