{"gold_per_floor":[112,129,146,156,172,172,172,172,172,172,202,221,251,269,269,344,344,357,36,36,54,66,66,66,66,66,80,80,105,123,153,153,153],"floor_reached":33,"playtime":1079,"items_purged":["Strike_R"],"score":598,"play_id":"f5909a5e-43a0-4dcb-999c-78d1e783f2fb","local_time":"20190214014705","is_ascension_mode":true,"campfire_choices":[{"data":"Immolate","floor":6,"key":"SMITH"},{"data":"Shrug It Off","floor":8,"key":"SMITH"},{"data":"Armaments","floor":15,"key":"SMITH"},{"data":"Immolate","floor":23,"key":"SMITH"},{"data":"Disarm","floor":28,"key":"SMITH"},{"data":"Rampage","floor":32,"key":"SMITH"}],"neow_cost":"NONE","seed_source_timestamp":1233971400331100,"circlet_count":0,"master_deck":["AscendersBane","Strike_R","Strike_R","Defend_R","Defend_R","Defend_R","Defend_R","Bash","Headbutt","Disarm+1","Twin Strike","Shrug It Off+1","Immolate+1","Warcry","Armaments+1","Shrug It Off","Immolate+1","Corruption+1","Rampage+1","Flex+1","Wild Strike+1","Feel No Pain+1","Burning Pact+1","Evolve+1","Flame Barrier+1"],"relics":["Burning Blood","Ancient Tea Set","Blood Vial","Pantograph","Coffee Dripper","Frozen Egg 2","Toxic Egg 2","Omamori"],"potions_floor_usage":[11,16,16,31,31],"damage_taken":[{"damage":17,"enemies":"Small Slimes","floor":1,"turns":5},{"damage":1,"enemies":"Cultist","floor":2,"turns":3},{"damage":3,"enemies":"2 Louse","floor":3,"turns":3},{"damage":5,"enemies":"Looter","floor":4,"turns":4},{"damage":24,"enemies":"Large Slime","floor":5,"turns":8},{"damage":10,"enemies":"Lagavulin","floor":11,"turns":7},{"damage":8,"enemies":"Blue Slaver","floor":12,"turns":2},{"damage":32,"enemies":"Gremlin Nob","floor":13,"turns":4},{"damage":8,"enemies":"3 Louse","floor":14,"turns":2},{"damage":27,"enemies":"The Guardian","floor":16,"turns":15},{"damage":17,"enemies":"2 Thieves","floor":18,"turns":2},{"damage":0,"enemies":"Chosen","floor":21,"turns":3},{"damage":5,"enemies":"Snecko","floor":22,"turns":4},{"damage":0,"enemies":"3 Cultists","floor":27,"turns":2},{"damage":27,"enemies":"Slavers","floor":29,"turns":5},{"damage":33,"enemies":"Snake Plant","floor":30,"turns":3},{"damage":33,"enemies":"Book of Stabbing","floor":31,"turns":6},{"damage":79,"enemies":"Automaton","floor":33,"turns":6}],"seed_played":"3101873211711248217","potions_obtained":[{"floor":5,"key":"PowerPotion"},{"floor":11,"key":"SkillPotion"},{"floor":12,"key":"SpeedPotion"},{"floor":13,"key":"FearPotion"},{"floor":31,"key":"Fire Potion"}],"is_trial":false,"path_per_floor":["M","M","M","M","M","R","?","R","T","?","E","M","E","M","R","B",null,"M","$","?","M","M","R","$","?","T","M","R","E","M","E","R","B"],"character_chosen":"IRONCLAD","items_purchased":["Rampage","Regen Potion","Regen Potion"],"campfire_rested":0,"item_purchase_floors":[19,19,19],"current_hp_per_floor":[64,69,72,73,55,55,55,55,55,55,51,51,27,27,27,33,70,61,61,61,69,72,72,72,72,72,80,80,61,36,51,51,0],"gold":153,"neow_bonus":"TEN_PERCENT_HP_BONUS","is_prod":false,"is_daily":false,"chose_seed":false,"campfire_upgraded":6,"win_rate":0,"timestamp":1550076425,"path_taken":["M","M","M","M","M","R","?","R","T","?","E","M","E","M","R","BOSS","M","$","?","M","?","R","?","?","T","M","R","E","M","E","R","BOSS"],"build_version":"2019-01-23","purchased_purges":1,"victory":false,"max_hp_per_floor":[82,82,82,82,82,82,82,82,82,82,82,82,82,82,82,82,82,82,82,82,82,82,82,82,82,82,82,82,82,82,82,82,82],"card_choices":[{"not_picked":["Armaments","Heavy Blade"],"picked":"Headbutt","floor":1},{"not_picked":["Rampage","Infernal Blade"],"picked":"Disarm","floor":2},{"not_picked":["Clothesline","Spot Weakness"],"picked":"Twin Strike","floor":3},{"not_picked":["Perfected Strike","Rage"],"picked":"Shrug It Off","floor":4},{"not_picked":["Anger","Entrench"],"picked":"Immolate","floor":5},{"not_picked":["Perfected Strike","Clothesline"],"picked":"Warcry","floor":11},{"not_picked":["Dual Wield","Cleave","Heavy Blade"],"picked":"SKIP","floor":12},{"not_picked":["Rupture","Corruption"],"picked":"Armaments","floor":13},{"not_picked":["Rupture","Bloodletting"],"picked":"Shrug It Off","floor":14},{"not_picked":["Impervious","Fiend Fire"],"picked":"Immolate","floor":16},{"not_picked":["Thunderclap","Shrug It Off"],"picked":"Corruption+1","floor":18},{"not_picked":["Iron Wave","Armaments"],"picked":"Flex+1","floor":21},{"not_picked":["Twin Strike","Impervious"],"picked":"Wild Strike+1","floor":22},{"not_picked":["Body Slam","Clothesline+1"],"picked":"Feel No Pain+1","floor":27},{"not_picked":["Sword Boomerang","Twin Strike"],"picked":"Burning Pact","floor":29},{"not_picked":["Twin Strike","Body Slam+1"],"picked":"Evolve+1","floor":30},{"not_picked":["Reckless Charge","Cleave"],"picked":"Flame Barrier+1","floor":31}],"player_experience":4286512,"relics_obtained":[{"floor":9,"key":"Ancient Tea Set"},{"floor":11,"key":"Blood Vial"},{"floor":13,"key":"Pantograph"},{"floor":26,"key":"Frozen Egg 2"},{"floor":29,"key":"Toxic Egg 2"},{"floor":31,"key":"Omamori"}],"event_choices":[{"cards_removed":["Strike_R"],"damage_healed":0,"gold_gain":0,"player_choice":"Forget","damage_taken":0,"max_hp_gain":0,"max_hp_loss":0,"event_name":"Living Wall","floor":7,"gold_loss":0},{"cards_removed":["Strike_R"],"damage_healed":0,"gold_gain":0,"player_choice":"Purged","damage_taken":0,"max_hp_gain":0,"max_hp_loss":0,"event_name":"Purifier","floor":10,"gold_loss":0},{"damage_healed":0,"gold_gain":0,"player_choice":"Ignored","damage_taken":0,"max_hp_gain":0,"max_hp_loss":0,"event_name":"N\u0027loth","floor":20,"gold_loss":0},{"damage_healed":0,"gold_gain":0,"player_choice":"Ignored","damage_taken":0,"max_hp_gain":0,"max_hp_loss":0,"event_name":"The Mausoleum","floor":25,"gold_loss":0}],"is_beta":false,"boss_relics":[{"not_picked":["Lizard Tail","Orrery"],"picked":"Coffee Dripper"}],"items_purged_floors":[19],"is_endless":false,"potions_floor_spawned":[5,11,12,13,14,21,22,29,31],"killed_by":"Automaton","ascension_level":20}