{"gold_per_floor":[110,124,124,6,22,41,41,75,101,101,116,116],"floor_reached":12,"playtime":410,"items_purged":["Strike_R"],"score":152,"play_id":"f05e19e3-57f9-4948-b79b-946c95895ab9","local_time":"20190319125507","is_ascension_mode":true,"campfire_choices":[{"floor":7,"key":"REST"},{"data":"Flex","floor":10,"key":"SMITH"}],"neow_cost":"NONE","seed_source_timestamp":11580036017403,"circlet_count":0,"master_deck":["AscendersBane","Strike_R","Strike_R","Defend_R","Defend_R","Defend_R","Defend_R","Bash","Battle Trance","Sword Boomerang","Dropkick","Infernal Blade","Heavy Blade","Flex+1","Ghostly Armor","Warcry"],"relics":["Burning Blood","Ancient Tea Set","Strawberry"],"potions_floor_usage":[8,8,12],"damage_taken":[{"damage":11,"enemies":"Jaw Worm","floor":1,"turns":4},{"damage":2,"enemies":"Cultist","floor":2,"turns":4},{"damage":7,"enemies":"Small Slimes","floor":5,"turns":4},{"damage":40,"enemies":"3 Louse","floor":6,"turns":4},{"damage":28,"enemies":"Gremlin Nob","floor":8,"turns":4},{"damage":0,"enemies":"Looter","floor":11,"turns":1},{"damage":45,"enemies":"3 Sentries","floor":12,"turns":5}],"seed_played":"7496855423504291888","potions_obtained":[{"floor":1,"key":"Explosive Potion"},{"floor":2,"key":"SpeedPotion"},{"floor":11,"key":"Block Potion"}],"is_trial":false,"path_per_floor":["M","M","?","$","M","M","R","E","T","R","M","E"],"character_chosen":"IRONCLAD","items_purchased":["Infernal Blade"],"campfire_rested":1,"item_purchase_floors":[4],"current_hp_per_floor":[63,67,67,67,66,32,54,32,39,39,45,0],"gold":116,"neow_bonus":"REMOVE_CARD","is_prod":false,"is_daily":false,"chose_seed":false,"campfire_upgraded":1,"win_rate":0,"timestamp":1552967707,"path_taken":["M","M","?","$","M","M","R","E","T","R","?","E"],"build_version":"2019-01-23","purchased_purges":1,"victory":false,"max_hp_per_floor":[75,75,75,75,75,75,75,75,82,82,82,82],"card_choices":[{"not_picked":["Clothesline","Power Through"],"picked":"Battle Trance","floor":1},{"not_picked":["True Grit","Perfected Strike"],"picked":"Sword Boomerang","floor":2},{"not_picked":["Sword Boomerang","Thunderclap"],"picked":"Heavy Blade","floor":5},{"not_picked":["Perfected Strike","Cleave"],"picked":"Flex","floor":6},{"not_picked":["Dropkick","Bloodletting"],"picked":"Ghostly Armor","floor":8},{"not_picked":["Pummel","Anger"],"picked":"Warcry","floor":11}],"player_experience":358756,"relics_obtained":[{"floor":8,"key":"Ancient Tea Set"},{"floor":9,"key":"Strawberry"}],"event_choices":[{"damage_healed":0,"gold_gain":0,"cards_transformed":["Strike_R"],"player_choice":"Transformed","damage_taken":0,"max_hp_gain":0,"max_hp_loss":0,"event_name":"Transmorgrifier","floor":3,"gold_loss":0,"cards_obtained":["Dropkick"]}],"is_beta":false,"boss_relics":[],"items_purged_floors":[4],"is_endless":false,"potions_floor_spawned":[1,2,11],"killed_by":"3 Sentries","ascension_level":18}