{"gold_per_floor":[116,41,60,71,71,71,104,104,104,129,40,40,70,90,90,164,164,143,160,59,59,69,69],"floor_reached":23,"playtime":833,"items_purged":["Defend_G"],"score":418,"play_id":"9719cb6f-5238-4bf4-8d3a-8f324ed5cc15","local_time":"20190218010124","is_ascension_mode":true,"campfire_choices":[{"data":"Poisoned Stab","floor":6.0,"key":"SMITH"},{"data":"Poisoned Stab","floor":8.0,"key":"SMITH"},{"data":"Noxious Fumes","floor":12.0,"key":"SMITH"},{"data":"Cloak And Dagger","floor":15.0,"key":"SMITH"}],"neow_cost":"NONE","seed_source_timestamp":297622584751100,"circlet_count":0,"master_deck":["AscendersBane","Defend_G","Defend_G","Defend_G","Defend_G","Strike_G","Strike_G","Strike_G","Strike_G","Survivor","Neutralize","Poisoned Stab+1","Poisoned Stab+1","Cloak And Dagger+1","Backflip","Footwork","Footwork","Noxious Fumes+1","Skewer","Dodge and Roll","Night Terror","Quick Slash+1","Flying Knee+1","Bane","Terror"],"special_seed":0,"relics":["Ring of the Snake","Calipers","Girya","Juzu Bracelet","Shuriken","Sozu"],"potions_floor_usage":[16],"damage_taken":[{"damage":2.0,"enemies":"Jaw Worm","floor":1.0,"turns":6.0},{"damage":1.0,"enemies":"Cultist","floor":3.0,"turns":4.0},{"damage":0.0,"enemies":"2 Louse","floor":4.0,"turns":3.0},{"damage":3.0,"enemies":"Gremlin Nob","floor":7.0,"turns":3.0},{"damage":18.0,"enemies":"3 Sentries","floor":10.0,"turns":12.0},{"damage":3.0,"enemies":"Lagavulin","floor":13.0,"turns":8.0},{"damage":1.0,"enemies":"2 Fungi Beasts","floor":14.0,"turns":3.0},{"damage":30,"enemies":"Slime Boss","floor":16,"turns":8},{"damage":11,"enemies":"2 Thieves","floor":18,"turns":4},{"damage":2,"enemies":"Chosen","floor":19,"turns":5},{"damage":17,"enemies":"Centurion and Healer","floor":22,"turns":6},{"damage":27,"enemies":"Gremlin Leader","floor":23,"turns":5}],"seed_played":"3952372918880351938","potions_obtained":[{"floor":3.0,"key":"Fire Potion"},{"floor":4.0,"key":"GamblersBrew"},{"floor":13.0,"key":"Poison Potion"}],"is_trial":false,"path_per_floor":["M","?","M","M","?","R","E","R","T","E","$","R","E","M","R","B",null,"M","M","$","?","M","E"],"character_chosen":"THE_SILENT","items_purchased":["Noxious Fumes","Bane"],"campfire_rested":0,"item_purchase_floors":[11,20],"current_hp_per_floor":[63,63,62,62,62,62,59,59,59,41,41,41,38,37,37,7,56,45,43,43,43,26,0],"gold":69,"neow_bonus":"TEN_PERCENT_HP_BONUS","is_prod":false,"is_daily":false,"chose_seed":false,"campfire_upgraded":4,"win_rate":0,"timestamp":1550419284,"path_taken":["M","?","M","M","?","R","E","R","T","E","$","R","E","M","R","BOSS","M","M","$","?","M","E"],"build_version":"2019-01-23","purchased_purges":1,"victory":false,"max_hp_per_floor":[72,72,72,72,72,72,72,72,72,72,72,72,72,72,72,72,72,72,72,72,72,72,72],"card_choices":[{"not_picked":["Distraction","Bane"],"picked":"Poisoned Stab","floor":1.0},{"not_picked":["Backflip","Slice"],"picked":"Poisoned Stab","floor":3.0},{"not_picked":["Eviscerate","PiercingWail"],"picked":"Cloak And Dagger","floor":4.0},{"not_picked":["Poisoned Stab","Underhanded Strike"],"picked":"Footwork","floor":7.0},{"not_picked":["Predator","Outmaneuver"],"picked":"Footwork","floor":10.0},{"not_picked":["Slice","PiercingWail"],"picked":"Skewer","floor":13.0},{"not_picked":["Calculated Gamble","Flying Knee"],"picked":"Dodge and Roll","floor":14.0},{"not_picked":["Venomology","Phantasmal Killer"],"picked":"Night Terror","floor":16},{"not_picked":["Finisher","Dagger Throw"],"picked":"Quick Slash+1","floor":18},{"not_picked":["Poisoned Stab","Terror"],"picked":"Flying Knee+1","floor":19},{"not_picked":["Poisoned Stab","Concentrate"],"picked":"Terror","floor":22}],"player_experience":4322436,"relics_obtained":[{"floor":7.0,"key":"Calipers"},{"floor":9.0,"key":"Girya"},{"floor":10.0,"key":"Juzu Bracelet"},{"floor":13.0,"key":"Shuriken"}],"event_choices":[{"cards_removed":["Strike_G"],"damage_healed":0.0,"max_hp_gain":0.0,"max_hp_loss":0.0,"gold_gain":0.0,"event_name":"The Cleric","player_choice":"Card Removal","floor":2.0,"gold_loss":75.0,"damage_taken":0.0},{"damage_healed":0.0,"max_hp_gain":0.0,"max_hp_loss":0.0,"gold_gain":0.0,"event_name":"Match and Keep!","player_choice":"1 cards matched","floor":5.0,"gold_loss":0.0,"damage_taken":0.0,"cards_obtained":["Backflip"]},{"damage_healed":0,"gold_gain":0,"player_choice":"Ignored","damage_taken":0,"max_hp_gain":0,"max_hp_loss":0,"event_name":"Cursed Tome","floor":21,"gold_loss":0}],"is_beta":false,"boss_relics":[{"not_picked":["Snecko Eye","Eternal Feather"],"picked":"Sozu"}],"items_purged_floors":[20],"is_endless":false,"potions_floor_spawned":[3,4,13,19],"killed_by":"Gremlin Leader","ascension_level":20}