{"gold_per_floor":[109,127,127,127,145,145,95,95,95,110,110,123,48,64,64,162,162,145,161,161],"floor_reached":20,"playtime":970,"items_purged":["Strike_R"],"score":166,"play_id":"e254958d-a18c-42f5-b224-56ceb011a879","local_time":"20190223131247","is_ascension_mode":false,"campfire_choices":[{"data":"Bash","floor":6,"key":"SMITH"},{"data":"Defend_R","floor":11,"key":"SMITH"},{"data":"Defend_R","floor":15,"key":"SMITH"}],"neow_cost":"NONE","seed_source_timestamp":1780807516900,"circlet_count":0,"master_deck":["Strike_R","Strike_R","Strike_R","Defend_R+1","Defend_R+1","Defend_R","Bash+1","Double Tap"],"relics":["Burning Blood","Dodecahedron","Kunai","Orrery"],"potions_floor_usage":[12,12,18],"damage_taken":[{"damage":7,"enemies":"Small Slimes","floor":1,"turns":3},{"damage":1,"enemies":"Cultist","floor":2,"turns":3},{"damage":11,"enemies":"Jaw Worm","floor":5,"turns":3},{"damage":5,"enemies":"3 Louse","floor":10,"turns":5},{"damage":17,"enemies":"Exordium Thugs","floor":12,"turns":5},{"damage":1,"enemies":"Exordium Wildlife","floor":14,"turns":4},{"damage":51,"enemies":"The Guardian","floor":16,"turns":19},{"damage":11,"enemies":"2 Thieves","floor":18,"turns":4},{"damage":30,"enemies":"Chosen","floor":19,"turns":5},{"damage":62,"enemies":"Centurion and Healer","floor":20,"turns":10}],"seed_played":"7198131143178393336","potions_obtained":[{"floor":1,"key":"PowerPotion"},{"floor":5,"key":"Weak Potion"},{"floor":12,"key":"LiquidBronze"},{"floor":16,"key":"Energy Potion"}],"is_trial":false,"path_per_floor":["M","M","?","?","M","R","?","?","T","M","R","M","$","M","R","B",null,"M","M","M"],"character_chosen":"IRONCLAD","items_purchased":[],"campfire_rested":0,"item_purchase_floors":[],"current_hp_per_floor":[79,80,80,68,63,63,63,63,63,64,64,53,53,58,58,13,80,75,51,0],"gold":161,"neow_bonus":"REMOVE_CARD","is_prod":false,"is_daily":false,"chose_seed":false,"campfire_upgraded":3,"win_rate":0,"timestamp":1550923967,"path_taken":["M","M","?","?","M","R","?","?","T","M","R","M","$","M","R","BOSS","M","M","M"],"build_version":"2019-01-23","purchased_purges":1,"victory":false,"max_hp_per_floor":[80,80,80,80,80,80,80,80,80,80,80,80,80,80,80,80,80,80,80,80],"card_choices":[{"not_picked":["Sentinel","Warcry","Twin Strike"],"picked":"SKIP","floor":1},{"not_picked":["Warcry","Intimidate","Heavy Blade"],"picked":"SKIP","floor":2},{"not_picked":["Flex","Heavy Blade","Clothesline"],"picked":"SKIP","floor":5},{"not_picked":["Pommel Strike","Perfected Strike","Fiend Fire"],"picked":"SKIP","floor":10},{"not_picked":["Headbutt","Twin Strike","Clothesline"],"picked":"SKIP","floor":12},{"not_picked":["Heavy Blade","Cleave","Pommel Strike"],"picked":"SKIP","floor":14},{"not_picked":["Berserk","Dark Embrace"],"picked":"Double Tap","floor":16},{"not_picked":["Clash","Power Through+1","Cleave"],"picked":"SKIP","floor":18},{"not_picked":["Havoc","Perfected Strike","Sword Boomerang"],"picked":"SKIP","floor":19}],"player_experience":370919,"relics_obtained":[{"floor":9,"key":"Kunai"}],"event_choices":[{"damage_healed":0,"gold_gain":0,"player_choice":"Ignored","damage_taken":0,"max_hp_gain":0,"max_hp_loss":0,"event_name":"Liars Game","floor":3,"gold_loss":0},{"damage_healed":0,"gold_gain":0,"player_choice":"Success","damage_taken":12,"relics_obtained":["Dodecahedron"],"max_hp_gain":0,"max_hp_loss":0,"event_name":"Scrap Ooze","floor":4,"gold_loss":0},{"cards_removed":["Strike_R"],"damage_healed":0,"gold_gain":0,"player_choice":"Card Removal","damage_taken":0,"max_hp_gain":0,"max_hp_loss":0,"event_name":"The Cleric","floor":7,"gold_loss":50},{"damage_healed":0,"gold_gain":0,"player_choice":"Ignored","damage_taken":0,"max_hp_gain":0,"max_hp_loss":0,"event_name":"NoteForYourself","floor":8,"gold_loss":0}],"is_beta":false,"boss_relics":[{"not_picked":["Astrolabe","Cursed Key"],"picked":"Orrery"}],"items_purged_floors":[13],"is_endless":false,"potions_floor_spawned":[1,5,12,16],"killed_by":"Centurion and Healer","ascension_level":0}