{"gold_per_floor":[114,114,175,188,5,30,30,80,80,110,110,175,175,189,189,189],"floor_reached":16,"playtime":358,"items_purged":["Strike_B"],"score":220,"play_id":"3f8bad56-1fbc-49cc-bb2b-3724367cf628","local_time":"20190117012432","is_ascension_mode":true,"campfire_choices":[{"data":"Strike_B","floor":7,"key":"PURGE"},{"data":"Defend_B","floor":11,"key":"PURGE"},{"floor":13,"key":"REST"},{"data":"Defend_B","floor":15,"key":"PURGE"}],"neow_cost":"NONE","seed_source_timestamp":545946793710334,"circlet_count":0,"master_deck":["AscendersBane","Defend_B","Defend_B","Zap","Dualcast","Sunder","BootSequence","Cold Snap","Ball Lightning","Hologram","Ball Lightning","Leap"],"relics":["Cracked Core","SsserpentHead","Peace Pipe","Boot"],"potions_floor_usage":[6,16,16],"damage_taken":[{"damage":0,"enemies":"2 Louse","floor":1,"turns":3},{"damage":6,"enemies":"Cultist","floor":3,"turns":3},{"damage":0,"enemies":"Small Slimes","floor":4,"turns":3},{"damage":5,"enemies":"3 Sentries","floor":6,"turns":4},{"damage":34,"enemies":"Gremlin Nob","floor":10,"turns":4},{"damage":10,"enemies":"Gremlin Gang","floor":12,"turns":3},{"damage":0,"enemies":"Lots of Slimes","floor":14,"turns":3},{"damage":35,"enemies":"Hexaghost","floor":16,"turns":9}],"seed_played":"5264291067220627787","potions_obtained":[{"floor":3,"key":"Explosive Potion"},{"floor":10,"key":"Swift Potion"},{"floor":12,"key":"SkillPotion"}],"is_trial":false,"path_per_floor":["M","?","M","M","$","E","R","?","T","E","R","M","R","M","R","B"],"character_chosen":"DEFECT","items_purchased":["Ball Lightning","Hologram"],"campfire_rested":1,"item_purchase_floors":[5,5],"current_hp_per_floor":[64,64,58,58,58,53,53,53,53,19,19,9,30,30,30,0],"gold":189,"neow_bonus":"REMOVE_CARD","is_prod":false,"is_daily":false,"chose_seed":false,"campfire_upgraded":0,"win_rate":0,"timestamp":1547655872,"path_taken":["M","?","?","M","$","E","R","?","T","E","R","?","R","M","R","BOSS"],"build_version":"2019-01-10","purchased_purges":1,"victory":false,"max_hp_per_floor":[71,71,71,71,71,71,71,71,71,71,71,71,71,71,71,71],"card_choices":[{"not_picked":["Cold Snap","Stack"],"picked":"Sunder","floor":1},{"not_picked":["Gash","Hologram"],"picked":"BootSequence","floor":3},{"not_picked":["Coolheaded","Heatsinks"],"picked":"Cold Snap","floor":4},{"not_picked":["Fission","Coolheaded"],"picked":"Ball Lightning","floor":6},{"not_picked":["Reprogram","Aggregate","Streamline"],"picked":"SKIP","floor":10},{"not_picked":["Compile Driver","Skim"],"picked":"Leap","floor":12},{"not_picked":["Leap","Redo","Aggregate"],"picked":"SKIP","floor":14}],"player_experience":4106234,"relics_obtained":[{"floor":6,"key":"Peace Pipe"},{"floor":10,"key":"Boot"}],"event_choices":[{"damage_healed":0,"gold_gain":0,"player_choice":"Trade","damage_taken":0,"relics_obtained":["SsserpentHead"],"max_hp_gain":0,"max_hp_loss":0,"event_name":"FaceTrader","floor":2,"gold_loss":0},{"cards_removed":["Strike_B"],"damage_healed":0,"gold_gain":0,"player_choice":"Purged","damage_taken":0,"max_hp_gain":0,"max_hp_loss":0,"event_name":"Purifier","floor":8,"gold_loss":0}],"is_beta":false,"boss_relics":[],"items_purged_floors":[5],"is_endless":false,"potions_floor_spawned":[3,10,12],"killed_by":"Hexaghost","ascension_level":20}