{"gold_per_floor":[109,109,109,109,34,34,64,81,104,104,104,116,128,139,169,169,265,265,280,280,296,296,374,374,392,392,463,463,562,572,598,598,629,629,724,724,741,741,69,83,100,100,0,0,49,49,49,75,91,91],"floor_reached":50,"playtime":1865,"items_purged":["Pain","Scrape"],"score":741,"play_id":"b48bcae7-828e-4937-8bcb-7c26645649e5","local_time":"20190218233349","is_ascension_mode":false,"campfire_choices":[{"data":"Skim","floor":6,"key":"SMITH"},{"data":"Fusion","floor":11,"key":"SMITH"},{"data":"Consume","floor":16,"key":"SMITH"},{"data":"Chaos","floor":24,"key":"SMITH"},{"data":"Scrape","floor":26,"key":"SMITH"},{"data":"Static Discharge","floor":34,"key":"SMITH"},{"floor":42,"key":"RECALL"},{"data":"Capacitor","floor":44,"key":"SMITH"},{"data":"Night Terror","floor":47,"key":"SMITH"}],"neow_cost":"NONE","seed_source_timestamp":377832545850900,"circlet_count":0,"master_deck":["Turbo","Fusion+1","Compile Driver","BootSequence","Chill","Gash+1","Gash+1","Gash","Skim+1","Capacitor+1","Barrage","Consume+1","Gash","Scrape+1","Stack","Night Terror+1","Chaos+1","Static Discharge+1","Ball Lightning","Force Field","Hello World","Ghostly+1","Ghostly+1","Ghostly+1","Ghostly+1","Ghostly+1","Aggregate+1","Amplify+1","Rebound","Recycle+1","Reinforced Body+1","Auto Shields+1","Go for the Eyes+1","Gash+1","Self Repair+1"],"relics":["Black Star","WarpedTongs","Letter Opener","PreservedInsect","Bronze Scales","Turnip","Pandora\u0027s Box","Pear","Matryoshka","Toxic Egg 2","Regal Pillow","Vajra","Bird Faced Urn","Runic Dome","Potion Belt","Chemical X","Red Mask","Darkstone Periapt","Pantograph","FossilizedHelix"],"potions_floor_usage":[17,21,33,35,35,50],"damage_taken":[{"damage":0,"enemies":"Cultist","floor":1,"turns":2},{"damage":0,"enemies":"Lagavulin","floor":7,"turns":4},{"damage":0,"enemies":"Small Slimes","floor":8,"turns":3},{"damage":0,"enemies":"2 Louse","floor":12,"turns":2},{"damage":2,"enemies":"Exordium Thugs","floor":13,"turns":3},{"damage":0,"enemies":"Red Slaver","floor":14,"turns":2},{"damage":0,"enemies":"3 Sentries","floor":15,"turns":4},{"damage":0,"enemies":"Slime Boss","floor":17,"turns":6},{"damage":0,"enemies":"3 Byrds","floor":19,"turns":3},{"damage":5,"enemies":"Spheric Guardian","floor":21,"turns":4},{"damage":10,"enemies":"Snake Plant","floor":25,"turns":4},{"damage":5,"enemies":"Centurion and Healer","floor":30,"turns":3},{"damage":13,"enemies":"Book of Stabbing","floor":31,"turns":3},{"damage":0,"enemies":"Gremlin Leader","floor":33,"turns":5},{"damage":11,"enemies":"Collector","floor":35,"turns":7},{"damage":18,"enemies":"Orb Walker","floor":37,"turns":4},{"damage":2,"enemies":"3 Shapes","floor":40,"turns":2},{"damage":2,"enemies":"Sphere and 2 Shapes","floor":41,"turns":7},{"damage":0,"enemies":"Giant Head","floor":48,"turns":7},{"damage":1,"enemies":"Jaw Worm Horde","floor":49,"turns":5},{"damage":50,"enemies":"Reptomancer","floor":50,"turns":2}],"seed_played":"-7139403363764217224","potions_obtained":[{"floor":7,"key":"FearPotion"},{"floor":14,"key":"Swift Potion"},{"floor":17,"key":"SkillPotion"},{"floor":19,"key":"Energy Potion"},{"floor":31,"key":"Weak Potion"},{"floor":33,"key":"Explosive Potion"},{"floor":41,"key":"SpeedPotion"},{"floor":48,"key":"Ancient Potion"}],"is_trial":false,"path_per_floor":["M","?","?","?","$","R","E","M","T","T","R","M","M","M","E","R","B",null,"M","?","M","?","T","R","M","R","T","T","?","M","E","?","E","R","B",null,"M","?","$","M","M","R","?","R","T","T","R","E","M","E"],"character_chosen":"DEFECT","items_purchased":["Recycle+1","Potion Belt","Chemical X","Reinforced Body+1","SpeedPotion","Energy Potion"],"campfire_rested":0,"item_purchase_floors":[39,39,39,39,39,39],"current_hp_per_floor":[75,80,64,64,64,64,64,64,64,64,64,64,62,62,62,62,62,80,80,80,75,75,85,85,75,75,75,75,75,70,57,45,45,45,34,45,31,31,31,31,37,37,37,37,37,37,37,45,45,0],"gold":91,"neow_bonus":"BOSS_RELIC","is_prod":false,"is_daily":false,"chose_seed":false,"campfire_upgraded":8,"win_rate":0,"timestamp":1550500429,"path_taken":["M","?","?","?","$","R","E","M","T","R","M","M","?","E","R","BOSS","M","?","?","?","?","R","M","R","T","?","M","E","?","E","R","BOSS","M","?","$","?","?","R","?","R","T","R","E","M","E"],"build_version":"2019-01-23","purchased_purges":2,"victory":false,"max_hp_per_floor":[75,80,80,80,80,80,80,80,80,80,80,80,80,80,80,80,80,80,80,80,80,80,90,90,90,90,90,90,90,90,90,45,45,45,45,45,45,45,45,45,45,45,45,45,45,45,45,45,45,45],"card_choices":[{"not_picked":["Sweeping Beam","Doom and Gloom"],"picked":"Capacitor","floor":1},{"not_picked":["Ball Lightning","Stack"],"picked":"Thunder Strike","floor":7},{"not_picked":["Redo","Undo"],"picked":"Barrage","floor":8},{"not_picked":["Compile Driver","Beam Cell"],"picked":"Consume","floor":12},{"not_picked":["Rebound","Consume"],"picked":"Gash","floor":13},{"not_picked":["Leap","Glacier"],"picked":"Scrape","floor":14},{"not_picked":["Doom and Gloom","Darkness"],"picked":"Scrape","floor":15},{"not_picked":["Amplify","Reboot"],"picked":"Thunder Strike","floor":17},{"not_picked":["Streamline+1","Hologram"],"picked":"Stack","floor":19},{"not_picked":["Ball Lightning","Rebound"],"picked":"Chaos","floor":21},{"not_picked":["Coolheaded","Rebound"],"picked":"Ball Lightning","floor":25},{"not_picked":["Coolheaded","Barrage+1"],"picked":"Force Field","floor":30},{"not_picked":["Sunder","Capacitor"],"picked":"Hello World","floor":31},{"not_picked":["Rebound","Machine Learning"],"picked":"Aggregate+1","floor":33},{"not_picked":["Seek+1","Buffer"],"picked":"Amplify+1","floor":35},{"not_picked":["Undo+1","Glacier+1"],"picked":"Rebound","floor":37},{"not_picked":["Cold Snap+1","Conserve Battery+1"],"picked":"Auto Shields+1","floor":40},{"not_picked":["Ball Lightning","Steam+1"],"picked":"Go for the Eyes+1","floor":41},{"not_picked":["Auto Shields+1","Hologram+1"],"picked":"Gash+1","floor":48},{"not_picked":["Go for the Eyes+1","Beam Cell"],"picked":"Self Repair+1","floor":49}],"player_experience":4333158,"relics_obtained":[{"floor":7,"key":"Letter Opener"},{"floor":9,"key":"PreservedInsect"},{"floor":15,"key":"Bronze Scales"},{"floor":15,"key":"Turnip"},{"floor":23,"key":"Pear"},{"floor":27,"key":"Matryoshka"},{"floor":31,"key":"Toxic Egg 2"},{"floor":31,"key":"Regal Pillow"},{"floor":33,"key":"Vajra"},{"floor":33,"key":"Bird Faced Urn"},{"floor":45,"key":"Darkstone Periapt"},{"floor":48,"key":"Pantograph"},{"floor":48,"key":"FossilizedHelix"}],"event_choices":[{"damage_healed":0,"gold_gain":0,"player_choice":"Donut","damage_taken":0,"max_hp_gain":5,"max_hp_loss":0,"event_name":"Big Fish","floor":2,"gold_loss":0},{"damage_healed":0,"gold_gain":0,"player_choice":"Entered Light","damage_taken":16,"max_hp_gain":0,"max_hp_loss":0,"event_name":"Shining Light","floor":3,"gold_loss":0,"cards_upgraded":["Gash","Gash"]},{"damage_healed":0,"gold_gain":0,"player_choice":"Rummage","damage_taken":0,"relics_obtained":["WarpedTongs"],"max_hp_gain":0,"max_hp_loss":0,"event_name":"Accursed Blacksmith","floor":4,"gold_loss":0,"cards_obtained":["Pain"]},{"cards_removed":["BootSequence"],"damage_healed":0,"gold_gain":0,"player_choice":"Took Card","damage_taken":0,"max_hp_gain":0,"max_hp_loss":0,"event_name":"NoteForYourself","floor":20,"gold_loss":0,"cards_obtained":["Night Terror"]},{"damage_healed":0,"gold_gain":0,"cards_transformed":["Thunder Strike","Thunder Strike"],"player_choice":"Became Test Subject","damage_taken":0,"max_hp_gain":0,"max_hp_loss":0,"event_name":"Drug Dealer","floor":22,"gold_loss":0,"cards_obtained":["Static Discharge","Scrape"]},{"damage_healed":0,"gold_gain":99,"player_choice":"Stole From Cult","damage_taken":0,"max_hp_gain":0,"max_hp_loss":0,"event_name":"Nest","floor":29,"gold_loss":0},{"damage_healed":0,"gold_gain":0,"player_choice":"Became a Ghost","damage_taken":0,"max_hp_gain":0,"max_hp_loss":45,"event_name":"Ghosts","floor":32,"gold_loss":0,"cards_obtained":["Ghostly","Ghostly","Ghostly","Ghostly","Ghostly"]},{"cards_removed":["Scrape"],"damage_healed":0,"gold_gain":0,"player_choice":"Purged","damage_taken":0,"max_hp_gain":0,"max_hp_loss":0,"event_name":"Purifier","floor":38,"gold_loss":0},{"damage_healed":0,"gold_gain":0,"player_choice":"Paid","damage_taken":0,"relics_obtained":["Red Mask"],"max_hp_gain":0,"max_hp_loss":0,"event_name":"Tomb of Lord Red Mask","floor":43,"gold_loss":100}],"is_beta":false,"boss_relics":[{"not_picked":["Tiny House","Orrery"],"picked":"Pandora\u0027s Box"},{"not_picked":["Busted Crown","Sozu"],"picked":"Runic Dome"}],"items_purged_floors":[5,39],"is_endless":false,"potions_floor_spawned":[7,14,17,19,31,33,41,48],"killed_by":"Reptomancer","ascension_level":0}