{"gold_per_floor":[113,40,215,232,332,332,349,360,360,372,117,129,129,153,153,277,277,292,113,113,134,49,49,49,64,64,64,79,79,99,123,123,253,253,278,303,303,636,653,653,753,753,753,516,46,46,62,91,91,91],"floor_reached":51,"playtime":4170,"items_purged":["Doubt"],"score":798,"play_id":"14f79f4c-9af8-4168-b9af-bf31f4250165","local_time":"20190220131945","is_ascension_mode":true,"campfire_choices":[{"data":"Armaments","floor":6.0,"key":"SMITH"},{"floor":15.0,"key":"REST"},{"data":"Barricade","floor":23.0,"key":"SMITH"},{"data":"Body Slam","floor":27.0,"key":"SMITH"},{"data":"Seeing Red","floor":29.0,"key":"SMITH"},{"data":"Entrench","floor":32.0,"key":"SMITH"},{"data":"Enlightenment","floor":40,"key":"SMITH"},{"data":"Impervious","floor":42,"key":"SMITH"},{"data":"Demon Form","floor":46,"key":"SMITH"},{"data":"Juggernaut","floor":49,"key":"SMITH"}],"neow_cost":"NONE","seed_source_timestamp":8642914213205,"circlet_count":0,"master_deck":["Bash","Reaper","Limit Break","Demon Form+1","Uppercut","Juggernaut+1","Entrench+1","Reckless Charge","Sever Soul","Intimidate","Armaments+1","Power Through","Heavy Blade","Barricade+1","Feel No Pain","Body Slam+1","Power Through","Evolve","Impervious+1","Seeing Red+1","Sever Soul","Shrug It Off","Ghostly Armor","Reaper","Enlightenment+1","Body Slam+1","Flame Barrier","Metallicize"],"special_seed":0,"relics":["Pandora\u0027s Box","Bottled Lightning","Bag of Marbles","Coffee Dripper","Oddly Smooth Stone","Darkstone Periapt","WingedGreaves","Velvet Choker","Incense Burner","Kunai","Art of War","Mummified Hand","Boot","Charon\u0027s Ashes"],"potions_floor_usage":[41,50,50,50],"damage_taken":[{"damage":21.0,"enemies":"Jaw Worm","floor":1.0,"turns":4.0},{"damage":3.0,"enemies":"2 Louse","floor":4.0,"turns":2.0},{"damage":9.0,"enemies":"Cultist","floor":7.0,"turns":4.0},{"damage":18.0,"enemies":"Blue Slaver","floor":8.0,"turns":5.0},{"damage":20.0,"enemies":"Large Slime","floor":10.0,"turns":7.0},{"damage":15.0,"enemies":"3 Louse","floor":12.0,"turns":3.0},{"damage":10.0,"enemies":"Exordium Wildlife","floor":14.0,"turns":5.0},{"damage":13.0,"enemies":"The Guardian","floor":16.0,"turns":10.0},{"damage":9.0,"enemies":"Chosen","floor":18.0,"turns":5.0},{"damage":23.0,"enemies":"Shell Parasite","floor":21.0,"turns":7.0},{"damage":10.0,"enemies":"Centurion and Healer","floor":25.0,"turns":7.0},{"damage":9.0,"enemies":"Cultist and Chosen","floor":28.0,"turns":6.0},{"damage":21.0,"enemies":"Shelled Parasite and Fungi","floor":30.0,"turns":10.0},{"damage":29.0,"enemies":"3 Cultists","floor":31.0,"turns":8.0},{"damage":12.0,"enemies":"Champ","floor":33.0,"turns":10.0},{"damage":3.0,"enemies":"Orb Walker","floor":35.0,"turns":3.0},{"damage":0.0,"enemies":"3 Shapes","floor":36.0,"turns":6.0},{"damage":9,"enemies":"Writhing Mass","floor":39,"turns":7},{"damage":1,"enemies":"Mind Bloom Boss Battle","floor":41,"turns":10},{"damage":0,"enemies":"Maw","floor":47,"turns":8},{"damage":1,"enemies":"Giant Head","floor":48,"turns":9},{"damage":55,"enemies":"Time Eater","floor":50,"turns":9}],"seed_played":"-5050282128241638087","potions_obtained":[{"floor":8.0,"key":"Swift Potion"},{"floor":12.0,"key":"GamblersBrew"},{"floor":14.0,"key":"Strength Potion"},{"floor":16.0,"key":"PowerPotion"},{"floor":33.0,"key":"Fire Potion"},{"floor":39,"key":"LiquidBronze"},{"floor":41,"key":"Block Potion"}],"is_trial":false,"path_per_floor":["M","$","?","M","?","R","M","M","T","M","$","M","?","M","R","B",null,"M","$","?","M","?","R","$","M","T","R","M","R","M","M","R","B",null,"M","M","?","?","M","R","?","R","T","$","$","R","M","E","R","B",null],"character_chosen":"IRONCLAD","items_purchased":["Power Through","Power Through","Bag of Marbles","Sever Soul","Oddly Smooth Stone","Art of War","Flame Barrier","Mummified Hand","Metallicize","Boot"],"campfire_rested":1,"item_purchase_floors":[2,11,11,19,19,44,44,45,45,45],"current_hp_per_floor":[69,69,69,66,66,66,62,44,44,24,24,30,30,20,42,56,74,65,65,65,52,52,52,52,42,42,42,48,48,30,13,13,1,74,72,74,64,64,55,55,74,74,74,74,74,74,74,74,74,54],"gold":91,"neow_bonus":"BOSS_RELIC","is_prod":false,"is_daily":false,"chose_seed":false,"campfire_upgraded":9,"win_rate":0,"timestamp":1550636385,"path_taken":["M","$","?","M","?","R","M","M","T","?","$","M","?","M","R","BOSS","M","$","?","M","?","R","$","M","T","R","M","R","?","M","R","BOSS","M","M","?","?","M","R","?","R","T","$","$","R","M","E","R","BOSS"],"build_version":"2019-01-23","purchased_purges":1,"victory":true,"max_hp_per_floor":[80,80,80,80,80,80,80,80,80,80,80,80,74,74,74,74,74,74,74,74,74,74,74,74,74,74,74,74,74,74,74,74,74,74,74,74,74,74,74,74,74,74,74,74,74,74,74,74,74,74],"card_choices":[{"not_picked":["Clothesline","Clash"],"picked":"Armaments","floor":1.0},{"not_picked":["Flex","Thunderclap"],"picked":"Heavy Blade","floor":4.0},{"not_picked":["Spot Weakness","Pummel"],"picked":"Barricade","floor":7.0},{"not_picked":["Fire Breathing","Seeing Red"],"picked":"Feel No Pain","floor":8.0},{"not_picked":["Intimidate","Headbutt"],"picked":"Body Slam","floor":10.0},{"not_picked":["True Grit","Clothesline"],"picked":"Evolve","floor":12.0},{"not_picked":["Sword Boomerang","Dual Wield","Burning Pact"],"picked":"SKIP","floor":14.0},{"not_picked":["Immolate","Demon Form"],"picked":"Impervious","floor":16.0},{"not_picked":["Flex","Pommel Strike"],"picked":"Seeing Red","floor":18.0},{"not_picked":["Havoc","Thunderclap","Pommel Strike"],"picked":"SKIP","floor":21.0},{"not_picked":["Perfected Strike","Heavy Blade","Rupture"],"picked":"SKIP","floor":25.0},{"not_picked":["Offering","Perfected Strike+1"],"picked":"Shrug It Off","floor":28.0},{"not_picked":["Armaments","Perfected Strike+1"],"picked":"Ghostly Armor","floor":30.0},{"not_picked":["Anger","Corruption","Clothesline"],"picked":"SKIP","floor":31.0},{"not_picked":["Berserk","Demon Form"],"picked":"Reaper","floor":33.0},{"not_picked":["Entrench","Clothesline","Carnage+1"],"picked":"SKIP","floor":35.0},{"not_picked":["Shrug It Off","Twin Strike","Headbutt"],"picked":"SKIP","floor":36.0},{"not_picked":["The Bomb","Finesse"],"picked":"Enlightenment","floor":37.0},{"not_picked":["Twin Strike+1","Evolve","Sword Boomerang"],"picked":"SKIP","floor":39},{"not_picked":["Shrug It Off+1","Twin Strike+1"],"picked":"Body Slam+1","floor":41},{"not_picked":["Anger+1","Reaper","Clothesline+1"],"picked":"SKIP","floor":47},{"not_picked":["Clash","Infernal Blade+1","Power Through+1"],"picked":"SKIP","floor":48}],"player_experience":149627,"relics_obtained":[{"floor":9.0,"key":"Bottled Lightning"},{"floor":26.0,"key":"WingedGreaves"},{"floor":41,"key":"Incense Burner"},{"floor":43,"key":"Kunai"},{"floor":48,"key":"Charon\u0027s Ashes"}],"event_choices":[{"damage_healed":0.0,"max_hp_gain":0.0,"max_hp_loss":0.0,"gold_gain":175.0,"event_name":"Liars Game","player_choice":"AGREE","floor":3.0,"gold_loss":0.0,"damage_taken":0.0,"cards_obtained":["Doubt"]},{"damage_healed":0.0,"max_hp_gain":0.0,"max_hp_loss":0.0,"gold_gain":100.0,"event_name":"Golden Shrine","player_choice":"Pray","floor":5.0,"gold_loss":0.0,"damage_taken":0.0},{"damage_healed":0.0,"max_hp_gain":0.0,"max_hp_loss":6.0,"gold_gain":0.0,"event_name":"Golden Idol","player_choice":"Lose Max HP","floor":13.0,"gold_loss":0.0,"damage_taken":0.0,"relics_obtained":["Golden Idol"]},{"damage_healed":0.0,"max_hp_gain":0.0,"max_hp_loss":0.0,"gold_gain":0.0,"event_name":"Vampires","player_choice":"Ignored","floor":20.0,"gold_loss":0.0,"damage_taken":0.0},{"damage_healed":0.0,"max_hp_gain":0.0,"max_hp_loss":0.0,"gold_gain":0.0,"event_name":"Addict","player_choice":"Obtained Relic","floor":22.0,"gold_loss":85.0,"damage_taken":0.0,"relics_obtained":["Darkstone Periapt"]},{"damage_healed":0.0,"max_hp_gain":0.0,"max_hp_loss":0.0,"gold_gain":0.0,"event_name":"SensoryStone","player_choice":"Memory 3","floor":37.0,"gold_loss":0.0,"damage_taken":10.0},{"damage_healed":0.0,"max_hp_gain":0.0,"max_hp_loss":0.0,"gold_gain":333.0,"event_name":"The Moai Head","player_choice":"Gave Idol","floor":38.0,"relics_lost":["Golden Idol"],"gold_loss":0.0,"damage_taken":0.0},{"damage_healed":0,"gold_gain":0,"player_choice":"Fight","damage_taken":0,"max_hp_gain":0,"max_hp_loss":0,"event_name":"MindBloom","floor":41,"gold_loss":0}],"is_beta":false,"boss_relics":[{"not_picked":["White Beast Statue","Runic Dome"],"picked":"Coffee Dripper"},{"not_picked":["Lizard Tail","Runic Cube"],"picked":"Velvet Choker"}],"items_purged_floors":[11],"is_endless":false,"potions_floor_spawned":[8,12,14,16,18,25,33,39,41,48],"ascension_level":4}