{"gold_per_floor":[111,122,197,197,32,32,32,32,32,52,71,86,30,45,45,119,119,137,155,174,0,16,16,16,16,39,39,39],"floor_reached":28,"playtime":921,"items_purged":["Strike_G"],"score":420,"play_id":"83418358-503d-4aa2-9396-0b6139025803","local_time":"20190301024038","is_ascension_mode":true,"campfire_choices":[{"floor":6.0,"key":"REST"},{"data":"Purity","floor":8.0,"key":"SMITH"},{"data":"A Thousand Cuts","floor":15.0,"key":"SMITH"},{"floor":24,"key":"REST"}],"neow_cost":"NONE","seed_source_timestamp":1253927557339100,"circlet_count":0,"master_deck":["AscendersBane","Survivor","Neutralize","Backstab","Endless Agony","Tactician+1","Purity+1","Dash","Dagger Throw","A Thousand Cuts+1","Prepared","Footwork","Night Terror","Poisoned Stab","Quick Slash","Poisoned Stab","Backflip","Dash","Setup","Deflect","Outmaneuver+1"],"special_seed":0,"relics":["Ring of the Snake","Pandora\u0027s Box","Vajra"],"potions_floor_usage":[22,28],"damage_taken":[{"damage":4.0,"enemies":"Jaw Worm","floor":1.0,"turns":3.0},{"damage":0.0,"enemies":"Small Slimes","floor":2.0,"turns":3.0},{"damage":1.0,"enemies":"2 Louse","floor":10.0,"turns":3.0},{"damage":1.0,"enemies":"Gremlin Gang","floor":11.0,"turns":5.0},{"damage":0.0,"enemies":"Lots of Slimes","floor":12.0,"turns":1.0},{"damage":1.0,"enemies":"Blue Slaver","floor":14.0,"turns":3.0},{"damage":12.0,"enemies":"Slime Boss","floor":16.0,"turns":8.0},{"damage":27.0,"enemies":"Shell Parasite","floor":18.0,"turns":7.0},{"damage":0.0,"enemies":"Chosen","floor":19.0,"turns":5.0},{"damage":17.0,"enemies":"3 Cultists","floor":20.0,"turns":4.0},{"damage":7,"enemies":"Centurion and Healer","floor":22,"turns":10},{"damage":28,"enemies":"Slavers","floor":28,"turns":2}],"seed_played":"6159055230365174389","potions_obtained":[{"floor":2.0,"key":"PowerPotion"},{"floor":7.0,"key":"SmokeBomb"},{"floor":11.0,"key":"AttackPotion"},{"floor":12.0,"key":"SpeedPotion"},{"floor":18.0,"key":"Weak Potion"},{"floor":20.0,"key":"Block Potion"}],"is_trial":false,"path_per_floor":["M","M","?","?","$","R","?","R","T","M","M","M","$","M","R","B",null,"M","M","M","?","M","$","R","?","T","?","E"],"character_chosen":"THE_SILENT","items_purchased":["Purity","PowerPotion"],"campfire_rested":2,"item_purchase_floors":[5,13],"current_hp_per_floor":[55,55,44,24,24,43,43,43,43,42,41,41,41,40,40,28,57,30,30,13,13,6,6,25,25,25,25,0],"gold":39,"neow_bonus":"TRANSFORM_CARD","is_prod":false,"is_daily":false,"chose_seed":false,"campfire_upgraded":2,"win_rate":0,"timestamp":1551375638,"path_taken":["M","M","?","?","?","R","?","R","T","M","M","?","?","M","R","BOSS","M","?","M","?","M","$","R","?","T","?","E"],"build_version":"2019-01-23","purchased_purges":1,"victory":false,"max_hp_per_floor":[66,66,66,66,66,66,66,66,66,66,66,66,66,66,66,66,66,66,66,66,66,66,66,66,66,66,66,66],"card_choices":[{"not_picked":["Blade Dance","Deadly Poison"],"picked":"Endless Agony","floor":1.0},{"not_picked":["Cloak And Dagger","Deflect"],"picked":"Tactician","floor":2.0},{"not_picked":["Poisoned Stab","PiercingWail"],"picked":"Dash","floor":10.0},{"not_picked":["Distraction","Expertise"],"picked":"Dagger Throw","floor":11.0},{"not_picked":["Dagger Throw","Escape Plan"],"picked":"A Thousand Cuts","floor":12.0},{"not_picked":["Quick Slash","Slice"],"picked":"Prepared","floor":14.0},{"not_picked":["Quick Slash","Eviscerate","Dagger Spray"],"picked":"SKIP","floor":18.0},{"not_picked":["Flying Knee","Underhanded Strike","Sucker Punch"],"picked":"SKIP","floor":19.0},{"not_picked":["Endless Agony","Crippling Poison"],"picked":"Deflect","floor":20.0},{"not_picked":["Cloak And Dagger","Infinite Blades+1"],"picked":"Outmaneuver+1","floor":22}],"player_experience":4433947,"relics_obtained":[{"floor":26,"key":"Vajra"}],"event_choices":[{"damage_healed":0.0,"max_hp_gain":0.0,"max_hp_loss":0.0,"gold_gain":75.0,"event_name":"World of Goop","player_choice":"Gather Gold","floor":3.0,"gold_loss":0.0,"damage_taken":11.0},{"damage_healed":0.0,"max_hp_gain":0.0,"max_hp_loss":0.0,"gold_gain":0.0,"event_name":"Shining Light","player_choice":"Entered Light","floor":4.0,"gold_loss":0.0,"damage_taken":20.0,"cards_upgraded":["Tactician","Defend_G"]},{"damage_healed":0.0,"max_hp_gain":0.0,"max_hp_loss":0.0,"gold_gain":0.0,"event_name":"Lab","player_choice":"Got Potions","floor":7.0,"gold_loss":0.0,"damage_taken":0.0},{"damage_healed":0,"gold_gain":0,"player_choice":"Paid Fearfully","damage_taken":0,"max_hp_gain":0,"max_hp_loss":0,"event_name":"Masked Bandits","floor":21,"gold_loss":174},{"damage_healed":0,"gold_gain":0,"player_choice":"Ignored","damage_taken":0,"max_hp_gain":0,"max_hp_loss":0,"event_name":"Beggar","floor":25,"gold_loss":0},{"damage_healed":0,"gold_gain":0,"player_choice":"Ignored","damage_taken":0,"max_hp_gain":0,"max_hp_loss":0,"event_name":"Ghosts","floor":27,"gold_loss":0}],"is_beta":false,"boss_relics":[{"not_picked":["Orrery","Sozu"],"picked":"Pandora\u0027s Box"}],"items_purged_floors":[5],"is_endless":false,"potions_floor_spawned":[2,11,12,18,20],"killed_by":"Slavers","ascension_level":20}