{"gold_per_floor":[109,123,48,13,13,39,55,68,138,138,151,151,163,176,176,176],"floor_reached":16,"playtime":727,"items_purged":["Defend_B"],"score":182,"play_id":"4d1d408e-57ba-4c74-a29e-398a4950b9ff","local_time":"20190116014312","is_ascension_mode":true,"campfire_choices":[{"data":"Sunder","floor":10,"key":"SMITH"},{"floor":12,"key":"REST"},{"data":"Hologram","floor":15,"key":"SMITH"}],"neow_cost":"NONE","seed_source_timestamp":460295645577455,"circlet_count":0,"master_deck":["AscendersBane","Strike_B","Strike_B","Strike_B","Defend_B","Defend_B","Defend_B","Zap","Dualcast","Conserve Battery","Sunder+1","Streamline","Ball Lightning","Hologram+1"],"relics":["Cracked Core","Turnip"],"potions_floor_usage":[14,16],"damage_taken":[{"damage":7,"enemies":"Jaw Worm","floor":1,"turns":3},{"damage":2,"enemies":"2 Louse","floor":2,"turns":2},{"damage":60,"enemies":"Erikyupuro","floor":6,"turns":11},{"damage":0,"enemies":"Cultist","floor":7,"turns":3},{"damage":0,"enemies":"Large Slime","floor":8,"turns":4},{"damage":0,"enemies":"2 Fungi Beasts","floor":11,"turns":2},{"damage":2,"enemies":"Red Slaver","floor":13,"turns":4},{"damage":6,"enemies":"Lots of Slimes","floor":14,"turns":2},{"damage":50,"enemies":"Fading Forest","floor":16,"turns":7}],"seed_played":"1086959623109101151","potions_obtained":[{"floor":6,"key":"Toxic Potion"},{"floor":7,"key":"Languid Potion"}],"is_trial":false,"path_per_floor":["M","M","$","?","?","E","M","M","T","R","M","R","M","M","R","B"],"character_chosen":"DEFECT","items_purchased":[],"campfire_rested":1,"item_purchase_floors":[],"current_hp_per_floor":[57,55,55,71,71,11,11,11,11,11,11,32,30,24,24,0],"gold":176,"neow_bonus":"REMOVE_CARD","is_prod":false,"is_daily":false,"chose_seed":false,"campfire_upgraded":2,"win_rate":0,"timestamp":1547570592,"path_taken":["M","M","$","?","?","E","M","M","T","R","M","R","?","M","R","BOSS"],"build_version":"2019-01-10","purchased_purges":1,"victory":false,"max_hp_per_floor":[71,71,71,71,71,71,71,71,71,71,71,71,71,71,71,71],"card_choices":[{"not_picked":["Loop","Auto Shields"],"picked":"Conserve Battery","floor":1},{"not_picked":["Turbo","Panic Button"],"picked":"Sunder","floor":2},{"not_picked":["Steam","Hologram","Steam Power"],"picked":"SKIP","floor":6},{"not_picked":["Redo","Tempest","Barrage"],"picked":"SKIP","floor":7},{"not_picked":["Buffer","Leap"],"picked":"Streamline","floor":8},{"not_picked":["Gash","Coolheaded"],"picked":"Ball Lightning","floor":11},{"not_picked":["ReplayTheSpireMod:Repulse","BasicCrystalCard","ReplaySort"],"picked":"SKIP","floor":13},{"not_picked":["Skim","Ball Lightning"],"picked":"Hologram","floor":14}],"player_experience":4091463,"relics_obtained":[{"floor":6,"key":"Turnip"}],"event_choices":[{"damage_healed":17,"gold_gain":0,"player_choice":"Healed","damage_taken":0,"max_hp_gain":0,"max_hp_loss":0,"event_name":"The Cleric","floor":4,"gold_loss":35},{"damage_healed":0,"gold_gain":0,"player_choice":"Ignored","damage_taken":0,"max_hp_gain":0,"max_hp_loss":0,"event_name":"WeMeetAgain","floor":5,"gold_loss":0}],"is_beta":false,"boss_relics":[],"items_purged_floors":[3],"is_endless":false,"potions_floor_spawned":[6,7,8,11,13],"killed_by":"Fading Forest","ascension_level":15}