{"gold_per_floor":[115,131,131,44,69,69,69,69,92,92,130,155,155,180,180,275,275,299,122,71,89,112,143,163,163,163,163,179,214,228,153,153,248,248,269,289,414,237,251,251,62,62,62,83,83,6,20,45,45,45,45],"floor_reached":52,"playtime":3721,"items_purged":["Berserk","Rupture","Bash"],"score":1763,"play_id":"9213b7f9-b665-4e80-8f5b-4725ac92f564","local_time":"20190322191237","is_ascension_mode":true,"campfire_choices":[{"data":"Armaments","floor":7.0,"key":"SMITH"},{"data":"Body Slam","floor":10.0,"key":"SMITH"},{"data":"Second Wind","floor":13.0,"key":"SMITH"},{"data":"Body Slam","floor":15.0,"key":"SMITH"},{"floor":25.0,"key":"REST"},{"floor":27.0,"key":"REST"},{"floor":32.0,"key":"REST"},{"data":"Double Tap","floor":40,"key":"SMITH"},{"data":"Evolve","floor":42,"key":"SMITH"},{"floor":49,"key":"REST"}],"neow_cost":"NONE","seed_source_timestamp":112759605283823,"circlet_count":0,"master_deck":["AscendersBane","Body Slam+1","Armaments+1","Second Wind+1","Flame Barrier","Body Slam+1","Demon Form","Double Tap+1","Offering","Dropkick","Second Wind","Thunderclap","Finesse","Shrug It Off","Flame Barrier+1","Evolve+1","Wild Strike+1","Power Through","Parasite"],"special_seed":0,"relics":["Burning Blood","NeowsBlessing","Golden Idol","Pen Nib","FossilizedHelix","Pandora\u0027s Box","Singing Bowl","Smiling Mask","Self Forming Clay","Happy Flower","Lizard Tail","Ice Cream","Tiny Chest","Kunai","Strawberry"],"potions_floor_usage":[33,36,36,39,50,51],"damage_taken":[{"damage":0.0,"enemies":"Jaw Worm","floor":1.0,"turns":1.0},{"damage":0.0,"enemies":"2 Louse","floor":2.0,"turns":1.0},{"damage":0.0,"enemies":"Small Slimes","floor":5.0,"turns":1.0},{"damage":19.0,"enemies":"Lagavulin","floor":11.0,"turns":11.0},{"damage":0.0,"enemies":"Red Slaver","floor":12.0,"turns":5.0},{"damage":7.0,"enemies":"3 Louse","floor":14.0,"turns":3.0},{"damage":29.0,"enemies":"Slime Boss","floor":16.0,"turns":14.0},{"damage":7.0,"enemies":"3 Byrds","floor":18.0,"turns":5.0},{"damage":32.0,"enemies":"2 Thieves","floor":21.0,"turns":3.0},{"damage":0.0,"enemies":"Shelled Parasite and Fungi","floor":22.0,"turns":3.0},{"damage":42.0,"enemies":"Slavers","floor":23.0,"turns":6.0},{"damage":9.0,"enemies":"Chosen and Byrds","floor":24.0,"turns":6.0},{"damage":12.0,"enemies":"Snecko","floor":28.0,"turns":5.0},{"damage":38.0,"enemies":"Book of Stabbing","floor":29.0,"turns":5.0},{"damage":16.0,"enemies":"Sentry and Sphere","floor":30.0,"turns":5.0},{"damage":33,"enemies":"Automaton","floor":33,"turns":10},{"damage":27,"enemies":"3 Shapes","floor":35,"turns":2},{"damage":6,"enemies":"3 Darklings","floor":36,"turns":9},{"damage":7,"enemies":"Mind Bloom Boss Battle","floor":37,"turns":8},{"damage":9,"enemies":"Spire Growth","floor":39,"turns":5},{"damage":38,"enemies":"Jaw Worm Horde","floor":44,"turns":4},{"damage":0,"enemies":"Sphere and 2 Shapes","floor":47,"turns":10},{"damage":5,"enemies":"Writhing Mass","floor":48,"turns":5},{"damage":42,"enemies":"Time Eater","floor":50,"turns":7},{"damage":18,"enemies":"Donu and Deca","floor":51,"turns":10}],"seed_played":"-6067438721084330245","potions_obtained":[{"floor":1.0,"key":"PowerPotion"},{"floor":5.0,"key":"Block Potion"},{"floor":12.0,"key":"Ancient Potion"},{"floor":14.0,"key":"Dexterity Potion"},{"floor":21.0,"key":"FearPotion"},{"floor":22.0,"key":"PowerPotion"},{"floor":24.0,"key":"Poison Potion"},{"floor":30.0,"key":"SkillPotion"},{"floor":33,"key":"EssenceOfSteel"},{"floor":35,"key":"Explosive Potion"},{"floor":37,"key":"SkillPotion"},{"floor":47,"key":"SteroidPotion"}],"is_trial":false,"path_per_floor":["M","M","?","$","M","?","R","?","T","R","E","M","R","M","R","B",null,"M","$","?","M","M","E","M","R","T","R","M","E","M","?","R","B",null,"M","M","?","$","M","R","$","R","T","M","T","$","M","M","R","B","B",null],"character_chosen":"IRONCLAD","items_purchased":["Second Wind","Finesse","Tiny Chest","Evolve","Dexterity Potion","Power Through"],"campfire_rested":4,"item_purchase_floors":[4,19,38,41,41,46],"current_hp_per_floor":[74,75,75,75,75,75,75,75,75,75,62,68,68,67,67,44,67,66,66,66,42,50,16,15,39,39,63,59,29,19,19,45,20,72,53,53,54,54,53,53,53,53,53,21,28,28,36,39,70,34,22],"gold":45,"neow_bonus":"THREE_ENEMY_KILL","is_prod":false,"is_daily":false,"chose_seed":false,"campfire_upgraded":6,"win_rate":0,"timestamp":1553249557,"path_taken":["M","M","?","$","M","?","R","?","T","R","E","?","R","M","R","BOSS","M","$","?","M","M","E","M","R","T","R","?","E","M","?","R","BOSS","M","M","?","$","M","R","$","R","T","M","?","?","M","M","R","BOSS","BOSS"],"build_version":"2019-01-23","purchased_purges":3,"victory":true,"max_hp_per_floor":[75,75,75,75,75,75,75,75,75,75,75,75,75,75,75,75,75,75,75,75,77,79,81,83,83,83,83,85,87,87,87,87,89,89,91,91,93,93,95,95,95,95,95,95,102,102,104,106,106,106,106],"card_choices":[{"not_picked":["Headbutt","Sword Boomerang"],"picked":"Body Slam","floor":1.0},{"not_picked":["Clothesline","Warcry"],"picked":"Armaments","floor":2.0},{"not_picked":["Anger","Fire Breathing"],"picked":"Flame Barrier","floor":5.0},{"not_picked":["Perfected Strike","Second Wind","Twin Strike"],"picked":"SKIP","floor":11.0},{"not_picked":["Infernal Blade","Seeing Red","Sever Soul"],"picked":"SKIP","floor":12.0},{"not_picked":["Inflame","Headbutt"],"picked":"Body Slam","floor":14.0},{"not_picked":["Brutality","Limit Break"],"picked":"Demon Form","floor":16.0},{"not_picked":["Spot Weakness","Iron Wave+1","Reckless Charge"],"picked":"SKIP","floor":18.0},{"not_picked":["Sword Boomerang","Clothesline","Intimidate"],"picked":"Singing Bowl","floor":21.0},{"not_picked":["Heavy Blade","Brutality","Carnage"],"picked":"Singing Bowl","floor":22.0},{"not_picked":["Infernal Blade+1","Cleave","True Grit"],"picked":"Singing Bowl","floor":23.0},{"not_picked":["Disarm","Sword Boomerang","Thunderclap"],"picked":"Singing Bowl","floor":24.0},{"not_picked":["Clothesline","Twin Strike","Dropkick"],"picked":"Singing Bowl","floor":28.0},{"not_picked":["Demon Form","Warcry+1","Whirlwind"],"picked":"Singing Bowl","floor":29.0},{"not_picked":["Cleave","Wild Strike+1"],"picked":"Shrug It Off","floor":30.0},{"not_picked":["Double Tap","Demon Form","Brutality"],"picked":"Singing Bowl","floor":33},{"not_picked":["Clothesline","Heavy Blade+1","True Grit"],"picked":"Singing Bowl","floor":35},{"not_picked":["Wild Strike","Cleave"],"picked":"Flame Barrier+1","floor":36},{"not_picked":["Sword Boomerang","Pummel+1","Havoc"],"picked":"Singing Bowl","floor":37},{"not_picked":["Second Wind","Pommel Strike+1","Fiend Fire"],"picked":"Singing Bowl","floor":39},{"not_picked":["Hemokinesis","Infernal Blade"],"picked":"Wild Strike+1","floor":44},{"not_picked":["Inflame","Spot Weakness+1","Dropkick+1"],"picked":"Singing Bowl","floor":47},{"not_picked":["Perfected Strike","Wild Strike+1","Blood for Blood"],"picked":"Singing Bowl","floor":48}],"player_experience":518236,"relics_obtained":[{"floor":9.0,"key":"Pen Nib"},{"floor":11.0,"key":"FossilizedHelix"},{"floor":23.0,"key":"Smiling Mask"},{"floor":26.0,"key":"Self Forming Clay"},{"floor":29.0,"key":"Happy Flower"},{"floor":37,"key":"Ice Cream"},{"floor":43,"key":"Kunai"},{"floor":45,"key":"Strawberry"}],"event_choices":[{"damage_healed":0.0,"max_hp_gain":0.0,"max_hp_loss":0.0,"gold_gain":0.0,"event_name":"Golden Idol","player_choice":"Take Wound","floor":3.0,"gold_loss":0.0,"damage_taken":0.0,"relics_obtained":["Golden Idol"],"cards_obtained":["Injury"]},{"cards_removed":["Injury"],"damage_healed":0.0,"max_hp_gain":0.0,"max_hp_loss":0.0,"gold_gain":0.0,"event_name":"Living Wall","player_choice":"Forget","floor":6.0,"gold_loss":0.0,"damage_taken":0.0},{"cards_removed":["Strike_R"],"damage_healed":0.0,"max_hp_gain":0.0,"max_hp_loss":0.0,"gold_gain":0.0,"event_name":"Purifier","player_choice":"Purged","floor":8.0,"gold_loss":0.0,"damage_taken":0.0},{"damage_healed":0.0,"max_hp_gain":0.0,"max_hp_loss":0.0,"gold_gain":0.0,"event_name":"WeMeetAgain","player_choice":"Paid Gold","floor":20.0,"gold_loss":51.0,"damage_taken":0.0,"relics_obtained":["Singing Bowl"]},{"cards_removed":["Berserk"],"damage_healed":0.0,"max_hp_gain":0.0,"max_hp_loss":0.0,"gold_gain":0.0,"event_name":"Beggar","player_choice":"Gave Gold","floor":31.0,"gold_loss":75.0,"damage_taken":0.0},{"damage_healed":0,"gold_gain":0,"player_choice":"Fight","damage_taken":0,"max_hp_gain":0,"max_hp_loss":0,"event_name":"MindBloom","floor":37,"gold_loss":0}],"is_beta":false,"boss_relics":[{"not_picked":["Orrery","Runic Pyramid"],"picked":"Pandora\u0027s Box"},{"not_picked":["Black Blood","Runic Dome"],"picked":"Lizard Tail"}],"items_purged_floors":[19,38,41],"is_endless":false,"potions_floor_spawned":[1,5,12,14,21,22,24,30,33,35,37,47],"ascension_level":20}