{"gold_per_floor":[110,35,55,70,80,80,115,129,155,155,230,230,258,277,277,277],"floor_reached":16,"playtime":521,"items_purged":["Normality"],"score":274,"play_id":"06bf3f2e-6ad8-490d-b570-bb15152eb5b3","local_time":"20190312031100","is_ascension_mode":true,"campfire_choices":[{"data":"All Out Attack","floor":6,"key":"SMITH"},{"data":"Bullet Time","floor":10,"key":"SMITH"},{"data":"Outmaneuver","floor":15,"key":"SMITH"}],"neow_cost":"CURSE","seed_source_timestamp":380077470972100,"circlet_count":0,"master_deck":["AscendersBane","Defend_G","Defend_G","Defend_G","Defend_G","Strike_G","Strike_G","Strike_G","Survivor","Neutralize","Bullet Time+1","Burst","Poisoned Stab","Poisoned Stab","All Out Attack+1","Backflip","Malaise","After Image+1","Glass Knife","Outmaneuver+1"],"relics":["Ring of the Snake","Frozen Egg 2","Blood Vial","Vajra"],"potions_floor_usage":[7,7,16],"damage_taken":[{"damage":0,"enemies":"2 Louse","floor":1,"turns":5},{"damage":2,"enemies":"Jaw Worm","floor":3,"turns":6},{"damage":1,"enemies":"Cultist","floor":4,"turns":3},{"damage":6,"enemies":"Looter","floor":5,"turns":3},{"damage":0,"enemies":"Gremlin Nob","floor":7,"turns":3},{"damage":1,"enemies":"Blue Slaver","floor":8,"turns":5},{"damage":8,"enemies":"3 Sentries","floor":13,"turns":7},{"damage":10,"enemies":"Exordium Wildlife","floor":14,"turns":6},{"damage":26,"enemies":"Hexaghost","floor":16,"turns":12}],"seed_played":"-1336357553915879653","potions_obtained":[{"floor":3,"key":"Explosive Potion"},{"floor":4,"key":"Fire Potion"},{"floor":7,"key":"Poison Potion"}],"is_trial":false,"path_per_floor":["M","$","M","M","M","R","E","M","T","R","?","?","E","M","R","B"],"character_chosen":"THE_SILENT","items_purchased":[],"campfire_rested":0,"item_purchase_floors":[],"current_hp_per_floor":[59,59,57,56,50,50,50,49,49,49,38,38,32,24,24,0],"gold":277,"neow_bonus":"TRANSFORM_TWO_CARDS","is_prod":false,"is_daily":false,"chose_seed":false,"campfire_upgraded":3,"win_rate":0,"timestamp":1552327860,"path_taken":["M","$","M","M","M","R","E","M","T","R","?","?","E","M","R","BOSS"],"build_version":"2019-01-23","purchased_purges":1,"victory":false,"max_hp_per_floor":[66,66,66,66,66,66,66,66,66,66,66,66,66,66,66,66],"card_choices":[{"not_picked":["Bane","Blade Dance"],"picked":"Poisoned Stab","floor":1},{"not_picked":["Deadly Poison","Reflex"],"picked":"Poisoned Stab","floor":3},{"not_picked":["Acrobatics","Flying Knee"],"picked":"All Out Attack","floor":4},{"not_picked":["Flying Knee","All Out Attack","Prepared"],"picked":"SKIP","floor":5},{"not_picked":["Bane","Accuracy"],"picked":"Backflip","floor":7},{"not_picked":["Sucker Punch","PiercingWail"],"picked":"Malaise","floor":8},{"not_picked":["Deflect","Leg Sweep"],"picked":"Glass Knife","floor":13},{"not_picked":["Reflex","Bane"],"picked":"Outmaneuver","floor":14}],"player_experience":4517747,"relics_obtained":[{"floor":7,"key":"Frozen Egg 2"},{"floor":9,"key":"Blood Vial"},{"floor":13,"key":"Vajra"}],"event_choices":[{"damage_healed":0,"gold_gain":75,"player_choice":"Gather Gold","damage_taken":11,"max_hp_gain":0,"max_hp_loss":0,"event_name":"World of Goop","floor":11,"gold_loss":0},{"damage_healed":0,"gold_gain":0,"cards_transformed":["Strike_G"],"player_choice":"Change","damage_taken":0,"max_hp_gain":0,"max_hp_loss":0,"event_name":"Living Wall","floor":12,"gold_loss":0,"cards_obtained":["After Image"]}],"is_beta":false,"boss_relics":[],"items_purged_floors":[2],"is_endless":false,"potions_floor_spawned":[3,4,7],"killed_by":"Hexaghost","ascension_level":20}