{"gold_per_floor":[113,1,1,1,11,11,34,50,50,75,87,116,128],"floor_reached":13,"playtime":402,"items_purged":["Regret"],"score":166,"play_id":"e58a6b64-d5f4-494b-8f87-d1aa8da79b0f","local_time":"20190301025101","is_ascension_mode":true,"campfire_choices":[{"data":"Tactician","floor":6,"key":"SMITH"}],"neow_cost":"CURSE","seed_source_timestamp":1255137420424700,"circlet_count":0,"master_deck":["AscendersBane","Defend_G","Defend_G","Defend_G","Defend_G","Strike_G","Strike_G","Strike_G","Survivor","Neutralize","Noxious Fumes","Tactician+1","Acrobatics","Footwork","Acrobatics","Calculated Gamble","Underhanded Strike"],"relics":["Ring of the Snake","Pen Nib","Ninja Scroll","MawBank"],"potions_floor_usage":[10,12],"damage_taken":[{"damage":21,"enemies":"Small Slimes","floor":1,"turns":5},{"damage":2,"enemies":"Jaw Worm","floor":5,"turns":7},{"damage":1,"enemies":"Cultist","floor":8,"turns":5},{"damage":57,"enemies":"Gremlin Nob","floor":10,"turns":5},{"damage":0,"enemies":"Gremlin Gang","floor":12,"turns":2},{"damage":4,"enemies":"3 Louse","floor":13,"turns":1}],"seed_played":"7514086881133296430","potions_obtained":[{"floor":8,"key":"Regen Potion"},{"floor":10,"key":"AttackPotion"}],"is_trial":false,"path_per_floor":["M","$","?","?","M","R","T","M","T","E","?","M","M"],"character_chosen":"THE_SILENT","items_purchased":["Footwork"],"campfire_rested":0,"item_purchase_floors":[2],"current_hp_per_floor":[38,38,27,49,47,47,47,46,46,3,3,3,0],"gold":128,"neow_bonus":"TRANSFORM_TWO_CARDS","is_prod":false,"is_daily":false,"chose_seed":false,"campfire_upgraded":1,"win_rate":0,"timestamp":1551376261,"path_taken":["M","$","?","?","M","R","?","M","T","E","?","?","?"],"build_version":"2019-01-23","purchased_purges":1,"victory":false,"max_hp_per_floor":[66,66,66,66,66,66,66,66,66,66,66,66,66],"card_choices":[{"not_picked":["Backstab","Underhanded Strike"],"picked":"Acrobatics","floor":1},{"not_picked":["Blade Dance","Reflex"],"picked":"Acrobatics","floor":5},{"not_picked":["Infinite Blades","Reflex"],"picked":"Calculated Gamble","floor":8},{"not_picked":["Blade Dance","Phantasmal Killer","Cloak And Dagger"],"picked":"SKIP","floor":10},{"not_picked":["Prepared","Bouncing Flask"],"picked":"Underhanded Strike","floor":12}],"player_experience":4434868,"relics_obtained":[{"floor":9,"key":"Ninja Scroll"},{"floor":10,"key":"MawBank"}],"event_choices":[{"damage_healed":0,"gold_gain":0,"player_choice":"Success","damage_taken":11,"relics_obtained":["Pen Nib"],"max_hp_gain":0,"max_hp_loss":0,"event_name":"Scrap Ooze","floor":3,"gold_loss":0},{"damage_healed":22,"gold_gain":0,"player_choice":"Banana","damage_taken":0,"max_hp_gain":0,"max_hp_loss":0,"event_name":"Big Fish","floor":4,"gold_loss":0},{"cards_removed":["Strike_G"],"damage_healed":0,"gold_gain":0,"player_choice":"Purged","damage_taken":0,"max_hp_gain":0,"max_hp_loss":0,"event_name":"Purifier","floor":11,"gold_loss":0}],"is_beta":false,"boss_relics":[],"items_purged_floors":[2],"is_endless":false,"potions_floor_spawned":[8,10],"killed_by":"3 Louse","ascension_level":20}