{"gold_per_floor":[117,117,117,131,144,144,171,203,281,281,281,307,327,52,65,65,217,217,236,236,68,88,101,101,128,146,146,146,158,26,26,26,43,43,192,192,211,211,225,325,345,345,359,359,359,359,389,405,405,416,433,433,433,433,433,3,35,35],"floor_reached":58,"playtime":2605,"items_purged":["Concentrate","Doubt","Doubt","Slice"],"score":457,"play_id":"47f623f1-e129-4467-ad0a-2be38fe12114","local_time":"20190220005317","is_ascension_mode":true,"campfire_choices":[{"data":"Well Laid Plans","floor":6.0,"key":"SMITH"},{"data":"Poisoned Stab","floor":11.0,"key":"SMITH"},{"data":"Acrobatics","floor":16.0,"key":"SMITH"},{"data":"Acrobatics","floor":24.0,"key":"SMITH"},{"data":"Outmaneuver","floor":32,"key":"SMITH"},{"data":"Sucker Punch","floor":34,"key":"SMITH"},{"floor":44,"key":"RECALL"},{"data":"Venomology","floor":49,"key":"SMITH"},{"data":"Dash","floor":52,"key":"SMITH"},{"data":"Distraction","floor":55,"key":"SMITH"}],"neow_cost":"NONE","seed_source_timestamp":468248629880200,"circlet_count":0,"master_deck":["Flying Knee+1","PiercingWail","Well Laid Plans+1","Escape Plan","Endless Agony","Poisoned Stab+1","Masterful Stab+1","Dash+1","Sucker Punch+1","Distraction","Outmaneuver+1","Outmaneuver+1","Acrobatics+1","All Out Attack","A Thousand Cuts+1","Distraction+1","Distraction+1","Acrobatics+1","Noxious Fumes+1","Blade Dance+1","Eviscerate+1","Wraith Form v2+1","Slice+1","Endless Agony+1","Endless Agony+1","A Thousand Cuts+1","Backstab","Underhanded Strike+1","Dodge and Roll+1","Flechettes+1","Accuracy+1","Venomology+1","Flechettes+1","Cloak And Dagger+1","Setup","Bane+1","Accuracy+1","Slice","Cloak And Dagger+1","Blade Dance+1","A Thousand Cuts+1","Deflect+1","Footwork+1","Purity","PiercingWail","Terror","Endless Agony"],"special_seed":0,"relics":["Empty Cage","Vajra","Prayer Wheel","Frozen Egg 2","Odd Mushroom","ClockworkSouvenir","Calling Bell","Lantern","Pantograph","The Specimen","Bag of Preparation","Letter Opener","Philosopher\u0027s Stone","Ice Cream","Tingsha","Membership Card","Anchor","Happy Flower"],"potions_floor_usage":[35,35,42,43,43,48,53,53,53,58,58,58],"damage_taken":[{"damage":0.0,"enemies":"Jaw Worm","floor":1.0,"turns":1.0},{"damage":0.0,"enemies":"Cultist","floor":4.0,"turns":1.0},{"damage":0.0,"enemies":"Small Slimes","floor":5.0,"turns":2.0},{"damage":0.0,"enemies":"Lagavulin","floor":8.0,"turns":4.0},{"damage":0.0,"enemies":"The Mushroom Lair","floor":12.0,"turns":3.0},{"damage":0.0,"enemies":"2 Fungi Beasts","floor":13.0,"turns":1.0},{"damage":0.0,"enemies":"Lots of Slimes","floor":15.0,"turns":2.0},{"damage":0.0,"enemies":"Slime Boss","floor":17.0,"turns":4.0},{"damage":2.0,"enemies":"3 Byrds","floor":19.0,"turns":2.0},{"damage":0.0,"enemies":"Spheric Guardian","floor":22.0,"turns":1.0},{"damage":8.0,"enemies":"Chosen and Byrds","floor":23.0,"turns":2.0},{"damage":0.0,"enemies":"Gremlin Leader","floor":25.0,"turns":3.0},{"damage":5.0,"enemies":"Snecko","floor":26.0,"turns":3.0},{"damage":3.0,"enemies":"Shelled Parasite and Fungi","floor":29.0,"turns":3.0},{"damage":8,"enemies":"Snake Plant","floor":33,"turns":2},{"damage":3,"enemies":"Collector","floor":35,"turns":4},{"damage":2,"enemies":"Orb Walker","floor":37,"turns":3},{"damage":1,"enemies":"3 Darklings","floor":39,"turns":3},{"damage":0,"enemies":"Mind Bloom Boss Battle","floor":40,"turns":3},{"damage":20,"enemies":"Jaw Worm Horde","floor":41,"turns":2},{"damage":0,"enemies":"Writhing Mass","floor":42,"turns":1},{"damage":1,"enemies":"Transient","floor":43,"turns":5},{"damage":0,"enemies":"Reptomancer","floor":47,"turns":5},{"damage":0,"enemies":"Maw","floor":48,"turns":3},{"damage":0,"enemies":"Sphere and 2 Shapes","floor":50,"turns":2},{"damage":0,"enemies":"4 Shapes","floor":51,"turns":2},{"damage":52,"enemies":"Time Eater","floor":53,"turns":11},{"damage":13,"enemies":"Shield and Spear","floor":57,"turns":3},{"damage":81,"enemies":"The Heart","floor":58,"turns":6}],"seed_played":"1425412359183388912","potions_obtained":[{"floor":1.0,"key":"SteroidPotion"},{"floor":4.0,"key":"Poison Potion"},{"floor":8.0,"key":"EssenceOfSteel"},{"floor":20.0,"key":"Poison Potion"},{"floor":20.0,"key":"Swift Potion"},{"floor":25.0,"key":"Strength Potion"},{"floor":40,"key":"SmokeBomb"},{"floor":41,"key":"Regen Potion"},{"floor":47,"key":"Energy Potion"},{"floor":50,"key":"SkillPotion"},{"floor":51,"key":"Weak Potion"},{"floor":57,"key":"SteroidPotion"}],"is_trial":false,"path_per_floor":["M","?","?","M","M","R","T","E","T","T","R","?","M","$","M","R","B",null,"M","?","$","M","M","R","E","M","T","T","M","$","?","R","M","R","B",null,"M","?","M","?","M","M","M","R","T","T","E","M","R","M","M","R","B",null,"R","$","E","B"],"character_chosen":"THE_SILENT","items_purchased":["Acrobatics","Swift Potion","ClockworkSouvenir","Acrobatics","Noxious Fumes+1","Dexterity Potion","Membership Card","Anchor","Footwork+1","Purity","PiercingWail","Terror","Dexterity Potion","GamblersBrew"],"campfire_rested":0,"item_purchase_floors":[14,14,14,21,21,30,56,56,56,56,56,56,56,56],"current_hp_per_floor":[74,79,63,63,63,63,63,63,63,63,63,63,63,63,63,63,63,79,77,77,77,77,69,69,69,64,64,64,61,61,61,61,53,53,75,79,77,77,76,79,59,59,72,72,72,72,72,72,72,72,72,72,27,79,79,79,66,0],"gold":35,"neow_bonus":"BOSS_RELIC","is_prod":false,"is_daily":false,"chose_seed":false,"campfire_upgraded":9,"win_rate":0,"timestamp":1550591597,"path_taken":["M","?","?","M","?","R","?","E","T","R","?","M","$","M","R","BOSS","M","?","$","M","M","R","E","?","T","M","$","?","R","M","R","BOSS","M","?","M","?","M","M","?","R","T","E","M","R","M","M","R","BOSS","R","$","E","BOSS"],"build_version":"2019-01-23","purchased_purges":4,"victory":false,"max_hp_per_floor":[74,79,79,79,79,79,79,79,79,79,79,79,79,79,79,79,79,79,79,79,79,79,79,79,79,79,79,79,79,79,79,79,79,79,79,79,79,79,79,79,79,79,79,79,79,79,79,79,79,79,79,79,79,79,79,79,79,79],"card_choices":[{"not_picked":["Deadly Poison+1","Backflip"],"picked":"Sucker Punch","floor":1.0},{"not_picked":["Finisher","Terror"],"picked":"Distraction","floor":5.0},{"not_picked":["Crippling Poison","Noxious Fumes"],"picked":"Outmaneuver+1","floor":8.0},{"not_picked":["Poisoned Stab","Backflip+1"],"picked":"Slice","floor":12.0},{"not_picked":["Flying Knee","Dash"],"picked":"Concentrate","floor":13.0},{"not_picked":["Dagger Spray+1","Underhanded Strike"],"picked":"Outmaneuver","floor":13.0},{"not_picked":["Bouncing Flask","Endless Agony"],"picked":"All Out Attack","floor":15.0},{"not_picked":["Envenom+1","Tools of the Trade+1"],"picked":"A Thousand Cuts+1","floor":17.0},{"not_picked":["Prepared","Reflex+1"],"picked":"Distraction","floor":19.0},{"not_picked":["Masterful Stab+1","Quick Slash+1"],"picked":"Distraction+1","floor":19.0},{"not_picked":["Quick Slash","Sucker Punch+1"],"picked":"Blade Dance+1","floor":22.0},{"not_picked":["Underhanded Strike","Acrobatics+1"],"picked":"Eviscerate+1","floor":22.0},{"not_picked":["Quick Slash+1","Well Laid Plans+1"],"picked":"Wraith Form v2+1","floor":25.0},{"not_picked":["Caltrops+1","Prepared"],"picked":"Slice+1","floor":26.0},{"not_picked":["Sucker Punch","Footwork+1"],"picked":"Endless Agony+1","floor":26.0},{"not_picked":["Poisoned Stab","Outmaneuver+1"],"picked":"Endless Agony+1","floor":33},{"not_picked":["Envenom+1","Phantasmal Killer"],"picked":"A Thousand Cuts+1","floor":35},{"not_picked":["PiercingWail+1","Underhanded Strike+1"],"picked":"Backstab","floor":37},{"not_picked":["Leg Sweep","Catalyst+1"],"picked":"Underhanded Strike+1","floor":37},{"not_picked":["Poisoned Stab+1","PiercingWail+1"],"picked":"Dodge and Roll+1","floor":39},{"not_picked":["Escape Plan+1","Dodge and Roll+1"],"picked":"Flechettes+1","floor":39},{"not_picked":["Bane","Distraction"],"picked":"Accuracy+1","floor":40},{"not_picked":["Quick Slash+1","Acrobatics+1"],"picked":"Venomology","floor":41},{"not_picked":["Acrobatics+1","Underhanded Strike+1"],"picked":"Flechettes+1","floor":41},{"not_picked":["Acrobatics+1","Prepared+1"],"picked":"Cloak And Dagger+1","floor":43},{"not_picked":["Crippling Poison+1","Reflex+1"],"picked":"Setup","floor":43},{"not_picked":["Bouncing Flask","Dodge and Roll+1"],"picked":"Bane+1","floor":47},{"not_picked":["Acrobatics+1","All Out Attack+1"],"picked":"Accuracy+1","floor":48},{"not_picked":["Catalyst+1","After Image+1"],"picked":"Slice","floor":48},{"not_picked":["Finisher","Predator"],"picked":"Cloak And Dagger+1","floor":50},{"not_picked":["Prepared+1","Outmaneuver+1"],"picked":"Blade Dance+1","floor":50},{"not_picked":["Concentrate+1","Calculated Gamble+1"],"picked":"A Thousand Cuts+1","floor":51},{"not_picked":["Outmaneuver+1","Calculated Gamble"],"picked":"Deflect+1","floor":51},{"not_picked":["Bane+1","Choke+1"],"picked":"Endless Agony","floor":57}],"player_experience":4347051,"relics_obtained":[{"floor":7.0,"key":"Vajra"},{"floor":8.0,"key":"Prayer Wheel"},{"floor":9.0,"key":"Frozen Egg 2"},{"floor":12.0,"key":"Odd Mushroom"},{"floor":18.0,"key":"Lantern"},{"floor":18.0,"key":"Pantograph"},{"floor":18.0,"key":"The Specimen"},{"floor":25.0,"key":"Bag of Preparation"},{"floor":27.0,"key":"Letter Opener"},{"floor":40,"key":"Ice Cream"},{"floor":47,"key":"Tingsha"},{"floor":57,"key":"Happy Flower"}],"event_choices":[{"damage_healed":0.0,"max_hp_gain":5.0,"max_hp_loss":0.0,"gold_gain":0.0,"event_name":"Big Fish","player_choice":"Donut","floor":2.0,"gold_loss":0.0,"damage_taken":0.0},{"damage_healed":0.0,"max_hp_gain":0.0,"max_hp_loss":0.0,"gold_gain":0.0,"event_name":"Shining Light","player_choice":"Entered Light","floor":3.0,"gold_loss":0.0,"damage_taken":16.0,"cards_upgraded":["Masterful Stab","Flying Knee"]},{"damage_healed":0.0,"max_hp_gain":0.0,"max_hp_loss":0.0,"gold_gain":0.0,"event_name":"Mushrooms","player_choice":"Fought Mushrooms","floor":12.0,"gold_loss":0.0,"damage_taken":0.0},{"damage_healed":0.0,"max_hp_gain":0.0,"max_hp_loss":0.0,"gold_gain":0.0,"event_name":"Lab","player_choice":"Got Potions","floor":20.0,"gold_loss":0.0,"damage_taken":0.0},{"cards_removed":["Decay"],"damage_healed":0,"gold_gain":0,"player_choice":"Elegance","damage_taken":0,"max_hp_gain":0,"max_hp_loss":0,"event_name":"Back to Basics","floor":31,"gold_loss":0},{"damage_healed":0,"gold_gain":0,"player_choice":"Ignored","damage_taken":0,"max_hp_gain":0,"max_hp_loss":0,"event_name":"Tomb of Lord Red Mask","floor":38,"gold_loss":0},{"damage_healed":0,"gold_gain":0,"player_choice":"Fight","damage_taken":0,"max_hp_gain":0,"max_hp_loss":0,"event_name":"MindBloom","floor":40,"gold_loss":0}],"is_beta":false,"boss_relics":[{"not_picked":["Sozu","Pandora\u0027s Box"],"picked":"Calling Bell"},{"not_picked":["Tiny House","Runic Pyramid"],"picked":"Philosopher\u0027s Stone"}],"items_purged_floors":[14,21,30,56],"is_endless":false,"potions_floor_spawned":[1,4,8,22,23,25,33,40,41,47,50,51,57],"killed_by":"The Heart","ascension_level":-10}