{"gold_per_floor":[114,114,39,114,124,151,151,26,26,43,63,92,107,118,118,213,213,233,413,150,150,0,34,34,54,54,68,84,103,117,130,130,234,234,253,64,64,82,92,122,122,138,183,216,0,46,66,100,100,100],"floor_reached":51,"playtime":3289,"items_purged":["Strike_B","Strike_B","Defend_B"],"score":1116,"play_id":"246f2a9e-7e68-4687-84fc-1a73b65bb62d","local_time":"20190111204030","is_ascension_mode":true,"campfire_choices":[{"data":"Dualcast","floor":7.0,"key":"SMITH"},{"floor":15.0,"key":"REST"},{"floor":32.0,"key":"REST"},{"floor":41,"key":"REST"},{"floor":49,"key":"REST"}],"neow_cost":"NONE","seed_source_timestamp":90641189806599,"circlet_count":0,"master_deck":["Strike_B","Defend_B","Defend_B","Zap","Dualcast+1","Ball Lightning","Cold Snap","Go for the Eyes","Cold Snap","BootSequence","Reboot","Coolheaded","Tempest","Sunder","Stack","Biased Cognition","Hologram","Core Surge+1","Biased Cognition","Self Repair","Doom and Gloom+1","Doom and Gloom+1","Blizzard+1","Chill+1","Skim+1","Melter","Rainbow","Apotheosis","Madness","Madness","Chaos+1","Chaos+1","Chill+1","Darkness","Conserve Battery+1","Capacitor","Defragment+1","Meteor Strike"],"special_seed":0,"relics":["Philosopher\u0027s Stone","Bag of Marbles","Dream Catcher","Cables","Fusion Hammer","PreservedInsect","Sundial","Blue Candle","Runic Pyramid","Bottled Flame","Potion Belt","Centennial Puzzle","Red Mask","Du-Vu Doll","Whetstone"],"potions_floor_usage":[50,50],"damage_taken":[{"damage":15.0,"enemies":"Small Slimes","floor":1.0,"turns":3.0},{"damage":3.0,"enemies":"2 Louse","floor":5.0,"turns":2.0},{"damage":25.0,"enemies":"Lagavulin","floor":6.0,"turns":6.0},{"damage":0.0,"enemies":"Cultist","floor":10.0,"turns":3.0},{"damage":1.0,"enemies":"2 Fungi Beasts","floor":11.0,"turns":3.0},{"damage":20.0,"enemies":"Gremlin Nob","floor":12.0,"turns":4.0},{"damage":0.0,"enemies":"Blue Slaver","floor":13.0,"turns":2.0},{"damage":0.0,"enemies":"Gremlin Gang","floor":14.0,"turns":3.0},{"damage":0.0,"enemies":"The Guardian","floor":16.0,"turns":11.0},{"damage":0.0,"enemies":"Chosen","floor":18.0,"turns":3.0},{"damage":7.0,"enemies":"Book of Stabbing","floor":23.0,"turns":3.0},{"damage":0.0,"enemies":"2 Thieves","floor":25.0,"turns":2.0},{"damage":7.0,"enemies":"Centurion and Healer","floor":27.0,"turns":4.0},{"damage":7.0,"enemies":"Snecko","floor":28.0,"turns":3.0},{"damage":0.0,"enemies":"Sentry and Sphere","floor":29.0,"turns":3.0},{"damage":0.0,"enemies":"3 Cultists","floor":30.0,"turns":4.0},{"damage":0.0,"enemies":"Snake Plant","floor":31.0,"turns":2.0},{"damage":10.0,"enemies":"Collector","floor":33.0,"turns":5.0},{"damage":0.0,"enemies":"Orb Walker","floor":35.0,"turns":2.0},{"damage":0.0,"enemies":"3 Darklings","floor":38.0,"turns":4.0},{"damage":0.0,"enemies":"Spire Growth","floor":39.0,"turns":5.0},{"damage":2.0,"enemies":"Nemesis","floor":40.0,"turns":5.0},{"damage":5,"enemies":"Writhing Mass","floor":42,"turns":5},{"damage":4,"enemies":"Giant Head","floor":44,"turns":6},{"damage":6,"enemies":"2 Orb Walkers","floor":46,"turns":4},{"damage":1,"enemies":"Sphere and 2 Shapes","floor":47,"turns":4},{"damage":22,"enemies":"Nemesis","floor":48,"turns":7},{"damage":62,"enemies":"Donu and Deca","floor":50,"turns":8}],"seed_played":"5540899539072691349","potions_obtained":[{"floor":1.0,"key":"Regen Potion"},{"floor":10.0,"key":"Strength Potion"},{"floor":13.0,"key":"GamblersBrew"},{"floor":14.0,"key":"AttackPotion"},{"floor":23.0,"key":"PowerPotion"},{"floor":25.0,"key":"Block Potion"},{"floor":29.0,"key":"Strength Potion"},{"floor":31.0,"key":"Weak Potion"},{"floor":38.0,"key":"Regen Potion"},{"floor":39.0,"key":"Strength Potion"},{"floor":42,"key":"Dexterity Potion"},{"floor":47,"key":"Swift Potion"}],"is_trial":false,"path_per_floor":["M","?","$","?","M","E","R","$","T","M","M","E","M","M","R","B",null,"M","?","$","?","$","E","$","M","T","M","M","M","M","M","R","B",null,"M","$","?","M","M","E","R","M","T","E","?","?","M","E","R","B",null],"character_chosen":"DEFECT","items_purchased":["Cold Snap","Core Surge","PreservedInsect","Apotheosis"],"campfire_rested":4,"item_purchase_floors":[8,20,22,36],"current_hp_per_floor":[53,46,46,35,32,22,22,22,22,22,21,1,1,1,23,23,62,62,41,41,41,41,34,34,34,34,34,34,34,34,34,56,46,68,68,68,59,69,69,75,75,75,75,71,71,65,71,56,75,34],"gold":100,"neow_bonus":"BOSS_RELIC","is_prod":false,"is_daily":false,"chose_seed":false,"campfire_upgraded":1,"win_rate":0,"timestamp":1547257230,"path_taken":["M","?","$","?","M","E","R","$","T","M","M","E","M","M","R","BOSS","M","?","?","?","?","E","$","M","T","M","M","?","M","M","R","BOSS","M","$","?","M","M","E","R","M","T","E","?","?","M","E","R","BOSS"],"build_version":"2019-01-10","purchased_purges":3,"victory":true,"max_hp_per_floor":[75,75,75,75,75,75,75,75,75,75,75,75,75,75,75,75,75,75,75,75,75,75,75,75,75,75,75,75,75,75,75,75,75,75,75,75,75,75,75,75,75,75,75,75,75,75,75,75,75,75],"card_choices":[{"not_picked":["Fusion","Steam"],"picked":"Ball Lightning","floor":1.0},{"not_picked":["Sweeping Beam","Beam Cell"],"picked":"Cold Snap","floor":5.0},{"not_picked":["Streamline","Melter"],"picked":"Go for the Eyes","floor":6.0},{"not_picked":["Scrape","Rip and Tear"],"picked":"BootSequence","floor":10.0},{"not_picked":["Stack","Darkness"],"picked":"Reboot","floor":11.0},{"not_picked":["Genetic Algorithm","Steam"],"picked":"Coolheaded","floor":12.0},{"not_picked":["Hello World","Rebound"],"picked":"Tempest","floor":13.0},{"not_picked":["Streamline","Barrage"],"picked":"Sunder","floor":14.0},{"not_picked":["Undo","Ball Lightning"],"picked":"Stack","floor":15.0},{"not_picked":["Reboot","Creative AI"],"picked":"Biased Cognition","floor":16.0},{"not_picked":["Steam","Go for the Eyes+1"],"picked":"Hologram","floor":18.0},{"not_picked":["Leap","Reinforced Body"],"picked":"Biased Cognition","floor":23.0},{"not_picked":["Undo","Aggregate"],"picked":"Self Repair","floor":25.0},{"not_picked":["Self Repair","Leap+1"],"picked":"Doom and Gloom+1","floor":27.0},{"not_picked":["Aggregate+1","Turbo"],"picked":"Doom and Gloom","floor":28.0},{"not_picked":["Sunder","Turbo"],"picked":"Blizzard+1","floor":29.0},{"not_picked":["Go for the Eyes","Gash"],"picked":"Chill+1","floor":30.0},{"not_picked":["Cold Snap","Barrage+1"],"picked":"Skim+1","floor":31.0},{"not_picked":["Static Discharge","BootSequence"],"picked":"Melter","floor":32.0},{"not_picked":["Core Surge","Hyperbeam"],"picked":"Rainbow","floor":33.0},{"not_picked":["Scrape","Stack","Skim"],"picked":"SKIP","floor":35.0},{"not_picked":["Turbo","Leap"],"picked":"Chaos+1","floor":38.0},{"not_picked":["Static Discharge+1","Steam","Stack"],"picked":"SKIP","floor":39.0},{"not_picked":["Compile Driver+1","Steam+1"],"picked":"Chaos+1","floor":40.0},{"not_picked":["Streamline+1","Cold Snap+1"],"picked":"Chill+1","floor":41},{"not_picked":["Beam Cell","Tempest+1"],"picked":"Darkness","floor":42},{"not_picked":["Hyperbeam","Chill","Beam Cell+1"],"picked":"SKIP","floor":44},{"not_picked":["Barrage","Gash+1"],"picked":"Conserve Battery+1","floor":46},{"not_picked":["Steam","FTL+1"],"picked":"Capacitor","floor":47},{"not_picked":["Scrape","Streamline"],"picked":"Defragment+1","floor":48},{"not_picked":["Barrage+1","Go for the Eyes"],"picked":"Meteor Strike","floor":49}],"player_experience":348326,"relics_obtained":[{"floor":6.0,"key":"Bag of Marbles"},{"floor":9.0,"key":"Dream Catcher"},{"floor":12.0,"key":"Cables"},{"floor":23.0,"key":"Sundial"},{"floor":26.0,"key":"Blue Candle"},{"floor":40.0,"key":"Bottled Flame"},{"floor":43,"key":"Potion Belt"},{"floor":44,"key":"Centennial Puzzle"},{"floor":46,"key":"Du-Vu Doll"},{"floor":48,"key":"Whetstone"}],"event_choices":[{"cards_removed":["Defend_B"],"damage_healed":0.0,"max_hp_gain":0.0,"max_hp_loss":0.0,"gold_gain":0.0,"event_name":"Golden Wing","player_choice":"Card Removal","floor":2.0,"gold_loss":0.0,"damage_taken":7.0},{"damage_healed":0.0,"max_hp_gain":0.0,"max_hp_loss":0.0,"gold_gain":75.0,"event_name":"World of Goop","player_choice":"Gather Gold","floor":4.0,"gold_loss":0.0,"damage_taken":11.0},{"damage_healed":0.0,"max_hp_gain":0.0,"max_hp_loss":0.0,"gold_gain":180.0,"event_name":"Knowing Skull","player_choice":"GOLD GOLD ","floor":19.0,"potions_obtained":[],"gold_loss":0.0,"damage_taken":21.0,"cards_obtained":[]},{"cards_removed":["Strike_B"],"damage_healed":0.0,"max_hp_gain":0.0,"max_hp_loss":0.0,"gold_gain":0.0,"event_name":"Back to Basics","player_choice":"Elegance","floor":21.0,"gold_loss":0.0,"damage_taken":0.0},{"damage_healed":0.0,"max_hp_gain":0.0,"max_hp_loss":0.0,"gold_gain":0.0,"event_name":"Winding Halls","player_choice":"Embrace Madness","floor":37.0,"gold_loss":0.0,"damage_taken":9.0,"cards_obtained":["Madness","Madness"]},{"damage_healed":0,"gold_gain":0,"player_choice":"Paid","damage_taken":0,"relics_obtained":["Red Mask"],"max_hp_gain":0,"max_hp_loss":0,"event_name":"Tomb of Lord Red Mask","floor":45,"gold_loss":216},{"damage_healed":0,"gold_gain":0,"player_choice":"Fight","damage_taken":0,"max_hp_gain":0,"max_hp_loss":0,"event_name":"Mysterious Sphere","floor":46,"gold_loss":0}],"is_beta":false,"boss_relics":[{"not_picked":["Black Star","Coffee Dripper"],"picked":"Fusion Hammer"},{"not_picked":["Nuclear Battery","Pandora\u0027s Box"],"picked":"Runic Pyramid"}],"items_purged_floors":[3,8,20],"is_endless":false,"potions_floor_spawned":[1,10,13,14,23,25,29,31,38,39,42,47],"ascension_level":7}