{"gold_per_floor":[111,211,221,221,233,267,285,285,285,285,296,308,125,155,155,155],"floor_reached":16,"playtime":638,"items_purged":["Strike_R"],"score":207,"play_id":"cd498a85-769f-494d-a2cf-f4b3b3c0d0fd","local_time":"20190308134825","is_ascension_mode":true,"campfire_choices":[{"floor":8,"key":"REST"},{"data":"Whirlwind","floor":10,"key":"SMITH"},{"floor":15,"key":"REST"}],"neow_cost":"NONE","seed_source_timestamp":14016196052733,"circlet_count":0,"master_deck":["AscendersBane","Strike_R","Strike_R","Strike_R","Defend_R","Defend_R","Defend_R","Defend_R","Bash","Corruption","Shrug It Off","Hemokinesis","Evolve","Whirlwind+1","Rupture","Feed","Deep Breath","Flex"],"relics":["Burning Blood","NeowsBlessing","Du-Vu Doll","Incense Burner","Letter Opener"],"potions_floor_usage":[6,12,14,16],"damage_taken":[{"damage":0,"enemies":"Jaw Worm","floor":1,"turns":1},{"damage":0,"enemies":"Cultist","floor":3,"turns":1},{"damage":0,"enemies":"2 Louse","floor":5,"turns":1},{"damage":30,"enemies":"Lagavulin","floor":6,"turns":5},{"damage":7,"enemies":"Large Slime","floor":7,"turns":4},{"damage":3,"enemies":"2 Fungi Beasts","floor":11,"turns":2},{"damage":33,"enemies":"Exordium Thugs","floor":12,"turns":3},{"damage":24,"enemies":"3 Sentries","floor":14,"turns":5},{"damage":64,"enemies":"The Guardian","floor":16,"turns":11}],"seed_played":"2295945596168172259","potions_obtained":[{"floor":1,"key":"Strength Potion"},{"floor":7,"key":"GamblersBrew"},{"floor":11,"key":"Swift Potion"},{"floor":12,"key":"Regen Potion"}],"is_trial":false,"path_per_floor":["M","?","M","?","M","E","M","R","T","R","M","M","$","E","R","B"],"character_chosen":"IRONCLAD","items_purchased":["Deep Breath"],"campfire_rested":2,"item_purchase_floors":[13],"current_hp_per_floor":[74,74,75,68,74,50,49,71,71,71,74,47,47,38,60,0],"gold":155,"neow_bonus":"THREE_ENEMY_KILL","is_prod":false,"is_daily":false,"chose_seed":false,"campfire_upgraded":1,"win_rate":0,"timestamp":1552020505,"path_taken":["M","?","?","?","M","E","M","R","T","R","M","M","$","E","R","BOSS"],"build_version":"2019-01-23","purchased_purges":1,"victory":false,"max_hp_per_floor":[75,75,75,75,75,75,75,75,75,75,75,75,75,75,75,75],"card_choices":[{"not_picked":["Dual Wield","Reckless Charge"],"picked":"Corruption","floor":1},{"not_picked":["Body Slam","Clothesline"],"picked":"Shrug It Off","floor":3},{"not_picked":["Pommel Strike","Havoc"],"picked":"Hemokinesis","floor":5},{"not_picked":["Body Slam","True Grit"],"picked":"Evolve","floor":6},{"not_picked":["Warcry","Perfected Strike"],"picked":"Whirlwind","floor":7},{"not_picked":["Iron Wave","Havoc"],"picked":"Rupture","floor":11},{"not_picked":["Shockwave","Pommel Strike"],"picked":"Feed","floor":12},{"not_picked":["Fire Breathing","Havoc"],"picked":"Flex","floor":14}],"player_experience":266227,"relics_obtained":[{"floor":6,"key":"Du-Vu Doll"},{"floor":9,"key":"Incense Burner"},{"floor":14,"key":"Letter Opener"}],"event_choices":[{"damage_healed":0,"gold_gain":100,"player_choice":"Gold","damage_taken":0,"max_hp_gain":0,"max_hp_loss":0,"event_name":"Wheel of Change","floor":2,"gold_loss":0},{"cards_removed":["Strike_R"],"damage_healed":0,"gold_gain":0,"player_choice":"Card Removal","damage_taken":7,"max_hp_gain":0,"max_hp_loss":0,"event_name":"Golden Wing","floor":4,"gold_loss":0}],"is_beta":false,"boss_relics":[],"items_purged_floors":[13],"is_endless":false,"potions_floor_spawned":[1,7,11,12],"killed_by":"The Guardian","ascension_level":17}