{"gold_per_floor":[113,38,38,38,48,74,84,113,113,113,131,158,184,184,184,259,259,274,144,144,155,171,171,182,82,82,93,93,112,128,146,146,146],"floor_reached":33,"playtime":2176,"items_purged":["Regret","Shame"],"score":613,"play_id":"c13a2227-fa10-4af4-83a1-a29d38d25a87","local_time":"20190102034513","is_ascension_mode":true,"campfire_choices":[{"data":"Rampage","floor":10.0,"key":"SMITH"},{"data":"Carnage","floor":15.0,"key":"SMITH"},{"data":"Barricade","floor":23.0,"key":"SMITH"},{"floor":32.0,"key":"REST"}],"neow_cost":"NONE","seed_source_timestamp":4015442829912,"circlet_count":0,"master_deck":["AscendersBane","Strike_R+1","Strike_R","Strike_R","Strike_R","Defend_R","Defend_R","Defend_R","Defend_R","Bash+1","Feel No Pain","Carnage+1","Second Wind","Rampage+1","Barricade+1","Evolve","Armaments","Shrug It Off","Reckless Charge+1"],"special_seed":0,"relics":["Burning Blood","NeowsBlessing","Mango","Question Card","Sundial","Blood Vial","Singing Bowl","Calling Bell","Art of War","Shuriken","Pocketwatch"],"potions_floor_usage":[],"damage_taken":[{"damage":0.0,"enemies":"Jaw Worm","floor":1.0,"turns":1.0},{"damage":0.0,"enemies":"Small Slimes","floor":5.0,"turns":2.0},{"damage":0.0,"enemies":"Gremlin Nob","floor":6.0,"turns":1.0},{"damage":1.0,"enemies":"Cultist","floor":7.0,"turns":3.0},{"damage":19.0,"enemies":"Lagavulin","floor":8.0,"turns":5.0},{"damage":17.0,"enemies":"3 Louse","floor":11.0,"turns":4.0},{"damage":31.0,"enemies":"Gremlin Nob","floor":13.0,"turns":4.0},{"damage":48.0,"enemies":"The Guardian","floor":16.0,"turns":10.0},{"damage":0.0,"enemies":"Chosen","floor":18.0,"turns":4.0},{"damage":19.0,"enemies":"2 Thieves","floor":21.0,"turns":5.0},{"damage":33.0,"enemies":"Cultist and Chosen","floor":22.0,"turns":8.0},{"damage":8.0,"enemies":"Chosen and Byrds","floor":24.0,"turns":11.0},{"damage":40.0,"enemies":"3 Cultists","floor":27.0,"turns":6.0},{"damage":12.0,"enemies":"Snake Plant","floor":29.0,"turns":5.0},{"damage":10.0,"enemies":"Centurion and Healer","floor":30.0,"turns":9.0},{"damage":10.0,"enemies":"Cultist and Chosen","floor":31.0,"turns":7.0},{"damage":72,"enemies":"Automaton","floor":33,"turns":10}],"seed_played":"-1905036515166984065","potions_obtained":[{"floor":1.0,"key":"Energy Potion"},{"floor":5.0,"key":"BloodPotion"},{"floor":11.0,"key":"PowerPotion"},{"floor":13.0,"key":"SpeedPotion"},{"floor":18.0,"key":"EssenceOfSteel"},{"floor":21.0,"key":"Explosive Potion"},{"floor":22.0,"key":"SpeedPotion"},{"floor":29.0,"key":"Regen Potion"},{"floor":30.0,"key":"Ancient Potion"}],"is_trial":false,"path_per_floor":["M","?","?","$","M","E","M","E","T","R","M","T","E","?","R","B",null,"M","$","?","M","M","R","M","$","T","M","?","M","M","M","R","B"],"character_chosen":"IRONCLAD","items_purchased":["Armaments"],"campfire_rested":1,"item_purchase_floors":[19],"current_hp_per_floor":[74,74,51,51,57,77,82,69,69,69,58,58,45,50,50,10,75,83,83,83,74,51,51,53,53,53,21,21,19,34,32,63,0],"gold":146,"neow_bonus":"THREE_ENEMY_KILL","is_prod":false,"is_daily":false,"chose_seed":false,"campfire_upgraded":3,"win_rate":0,"timestamp":1546368313,"path_taken":["M","?","?","$","M","E","M","E","T","R","M","?","E","?","R","BOSS","M","$","?","M","M","R","M","?","T","M","?","M","?","M","R","BOSS"],"build_version":"2018-12-20","purchased_purges":2,"victory":false,"max_hp_per_floor":[75,75,75,75,75,89,89,89,89,89,89,89,91,96,96,96,96,96,96,96,98,100,100,102,102,102,102,102,104,106,106,106,106],"card_choices":[{"not_picked":["Shrug It Off","Headbutt"],"picked":"Feel No Pain","floor":1.0},{"not_picked":["Havoc","Flex"],"picked":"Carnage","floor":5.0},{"not_picked":["Shrug It Off","Berserk"],"picked":"Second Wind","floor":6.0},{"not_picked":["Twin Strike","Headbutt"],"picked":"Rampage","floor":8.0},{"not_picked":["Impervious","Feed","Immolate"],"picked":"Barricade","floor":16.0},{"not_picked":["Corruption","Twin Strike+1","Thunderclap"],"picked":"Evolve","floor":18.0},{"not_picked":["Heavy Blade","Warcry","Anger"],"picked":"Shrug It Off","floor":27.0},{"not_picked":["Cleave","Fire Breathing","Rupture"],"picked":"Reckless Charge+1","floor":31.0}],"player_experience":3971880,"relics_obtained":[{"floor":6.0,"key":"Mango"},{"floor":8.0,"key":"Question Card"},{"floor":9.0,"key":"Sundial"},{"floor":12.0,"key":"Blood Vial"},{"floor":13.0,"key":"Singing Bowl"},{"floor":17.0,"key":"Art of War"},{"floor":17.0,"key":"Shuriken"},{"floor":17.0,"key":"Pocketwatch"}],"event_choices":[{"cards_removed":["Strike_R"],"damage_healed":0.0,"max_hp_gain":0.0,"max_hp_loss":0.0,"gold_gain":0.0,"event_name":"The Cleric","player_choice":"Card Removal","floor":2.0,"gold_loss":75.0,"damage_taken":0.0},{"damage_healed":0.0,"max_hp_gain":0.0,"max_hp_loss":0.0,"gold_gain":0.0,"event_name":"Shining Light","player_choice":"Entered Light","floor":3.0,"gold_loss":0.0,"damage_taken":23.0,"cards_upgraded":["Bash","Strike_R"]},{"damage_healed":0.0,"max_hp_gain":5.0,"max_hp_loss":0.0,"gold_gain":0.0,"event_name":"Big Fish","player_choice":"Donut","floor":14.0,"gold_loss":0.0,"damage_taken":0.0},{"damage_healed":0.0,"max_hp_gain":0.0,"max_hp_loss":0.0,"gold_gain":0.0,"event_name":"Match and Keep!","player_choice":"0 cards matched","floor":20.0,"gold_loss":0.0,"damage_taken":0.0,"cards_obtained":[]},{"cards_removed":["Doubt"],"damage_healed":0.0,"max_hp_gain":0.0,"max_hp_loss":0.0,"gold_gain":0.0,"event_name":"Fountain of Cleansing","player_choice":"Removed Curses","floor":28.0,"gold_loss":0.0,"damage_taken":0.0}],"is_beta":false,"boss_relics":[{"not_picked":["Cursed Key","Black Blood"],"picked":"Calling Bell"}],"items_purged_floors":[19,25],"is_endless":false,"potions_floor_spawned":[1,5,11,13,18,21,22,29,30],"killed_by":"Automaton","ascension_level":20}