{"gold_per_floor":[18,35,45,59,24,24,59,59,59,79,106,106,131,9,9,9],"floor_reached":16,"playtime":382,"items_purged":["Strike_B"],"score":240,"play_id":"c8edd180-d38b-4703-b9c8-ea60f63ab420","local_time":"20190225010104","is_ascension_mode":true,"campfire_choices":[{"data":"Zap","floor":6,"key":"SMITH"},{"data":"Redo","floor":8,"key":"SMITH"},{"data":"Recycle","floor":12,"key":"SMITH"},{"data":"Deep Breath","floor":15,"key":"SMITH"}],"neow_cost":"NO_GOLD","seed_source_timestamp":902958561025400,"circlet_count":0,"master_deck":["AscendersBane","Strike_B","Strike_B","Strike_B","Defend_B","Defend_B","Defend_B","Defend_B","Zap+1","Dualcast","All For One","Gash","Steam","Go for the Eyes","Echo Form","Redo+1","Hologram","Recycle+1","Self Repair","Deep Breath+1"],"relics":["Cracked Core","Smiling Mask","The Courier","Matryoshka","Question Card"],"potions_floor_usage":[4,7,11],"damage_taken":[{"damage":7,"enemies":"Jaw Worm","floor":1,"turns":3},{"damage":2,"enemies":"2 Louse","floor":2,"turns":3},{"damage":0,"enemies":"Cultist","floor":3,"turns":3},{"damage":8,"enemies":"Lots of Slimes","floor":4,"turns":4},{"damage":15,"enemies":"Lagavulin","floor":7,"turns":5},{"damage":3,"enemies":"2 Fungi Beasts","floor":10,"turns":3},{"damage":12,"enemies":"Gremlin Nob","floor":11,"turns":3},{"damage":20,"enemies":"Lagavulin","floor":13,"turns":7},{"damage":32,"enemies":"Slime Boss","floor":16,"turns":3}],"seed_played":"-4669379674732681655","potions_obtained":[{"floor":3,"key":"Strength Potion"},{"floor":4,"key":"Fire Potion"},{"floor":10,"key":"Poison Potion"}],"is_trial":false,"path_per_floor":["M","M","M","M","?","R","E","R","T","M","E","R","E","$","R","B"],"character_chosen":"DEFECT","items_purchased":["Deep Breath"],"campfire_rested":0,"item_purchase_floors":[14],"current_hp_per_floor":[57,55,55,47,64,64,49,49,49,46,34,34,14,14,14,0],"gold":9,"neow_bonus":"THREE_RARE_CARDS","is_prod":false,"is_daily":false,"chose_seed":false,"campfire_upgraded":4,"win_rate":0,"timestamp":1551024064,"path_taken":["M","M","M","M","?","R","E","R","T","M","E","R","E","$","R","BOSS"],"build_version":"2019-01-23","purchased_purges":1,"victory":false,"max_hp_per_floor":[71,71,71,71,71,71,71,71,71,71,71,71,71,71,71,71],"card_choices":[{"not_picked":["Amplify","Rainbow"],"picked":"All For One","floor":0},{"not_picked":["Leap","Compile Driver"],"picked":"Gash","floor":1},{"not_picked":["Blizzard","Darkness"],"picked":"Steam","floor":2},{"not_picked":["Sunder","Ball Lightning"],"picked":"Go for the Eyes","floor":3},{"not_picked":["Auto Shields","Conserve Battery"],"picked":"Echo Form","floor":4},{"not_picked":["Reprogram","Compile Driver"],"picked":"Redo","floor":7},{"not_picked":["Barrage","Consume"],"picked":"Hologram","floor":10},{"not_picked":["Darkness","Defragment"],"picked":"Recycle","floor":11},{"not_picked":["Ball Lightning","Double Energy"],"picked":"Self Repair","floor":13}],"player_experience":4393669,"relics_obtained":[{"floor":7,"key":"Smiling Mask"},{"floor":9,"key":"The Courier"},{"floor":11,"key":"Matryoshka"},{"floor":13,"key":"Question Card"}],"event_choices":[{"damage_healed":17,"gold_gain":0,"player_choice":"Healed","damage_taken":0,"max_hp_gain":0,"max_hp_loss":0,"event_name":"The Cleric","floor":5,"gold_loss":35}],"is_beta":false,"boss_relics":[],"items_purged_floors":[14],"is_endless":false,"potions_floor_spawned":[3,4,10],"killed_by":"Slime Boss","ascension_level":20}