{"gold_per_floor":[360,360,374,374,5,5,39,52,77,105,122,137,154,185,185,259,259,270,117,117,134,134,134,163,174,174,174,194,194,225,271,271,346,346,361,373,383,383,401,401,401,428,428,528,528,563,523,263,263,263,263,263,263,25,59,59],"floor_reached":57,"playtime":2951,"items_purged":["Defend_G","Strike_G","Strike_G","Defend_G"],"score":3286,"play_id":"097a3980-ee70-4b63-a265-b51ecde02937","local_time":"20190309031904","is_ascension_mode":true,"campfire_choices":[{"data":"Dagger Spray","floor":6,"key":"SMITH"},{"data":"Neutralize","floor":15,"key":"SMITH"},{"floor":23,"key":"REST"},{"floor":29,"key":"REST"},{"floor":32,"key":"REST"},{"data":"Wraith Form v2","floor":40,"key":"SMITH"},{"floor":45,"key":"RECALL"},{"floor":49,"key":"REST"},{"floor":53,"key":"REST"}],"neow_cost":"PERCENT_DAMAGE","seed_source_timestamp":118905204460800,"circlet_count":0,"master_deck":["AscendersBane","Defend_G","Defend_G","Strike_G+1","Strike_G+1","Survivor","Neutralize+1","Backflip","Dagger Spray+1","Skewer+1","Acrobatics+1","Underhanded Strike+1","Dagger Throw+1","Reflex+1","Deflect+1","Bouncing Flask+1","Adrenaline+1","Escape Plan+1","Prepared+1","Terror+1","Phantasmal Killer+1","Wraith Form v2+1","Calculated Gamble+1","PiercingWail+1","Acrobatics+1","Bandage Up+1","Concentrate+1","Backflip+1","Backflip+1","Malaise+1","Acrobatics+1","Prepared+1","Infinite Blades"],"relics":["Ring of the Snake","PreservedInsect","Toxic Egg 2","Molten Egg 2","Potion Belt","Tough Bandages","Unceasing Top","Runic Dome","Happy Flower","FaceOfCleric","StoneCalendar","Pen Nib","White Beast Statue","Kunai","Dream Catcher","Du-Vu Doll","Pantograph","Whetstone"],"potions_floor_usage":[7,10,16,21,24,28,30,39,42,42,46,55,55,56,56,56],"damage_taken":[{"damage":4,"enemies":"2 Louse","floor":1,"turns":3},{"damage":6,"enemies":"Cultist","floor":3,"turns":5},{"damage":3,"enemies":"Gremlin Nob","floor":7,"turns":3},{"damage":1,"enemies":"Jaw Worm","floor":8,"turns":3},{"damage":7,"enemies":"Lagavulin","floor":10,"turns":7},{"damage":0,"enemies":"Exordium Wildlife","floor":11,"turns":2},{"damage":0,"enemies":"Looter","floor":12,"turns":2},{"damage":0,"enemies":"Large Slime","floor":13,"turns":4},{"damage":0,"enemies":"Gremlin Nob","floor":14,"turns":2},{"damage":43,"enemies":"Slime Boss","floor":16,"turns":8},{"damage":10,"enemies":"Spheric Guardian","floor":18,"turns":5},{"damage":0,"enemies":"Chosen","floor":21,"turns":3},{"damage":8,"enemies":"Book of Stabbing","floor":24,"turns":3},{"damage":36,"enemies":"Snecko","floor":25,"turns":6},{"damage":0,"enemies":"Chosen and Byrds","floor":28,"turns":4},{"damage":15,"enemies":"Slavers","floor":30,"turns":2},{"damage":0,"enemies":"Collector","floor":33,"turns":3},{"damage":0,"enemies":"Orb Walker","floor":35,"turns":2},{"damage":12,"enemies":"3 Shapes","floor":36,"turns":5},{"damage":9,"enemies":"Sphere and 2 Shapes","floor":37,"turns":7},{"damage":1,"enemies":"Transient","floor":39,"turns":6},{"damage":0,"enemies":"Giant Head","floor":42,"turns":4},{"damage":0,"enemies":"Mind Bloom Boss Battle","floor":44,"turns":4},{"damage":29,"enemies":"Nemesis","floor":46,"turns":4},{"damage":0,"enemies":"Awakened One","floor":50,"turns":13},{"damage":0,"enemies":"Donu and Deca","floor":51,"turns":9},{"damage":0,"enemies":"Shield and Spear","floor":55,"turns":5},{"damage":24,"enemies":"The Heart","floor":56,"turns":9}],"seed_played":"8160452207434321700","potions_obtained":[{"floor":3,"key":"Fire Potion"},{"floor":7,"key":"Dexterity Potion"},{"floor":10,"key":"Ancient Potion"},{"floor":11,"key":"PowerPotion"},{"floor":16,"key":"FearPotion"},{"floor":25,"key":"AttackPotion"},{"floor":28,"key":"Fire Potion"},{"floor":30,"key":"FearPotion"},{"floor":35,"key":"Explosive Potion"},{"floor":36,"key":"Energy Potion"},{"floor":37,"key":"Strength Potion"},{"floor":39,"key":"FearPotion"},{"floor":42,"key":"PowerPotion"},{"floor":44,"key":"Swift Potion"},{"floor":46,"key":"Explosive Potion"},{"floor":47,"key":"SteroidPotion"},{"floor":55,"key":"Block Potion"}],"is_trial":false,"path_per_floor":["M","?","M","?","$","R","E","M","T","E","M","M","M","E","R","B",null,"M","$","?","M","?","R","E","M","T","?","M","R","E","T","R","B",null,"M","M","M","?","M","R","?","E","T","?","R","E","?","$","R","B","B",null,"R","$","E","B",null],"character_chosen":"THE_SILENT","items_purchased":["Dagger Spray","Toxic Egg 2","Prepared+1","Malaise+1","Acrobatics+1","Infinite Blades"],"campfire_rested":5,"item_purchase_floors":[5,5,19,48,48,54],"current_hp_per_floor":[40,22,16,66,66,66,63,62,62,55,55,55,55,55,55,12,53,43,43,43,43,43,62,54,18,18,18,19,39,25,25,45,46,63,64,53,45,45,45,45,35,42,42,49,49,27,27,27,49,77,78,78,78,78,79,56],"gold":59,"neow_bonus":"TWO_FIFTY_GOLD","is_prod":false,"is_daily":false,"chose_seed":false,"campfire_upgraded":3,"win_rate":0,"timestamp":1552069144,"path_taken":["M","?","M","?","$","R","E","?","T","E","M","?","M","E","R","BOSS","M","$","?","M","?","R","E","M","T","?","?","R","E","?","R","BOSS","M","M","M","?","M","R","?","E","T","?","R","E","?","$","R","BOSS","BOSS","R","$","E","BOSS"],"build_version":"2019-01-23","purchased_purges":4,"victory":true,"max_hp_per_floor":[66,66,66,66,66,66,66,66,66,66,66,66,66,66,66,66,66,66,66,66,66,66,66,66,66,66,66,67,67,68,68,68,69,69,70,71,72,72,73,73,73,74,74,75,75,76,76,76,76,77,78,78,78,78,79,80],"card_choices":[{"not_picked":["Concentrate","Accuracy"],"picked":"Backflip","floor":1},{"not_picked":["Dodge and Roll","Well Laid Plans"],"picked":"Footwork","floor":3},{"not_picked":["Slice","Backflip+1"],"picked":"Skewer","floor":7},{"not_picked":["Cloak And Dagger+1","Blade Dance+1"],"picked":"Acrobatics+1","floor":8},{"not_picked":["Finisher+1","Cloak And Dagger+1"],"picked":"Underhanded Strike+1","floor":10},{"not_picked":["Bane+1","Bullet Time+1"],"picked":"Dagger Throw+1","floor":11},{"not_picked":["Deflect+1","Endless Agony+1"],"picked":"Reflex+1","floor":12},{"not_picked":["Sucker Punch+1","Caltrops"],"picked":"Deflect+1","floor":13},{"not_picked":["Sucker Punch+1","Flechettes+1"],"picked":"Bouncing Flask+1","floor":14},{"not_picked":["Tools of the Trade","After Image"],"picked":"Adrenaline+1","floor":16},{"not_picked":["Flying Knee+1","Dagger Spray+1"],"picked":"Escape Plan+1","floor":18},{"not_picked":["Dodge and Roll+1","Distraction+1","Endless Agony+1"],"picked":"SKIP","floor":21},{"not_picked":["Dash+1","Bane+1","Distraction+1"],"picked":"SKIP","floor":24},{"not_picked":["Bane+1","Deflect+1"],"picked":"Terror+1","floor":25},{"not_picked":["Cloak And Dagger+1","Dodge and Roll+1"],"picked":"Phantasmal Killer+1","floor":28},{"not_picked":["Heel Hook+1","Blade Dance+1","Endless Agony+1"],"picked":"SKIP","floor":30},{"not_picked":["Glass Knife+1","Doppelganger+1"],"picked":"Wraith Form v2","floor":33},{"not_picked":["Acrobatics+1","Escape Plan+1"],"picked":"Calculated Gamble+1","floor":35},{"not_picked":["Slice+1","Sucker Punch+1","Quick Slash+1"],"picked":"SKIP","floor":36},{"not_picked":["Backstab+1","Flying Knee+1"],"picked":"PiercingWail+1","floor":37},{"not_picked":["Sucker Punch+1","Footwork"],"picked":"Acrobatics+1","floor":39},{"not_picked":["Trip+1","Dramatic Entrance+1"],"picked":"Bandage Up+1","floor":41},{"not_picked":["Dagger Throw+1","Poisoned Stab+1"],"picked":"Concentrate+1","floor":42},{"not_picked":["Footwork","Backstab+1"],"picked":"Backflip+1","floor":44},{"not_picked":["Quick Slash+1","PiercingWail+1"],"picked":"Backflip+1","floor":46},{"not_picked":["Expertise+1","Skewer+1"],"picked":"Prepared+1","floor":49},{"not_picked":["Sucker Punch+1","Skewer+1","Poisoned Stab+1"],"picked":"SKIP","floor":55}],"player_experience":4502300,"relics_obtained":[{"floor":7,"key":"Molten Egg 2"},{"floor":9,"key":"Potion Belt"},{"floor":10,"key":"Tough Bandages"},{"floor":14,"key":"Unceasing Top"},{"floor":24,"key":"Happy Flower"},{"floor":30,"key":"StoneCalendar"},{"floor":31,"key":"Pen Nib"},{"floor":42,"key":"Kunai"},{"floor":43,"key":"Dream Catcher"},{"floor":44,"key":"Du-Vu Doll"},{"floor":46,"key":"Pantograph"},{"floor":55,"key":"Whetstone"}],"event_choices":[{"damage_healed":0,"gold_gain":0,"player_choice":"Success","damage_taken":18,"relics_obtained":["PreservedInsect"],"max_hp_gain":0,"max_hp_loss":0,"event_name":"Scrap Ooze","floor":2,"gold_loss":0},{"cards_removed":["Footwork"],"damage_healed":50,"gold_gain":0,"player_choice":"Offered Uncommon","damage_taken":0,"max_hp_gain":0,"max_hp_loss":0,"event_name":"Bonfire Elementals","floor":4,"gold_loss":0},{"cards_removed":["Strike_G"],"damage_healed":0,"gold_gain":0,"player_choice":"Elegance","damage_taken":0,"max_hp_gain":0,"max_hp_loss":0,"event_name":"Back to Basics","floor":20,"gold_loss":0},{"damage_healed":0,"gold_gain":0,"player_choice":"Ignored","damage_taken":0,"max_hp_gain":0,"max_hp_loss":0,"event_name":"The Mausoleum","floor":22,"gold_loss":0},{"damage_healed":0,"gold_gain":0,"player_choice":"Trade","damage_taken":0,"relics_obtained":["FaceOfCleric"],"max_hp_gain":0,"max_hp_loss":0,"event_name":"FaceTrader","floor":27,"gold_loss":0},{"cards_removed":["Defend_G"],"damage_healed":0,"gold_gain":0,"player_choice":"Removed Skill","damage_taken":0,"max_hp_gain":0,"max_hp_loss":0,"event_name":"Falling","floor":38,"gold_loss":0},{"damage_healed":0,"gold_gain":0,"player_choice":"Memory 3","damage_taken":10,"max_hp_gain":0,"max_hp_loss":0,"event_name":"SensoryStone","floor":41,"gold_loss":0},{"damage_healed":0,"gold_gain":0,"player_choice":"Fight","damage_taken":0,"max_hp_gain":0,"max_hp_loss":0,"event_name":"MindBloom","floor":44,"gold_loss":0},{"damage_healed":0,"gold_gain":0,"player_choice":"Bought 3 Potions","damage_taken":0,"max_hp_gain":0,"max_hp_loss":0,"event_name":"The Woman in Blue","floor":47,"gold_loss":0}],"is_beta":false,"boss_relics":[{"not_picked":["Sozu","Snecko Eye"],"picked":"Runic Dome"},{"not_picked":["Coffee Dripper","WristBlade"],"picked":"White Beast Statue"}],"items_purged_floors":[5,19,48,54],"is_endless":false,"potions_floor_spawned":[3,7,10,11,16,25,28,30,35,36,37,39,42,44,46,55],"ascension_level":20}