{"gold_per_floor":[10,10,20,33,52,52,68,16,94,94,114,149,168,184,184,263,263,273,273,323,373,344,344,360,360,406,406,406,425,435,455,455,455],"floor_reached":33,"playtime":1071,"items_purged":[],"score":493,"play_id":"63c0e2fa-16eb-4e30-bc24-1796684a3cbc","local_time":"20190320232334","is_ascension_mode":true,"campfire_choices":[{"data":"Barrage","floor":6.0,"key":"SMITH"},{"data":"Leap","floor":10.0,"key":"SMITH"},{"floor":15.0,"key":"REST"},{"floor":23.0,"key":"DIG"},{"floor":25,"key":"REST"},{"floor":27,"key":"DIG"},{"floor":32,"key":"DIG"}],"neow_cost":"NO_GOLD","seed_source_timestamp":113191357272,"circlet_count":0,"master_deck":["AscendersBane","Strike_B","Defend_B","Defend_B","Defend_B","Defend_B","Zap","Dualcast","Chill","Ball Lightning","Barrage+1","Cold Snap","Leap+1","Hologram","Biased Cognition","Cold Snap","Biased Cognition","BootSequence","Tempest+1","Darkness","Loop","Reinforced Body","Coolheaded"],"special_seed":0,"relics":["Cracked Core","Cables","Shovel","Cursed Key","Art of War","Potion Belt","Incense Burner","Ornamental Fan"],"potions_floor_usage":[24,33,33],"damage_taken":[{"damage":1.0,"enemies":"2 Louse","floor":1.0,"turns":2.0},{"damage":0.0,"enemies":"Cultist","floor":3.0,"turns":3.0},{"damage":5.0,"enemies":"Jaw Worm","floor":4.0,"turns":3.0},{"damage":13.0,"enemies":"Large Slime","floor":5.0,"turns":4.0},{"damage":5.0,"enemies":"Lots of Slimes","floor":7.0,"turns":3.0},{"damage":16.0,"enemies":"2 Fungi Beasts","floor":11.0,"turns":3.0},{"damage":12.0,"enemies":"Gremlin Nob","floor":12.0,"turns":4.0},{"damage":3.0,"enemies":"3 Louse","floor":13.0,"turns":2.0},{"damage":9.0,"enemies":"Blue Slaver","floor":14.0,"turns":3.0},{"damage":29.0,"enemies":"Hexaghost","floor":16.0,"turns":8.0},{"damage":23.0,"enemies":"3 Byrds","floor":18.0,"turns":5.0},{"damage":0.0,"enemies":"2 Thieves","floor":22.0,"turns":4.0},{"damage":7,"enemies":"Centurion and Healer","floor":24,"turns":5},{"damage":0,"enemies":"Chosen and Byrds","floor":29,"turns":3},{"damage":1,"enemies":"Snecko","floor":30,"turns":4},{"damage":12,"enemies":"Snake Plant","floor":31,"turns":3},{"damage":86,"enemies":"Automaton","floor":33,"turns":10}],"seed_played":"8530270321108296061","potions_obtained":[{"floor":3.0,"key":"LiquidBronze"},{"floor":4.0,"key":"Regen Potion"},{"floor":5.0,"key":"SpeedPotion"},{"floor":14.0,"key":"Poison Potion"},{"floor":16.0,"key":"Poison Potion"},{"floor":18.0,"key":"FairyPotion"},{"floor":24,"key":"Strength Potion"},{"floor":31,"key":"LiquidBronze"}],"is_trial":false,"path_per_floor":["M","?","M","M","M","R","M","$","T","R","M","E","M","M","R","B",null,"M","?","?","?","M","R","M","R","T","R","?","M","M","M","R","B"],"character_chosen":"DEFECT","items_purchased":["Leap"],"campfire_rested":2,"item_purchase_floors":[8],"current_hp_per_floor":[77,77,77,72,71,71,66,66,66,66,50,38,35,26,51,22,69,46,46,46,46,46,46,39,64,64,64,64,64,63,51,51,0],"gold":455,"neow_bonus":"TWENTY_PERCENT_HP_BONUS","is_prod":false,"is_daily":false,"chose_seed":false,"campfire_upgraded":2,"win_rate":0,"timestamp":1553138614,"path_taken":["M","?","M","?","M","R","M","?","T","R","M","E","M","M","R","BOSS","M","?","?","?","M","R","?","R","T","R","?","M","M","M","R","BOSS"],"build_version":"2019-01-23","purchased_purges":0,"victory":false,"max_hp_per_floor":[85,85,85,85,85,85,85,85,85,85,85,85,85,85,85,85,85,85,85,85,85,85,85,85,85,85,85,85,85,85,85,85,85],"card_choices":[{"not_picked":["Streamline","Steam"],"picked":"Chill","floor":1.0},{"not_picked":["Hologram","Reinforced Body"],"picked":"Ball Lightning","floor":3.0},{"not_picked":["Turbo","Static Discharge"],"picked":"Barrage","floor":4.0},{"not_picked":["Reprogram","Steam"],"picked":"Cold Snap","floor":5.0},{"not_picked":["Redo","Sweeping Beam","Stack"],"picked":"SKIP","floor":7.0},{"not_picked":["Fusion","Genetic Algorithm","Turbo"],"picked":"SKIP","floor":11.0},{"not_picked":["Leap","Sweeping Beam","Skim"],"picked":"SKIP","floor":12.0},{"not_picked":["Steam Power","Barrage"],"picked":"Hologram","floor":13.0},{"not_picked":["Recycle","Hyperbeam","Redo"],"picked":"SKIP","floor":14.0},{"not_picked":["Thunder Strike","Rainbow"],"picked":"Biased Cognition","floor":16.0},{"not_picked":["Turbo","Conserve Battery"],"picked":"Cold Snap","floor":18.0},{"not_picked":["Barrage","Sweeping Beam"],"picked":"Tempest+1","floor":22.0},{"not_picked":["Compile Driver","Beam Cell"],"picked":"Darkness","floor":24},{"not_picked":["Ball Lightning","Darkness"],"picked":"Loop","floor":29},{"not_picked":["Rip and Tear","Barrage+1"],"picked":"Reinforced Body","floor":30},{"not_picked":["Chill","Rebound"],"picked":"Coolheaded","floor":31}],"player_experience":557469,"relics_obtained":[{"floor":9.0,"key":"Cables"},{"floor":12.0,"key":"Shovel"},{"floor":23.0,"key":"Art of War"},{"floor":26,"key":"Potion Belt"},{"floor":27,"key":"Incense Burner"},{"floor":32,"key":"Ornamental Fan"}],"event_choices":[{"cards_removed":["Strike_B"],"damage_healed":0.0,"max_hp_gain":0.0,"max_hp_loss":0.0,"gold_gain":0.0,"event_name":"Purifier","player_choice":"Purged","floor":2.0,"gold_loss":0.0,"damage_taken":0.0},{"damage_healed":0.0,"max_hp_gain":0.0,"max_hp_loss":0.0,"gold_gain":0.0,"cards_transformed":["Strike_B","Strike_B"],"event_name":"Drug Dealer","player_choice":"Became Test Subject","floor":19.0,"gold_loss":0.0,"damage_taken":0.0,"cards_obtained":["Biased Cognition","BootSequence"]},{"damage_healed":0.0,"max_hp_gain":0.0,"max_hp_loss":0.0,"gold_gain":50.0,"event_name":"Nest","player_choice":"Stole From Cult","floor":20.0,"gold_loss":0.0,"damage_taken":0.0},{"damage_healed":0.0,"max_hp_gain":0.0,"max_hp_loss":0.0,"gold_gain":50.0,"event_name":"Golden Shrine","player_choice":"Pray","floor":21.0,"gold_loss":0.0,"damage_taken":0.0},{"cards_removed":["Pain"],"damage_healed":0,"gold_gain":0,"player_choice":"Removed Curses","damage_taken":0,"max_hp_gain":0,"max_hp_loss":0,"event_name":"Fountain of Cleansing","floor":28,"gold_loss":0}],"is_beta":false,"boss_relics":[{"not_picked":["Runic Dome","Snecko Eye"],"picked":"Cursed Key"}],"items_purged_floors":[],"is_endless":false,"potions_floor_spawned":[3,4,5,14,16,18,24,31],"killed_by":"Automaton","ascension_level":19}