{"gold_per_floor":[114,189,201,6,6,6,34,34,34,66,66,3,20,36,36,141,141,152,152,427,442,318,318,334,334,385,419,437,277,277,312,312,414,414,434,192,211,227,49,49,60,78,78,78,95,112,112,124,156,156,156,156,156,30,61,61],"floor_reached":57,"playtime":2622,"items_purged":["Strike_B","Strike_B","Strike_B","Defend_B"],"score":1472,"play_id":"9e18886c-185f-4b95-83f6-7a3e49744659","local_time":"20190116032630","is_ascension_mode":false,"campfire_choices":[{"data":"Zap","floor":6,"key":"SMITH"},{"data":"Dualcast","floor":8,"key":"SMITH"},{"data":"Ball Lightning","floor":15,"key":"SMITH"},{"data":"Thunder Strike","floor":23,"key":"SMITH"},{"data":"Consume","floor":25,"key":"SMITH"},{"floor":32,"key":"REST"},{"data":"Mirror Shield","floor":40,"key":"SMITH"},{"floor":47,"key":"RECALL"},{"data":"ReplayUltimateDefense","floor":50,"key":"SMITH"},{"data":"Defragment","floor":53,"key":"SMITH"}],"neow_cost":"NONE","seed_source_timestamp":464584212763352,"circlet_count":0,"master_deck":["Strike_B+1","Defend_B","Defend_B","Zap+1","Dualcast+1","Ball Lightning+1","Conserve Battery","Ball Lightning+1","Ball Lightning+1","Leap","Self Repair","Thunder Strike+1","Genetic Algorithm","Consume+1","Master of Strategy","Defragment+1","Creative AI","Mirror Shield+1","Coolheaded+1","ReplayUltimateDefense+1","Echo Form","Consume+1"],"relics":["Cracked Core","Membership Card","Odd Mushroom","Mango","Omamori","Blood Vial","ReplayTheSpireMod:Onyx Gauntlets","Nilry\u0027s Codex","Replay:Rubber Ducky","Bag of Preparation","Cables","ReplayTheSpireMod:Lightbulb","Sozu","ReplayFunnel","Runic Capacitor","Whetstone","Mummified Hand","Replay:Accelerometer"],"potions_floor_usage":[28],"damage_taken":[{"damage":6,"enemies":"Jaw Worm","floor":1,"turns":3},{"damage":0,"enemies":"2 Louse","floor":3,"turns":2},{"damage":16,"enemies":"The Mushroom Lair","floor":7,"turns":4},{"damage":6,"enemies":"3 Sentries","floor":10,"turns":4},{"damage":0,"enemies":"Small Slimes","floor":13,"turns":2},{"damage":2,"enemies":"Blue Slaver","floor":14,"turns":3},{"damage":58,"enemies":"Fading Forest","floor":16,"turns":11},{"damage":0,"enemies":"Chosen","floor":18,"turns":4},{"damage":14,"enemies":"2 Thieves","floor":21,"turns":5},{"damage":9,"enemies":"Shelled Parasite and Fungi","floor":24,"turns":5},{"damage":29,"enemies":"Book of Stabbing","floor":27,"turns":6},{"damage":8,"enemies":"Centurion and Healer","floor":28,"turns":4},{"damage":26,"enemies":"Slavers","floor":31,"turns":4},{"damage":0,"enemies":"Pondfish","floor":33,"turns":8},{"damage":0,"enemies":"Orb Walker","floor":35,"turns":2},{"damage":0,"enemies":"3 Shapes","floor":37,"turns":4},{"damage":0,"enemies":"Sphere and 2 Shapes","floor":38,"turns":4},{"damage":0,"enemies":"Jaw Worm Horde","floor":41,"turns":4},{"damage":0,"enemies":"3 Darklings","floor":42,"turns":5},{"damage":0,"enemies":"Transient","floor":45,"turns":5},{"damage":0,"enemies":"Maw","floor":46,"turns":7},{"damage":0,"enemies":"Spire Growth","floor":48,"turns":5},{"damage":0,"enemies":"R_Hoarder","floor":49,"turns":7},{"damage":0,"enemies":"Time Eater","floor":51,"turns":8},{"damage":0,"enemies":"Shield and Spear","floor":55,"turns":5},{"damage":0,"enemies":"The Heart","floor":56,"turns":11}],"seed_played":"9172754272783761164","potions_obtained":[{"floor":3,"key":"Languid Potion"},{"floor":10,"key":"FearPotion"},{"floor":14,"key":"Adrenaline Potion"},{"floor":31,"key":"SpeedPotion"}],"is_trial":false,"path_per_floor":["M","?","M","$","?","R","?","R","T","E","?","$","M","M","R","B",null,"M","?","?","M","$","R","M","R","T","E","M","$","?","E","R","B",null,"M","$","M","M","$","R","M","M","T","PTL","M","M","R","M","E","R","B",null,"R","$","E","B",null],"character_chosen":"DEFECT","items_purchased":["Membership Card","Leap","Replay:Rubber Ducky","Master of Strategy","ReplayUltimateDefense","ReplayFunnel","Echo Form","Runic Capacitor","Mummified Hand"],"campfire_rested":1,"item_purchase_floors":[4,12,22,29,36,36,39,39,54],"current_hp_per_floor":[69,58,58,58,43,43,27,27,41,35,35,35,37,44,44,21,89,89,73,73,68,68,68,68,68,68,48,49,49,49,25,51,60,89,89,89,89,89,89,89,89,89,89,89,89,89,89,89,89,89,89,89,89,89,89,89],"gold":61,"neow_bonus":"THREE_CARDS","is_prod":false,"is_daily":false,"chose_seed":false,"campfire_upgraded":8,"win_rate":0,"timestamp":1547576790,"path_taken":["M","?","M","$","?","R","?","R","T","E","?","?","?","M","R","BOSS","M","?","?","?","$","R","M","R","T","E","M","$","?","E","R","BOSS","M","$","?","M","$","R","M","M","T","PTL","M","M","R","?","E","R","BOSS","R","$","E","BOSS"],"build_version":"2019-01-10","purchased_purges":4,"victory":true,"max_hp_per_floor":[75,75,75,75,75,75,75,75,89,89,89,89,89,89,89,89,89,89,89,89,89,89,89,89,89,89,89,89,89,89,89,89,89,89,89,89,89,89,89,89,89,89,89,89,89,89,89,89,89,89,89,89,89,89,89,89],"card_choices":[{"not_picked":["Redo","Beam Cell"],"picked":"Ball Lightning","floor":0},{"not_picked":["BasicCrystalCard","Go for the Eyes"],"picked":"Conserve Battery","floor":1},{"not_picked":["Self Repair","Redo"],"picked":"Ball Lightning","floor":3},{"not_picked":["Conserve Battery","Hologram"],"picked":"Ball Lightning","floor":7},{"not_picked":["Redo","ReplayTheSpireMod:System Scan","Mirror Shield"],"picked":"SKIP","floor":10},{"not_picked":["Gash","Compile Driver"],"picked":"Self Repair","floor":13},{"not_picked":["ReplayTheSpireMod:System Scan","Coolheaded","Sunder"],"picked":"SKIP","floor":14},{"not_picked":["Mirror Shield","Biased Cognition"],"picked":"Thunder Strike","floor":16},{"not_picked":["Cold Snap+1","Beam Cell"],"picked":"Genetic Algorithm","floor":18},{"not_picked":["Streamline+1","Hologram","Go for the Eyes"],"picked":"SKIP","floor":21},{"not_picked":["White Noise","ReplayGash"],"picked":"Consume","floor":24},{"not_picked":["Steam","Multi-Cast","Streamline"],"picked":"SKIP","floor":27},{"not_picked":["Barrage+1","Sweeping Beam","Rebound"],"picked":"SKIP","floor":28},{"not_picked":["Crystallizer","Stack+1"],"picked":"Creative AI","floor":31},{"not_picked":["All For One","Rainbow"],"picked":"Mirror Shield","floor":33},{"not_picked":["Darkness","Reinforced Body+1"],"picked":"Coolheaded+1","floor":35},{"not_picked":["BasicCrystalCard","Steam","Redo+1"],"picked":"SKIP","floor":37},{"not_picked":["Glacier","Panic Button+1","Cold Snap+1"],"picked":"SKIP","floor":38},{"not_picked":["Stack+1","Defragment+1","Fusion"],"picked":"SKIP","floor":41},{"not_picked":["Hologram","Conserve Battery","Cold Snap+1"],"picked":"SKIP","floor":42},{"not_picked":["Static Discharge+1","Melter+1","Buffer"],"picked":"SKIP","floor":45},{"not_picked":["Rebound+1","Cold Snap+1","Chaos+1"],"picked":"SKIP","floor":46},{"not_picked":["Force Field+1","Time Bomb"],"picked":"Consume+1","floor":48},{"not_picked":["Barrage","Coolheaded+1","Compile Driver+1"],"picked":"SKIP","floor":49},{"not_picked":["Sunder+1","Steam+1","Biased Cognition"],"picked":"SKIP","floor":55}],"player_experience":4095300,"relics_obtained":[{"floor":7,"key":"Odd Mushroom"},{"floor":9,"key":"Mango"},{"floor":10,"key":"Omamori"},{"floor":19,"key":"Nilry\u0027s Codex"},{"floor":26,"key":"Bag of Preparation"},{"floor":27,"key":"Cables"},{"floor":31,"key":"ReplayTheSpireMod:Lightbulb"},{"floor":49,"key":"Whetstone"},{"floor":55,"key":"Replay:Accelerometer"}],"event_choices":[{"damage_healed":0,"gold_gain":75,"player_choice":"Gather Gold","damage_taken":11,"max_hp_gain":0,"max_hp_loss":0,"event_name":"World of Goop","floor":2,"gold_loss":0},{"damage_healed":0,"gold_gain":0,"player_choice":"Entered Light","damage_taken":15,"max_hp_gain":0,"max_hp_loss":0,"event_name":"Shining Light","floor":5,"gold_loss":0,"cards_upgraded":["Strike_B","Ball Lightning"]},{"damage_healed":0,"gold_gain":0,"player_choice":"Fought Mushrooms","damage_taken":0,"max_hp_gain":0,"max_hp_loss":0,"event_name":"Mushrooms","floor":7,"gold_loss":0},{"damage_healed":0,"gold_gain":0,"player_choice":"Box","damage_taken":0,"relics_obtained":["Blood Vial"],"max_hp_gain":0,"max_hp_loss":0,"event_name":"Big Fish","floor":11,"gold_loss":0,"cards_obtained":["Regret"]},{"damage_healed":0,"gold_gain":0,"player_choice":"Obtained Book","damage_taken":16,"max_hp_gain":0,"max_hp_loss":0,"event_name":"Cursed Tome","floor":19,"gold_loss":0},{"damage_healed":0,"gold_gain":275,"player_choice":"Desecrate","damage_taken":0,"max_hp_gain":0,"max_hp_loss":0,"event_name":"Golden Shrine","floor":20,"gold_loss":0,"cards_obtained":["Regret"]},{"damage_healed":0,"gold_gain":0,"cards_transformed":["Defend_B"],"player_choice":"Transformed","damage_taken":0,"max_hp_gain":0,"max_hp_loss":0,"event_name":"Transmorgrifier","floor":30,"gold_loss":0,"cards_obtained":["Defragment"]}],"is_beta":false,"boss_relics":[{"not_picked":["Replay:Wanted Poster","FrozenCore"],"picked":"ReplayTheSpireMod:Onyx Gauntlets"},{"not_picked":["Busted Crown","Pandora\u0027s Box"],"picked":"Sozu"}],"items_purged_floors":[12,22,29,36],"is_endless":false,"potions_floor_spawned":[3,10,14,16,18,27,31,33,37,41,46,49,55],"ascension_level":0}