{"gold_per_floor":[113,128,33,33,52,52,68,102,102,102,102,102,102,46,46,118,118,136,0,0,300,300,300,300],"floor_reached":24,"playtime":823,"items_purged":[],"score":352,"play_id":"34d75afd-fc80-476a-bf72-ecfb6c50edde","local_time":"20190313114433","is_ascension_mode":true,"campfire_choices":[{"data":"Deep Breath","floor":6.0,"key":"SMITH"},{"floor":10.0,"key":"REST"},{"data":"Rage","floor":12.0,"key":"SMITH"},{"floor":15.0,"key":"REST"},{"floor":23.0,"key":"REST"}],"neow_cost":"NONE","seed_source_timestamp":6070184184443,"circlet_count":0,"master_deck":["AscendersBane","Strike_R+1","Strike_R","Strike_R","Strike_R","Strike_R+1","Defend_R","Defend_R","Defend_R","Defend_R","Bash","Pummel","Anger","Deep Breath+1","Pain","Rage+1","Rupture","Carnage","Reaper","Feel No Pain","RitualDagger","Shame"],"special_seed":0,"relics":["Burning Blood","WarpedTongs","Bird Faced Urn","Nunchaku","Velvet Choker","Nloth\u0027s Gift"],"potions_floor_usage":[],"damage_taken":[{"damage":7.0,"enemies":"Cultist","floor":1.0,"turns":4.0},{"damage":4.0,"enemies":"Small Slimes","floor":2.0,"turns":4.0},{"damage":15.0,"enemies":"Jaw Worm","floor":5.0,"turns":4.0},{"damage":5.0,"enemies":"Exordium Wildlife","floor":7.0,"turns":3.0},{"damage":34.0,"enemies":"Gremlin Nob","floor":8.0,"turns":4.0},{"damage":44.0,"enemies":"Slime Boss","floor":16.0,"turns":10.0},{"damage":46.0,"enemies":"Shell Parasite","floor":18.0,"turns":6.0},{"damage":72,"enemies":"Gremlin Leader","floor":24,"turns":4}],"seed_played":"4106763274833645699","potions_obtained":[{"floor":2.0,"key":"Poison Potion"},{"floor":5.0,"key":"SneckoOil"}],"is_trial":false,"path_per_floor":["M","M","$","?","M","R","M","E","T","R","?","R","?","$","R","B",null,"M","?","?","?","?","R","E"],"character_chosen":"IRONCLAD","items_purchased":["Deep Breath","Energy Potion"],"campfire_rested":3,"item_purchase_floors":[3,14],"current_hp_per_floor":[74,76,76,76,67,67,68,40,40,64,64,64,39,39,63,27,68,37,37,31,31,31,55,0],"gold":300,"neow_bonus":"TEN_PERCENT_HP_BONUS","is_prod":false,"is_daily":false,"chose_seed":false,"campfire_upgraded":2,"win_rate":0,"timestamp":1552445073,"path_taken":["M","M","?","?","?","R","M","E","T","R","?","R","?","?","R","BOSS","M","?","?","?","?","R","E"],"build_version":"2019-01-23","purchased_purges":0,"victory":false,"max_hp_per_floor":[82,82,82,82,82,82,82,82,82,82,82,82,82,82,82,82,82,82,82,82,82,82,82,82],"card_choices":[{"not_picked":["Shrug It Off","Combust"],"picked":"Pummel","floor":1.0},{"not_picked":["Cleave","Twin Strike"],"picked":"Anger","floor":2.0},{"not_picked":["Pommel Strike","Sword Boomerang"],"picked":"Rage","floor":5.0},{"not_picked":["Blood for Blood","True Grit"],"picked":"Rupture","floor":7.0},{"not_picked":["Clash","Headbutt"],"picked":"Carnage","floor":8.0},{"not_picked":["Feed","Juggernaut"],"picked":"Reaper","floor":16.0},{"not_picked":["Havoc","Flex"],"picked":"Feel No Pain","floor":18.0}],"player_experience":300336,"relics_obtained":[{"floor":8.0,"key":"Bird Faced Urn"},{"floor":9.0,"key":"Nunchaku"}],"event_choices":[{"damage_healed":0.0,"max_hp_gain":0.0,"max_hp_loss":0.0,"gold_gain":0.0,"event_name":"Accursed Blacksmith","player_choice":"Rummage","floor":4.0,"gold_loss":0.0,"damage_taken":0.0,"relics_obtained":["WarpedTongs"],"cards_obtained":["Pain"]},{"damage_healed":0.0,"max_hp_gain":0.0,"max_hp_loss":0.0,"gold_gain":0.0,"event_name":"Liars Game","player_choice":"Ignored","floor":11.0,"gold_loss":0.0,"damage_taken":0.0},{"damage_healed":0.0,"max_hp_gain":0.0,"max_hp_loss":0.0,"gold_gain":0.0,"event_name":"Shining Light","player_choice":"Entered Light","floor":13.0,"gold_loss":0.0,"damage_taken":25.0,"cards_upgraded":["Strike_R","Strike_R"]},{"damage_healed":0.0,"max_hp_gain":0.0,"max_hp_loss":0.0,"gold_gain":0.0,"event_name":"Masked Bandits","player_choice":"Paid Fearfully","floor":19.0,"gold_loss":136.0,"damage_taken":0.0},{"damage_healed":0.0,"max_hp_gain":0.0,"max_hp_loss":0.0,"gold_gain":0.0,"event_name":"Nest","player_choice":"Joined the Cult","floor":20.0,"gold_loss":0.0,"damage_taken":6.0,"cards_obtained":["RitualDagger"]},{"damage_healed":0.0,"max_hp_gain":0.0,"max_hp_loss":0.0,"gold_gain":0.0,"event_name":"Addict","player_choice":"Stole Relic","floor":21.0,"gold_loss":0.0,"damage_taken":0.0,"relics_obtained":["Old Coin"],"cards_obtained":["Shame"]},{"damage_healed":0.0,"max_hp_gain":0.0,"max_hp_loss":0.0,"gold_gain":0.0,"event_name":"N\u0027loth","player_choice":"Traded Relic","floor":22.0,"relics_lost":["Old Coin"],"gold_loss":0.0,"damage_taken":0.0,"relics_obtained":["Nloth\u0027s Gift"]}],"is_beta":false,"boss_relics":[{"not_picked":["Runic Cube","Lizard Tail"],"picked":"Velvet Choker"}],"items_purged_floors":[],"is_endless":false,"potions_floor_spawned":[2,5],"killed_by":"Gremlin Leader","ascension_level":17}