{"gold_per_floor":[18,31,48,48,60,85,85,105,105,131,131,131,60,88,88,88],"floor_reached":16,"playtime":841,"items_purged":[],"score":162,"play_id":"6fd0f0a8-db33-4730-ac90-0b4c2201b717","local_time":"20190226141306","is_ascension_mode":true,"campfire_choices":[{"floor":7.0,"key":"REST"},{"floor":12,"key":"REST"},{"floor":15,"key":"REST"}],"neow_cost":"NO_GOLD","seed_source_timestamp":15047879647074,"circlet_count":0,"master_deck":["Strike_R","Strike_R","Strike_R","Strike_R","Defend_R+1","Defend_R","Defend_R+1","Defend_R","Bash","Dramatic Entrance","Forethought","Battle Trance","Body Slam","Entrench","Dropkick","Barricade"],"special_seed":0,"relics":["Burning Blood","Paper Frog","Potion Belt","War Paint","Meat on the Bone"],"potions_floor_usage":[16],"damage_taken":[{"damage":13.0,"enemies":"Jaw Worm","floor":1.0,"turns":4.0},{"damage":0.0,"enemies":"Small Slimes","floor":2.0,"turns":3.0},{"damage":8.0,"enemies":"2 Louse","floor":3.0,"turns":2.0},{"damage":17.0,"enemies":"Looter","floor":5.0,"turns":3.0},{"damage":40.0,"enemies":"Gremlin Nob","floor":6.0,"turns":5.0},{"damage":9.0,"enemies":"2 Fungi Beasts","floor":8.0,"turns":3.0},{"damage":40,"enemies":"3 Sentries","floor":10,"turns":11},{"damage":36,"enemies":"Lagavulin","floor":14,"turns":9},{"damage":42,"enemies":"Slime Boss","floor":16,"turns":12}],"seed_played":"-6240863208421439258","potions_obtained":[{"floor":3.0,"key":"FearPotion"},{"floor":8.0,"key":"Fruit Juice"},{"floor":14,"key":"GamblersBrew"}],"is_trial":false,"path_per_floor":["M","M","M","$","M","E","R","M","T","E","?","R","$","E","R","B"],"character_chosen":"IRONCLAD","items_purchased":["Barricade"],"campfire_rested":3,"item_purchase_floors":[13],"current_hp_per_floor":[65,71,69,69,58,24,48,45,50,16,16,41,41,11,36,0],"gold":88,"neow_bonus":"RANDOM_COLORLESS_2","is_prod":false,"is_daily":false,"chose_seed":false,"campfire_upgraded":0,"win_rate":0,"timestamp":1551157986,"path_taken":["M","M","M","$","M","E","R","M","T","E","?","R","$","E","R","BOSS"],"build_version":"2019-01-23","purchased_purges":0,"victory":false,"max_hp_per_floor":[80,80,80,80,80,80,80,80,85,85,85,85,85,85,85,85],"card_choices":[{"not_picked":["Anger","Rupture","Thunderclap"],"picked":"SKIP","floor":1.0},{"not_picked":["Carnage","Pommel Strike"],"picked":"Battle Trance","floor":2.0},{"not_picked":["Intimidate","Havoc"],"picked":"Body Slam","floor":3.0},{"not_picked":["Inflame","Blood for Blood"],"picked":"Entrench","floor":5.0},{"not_picked":["Pummel","Bloodletting"],"picked":"Dropkick","floor":6.0},{"not_picked":["Havoc","Twin Strike","Infernal Blade"],"picked":"SKIP","floor":8.0},{"not_picked":["Havoc","Twin Strike","Infernal Blade"],"picked":"SKIP","floor":8.0},{"not_picked":["Sword Boomerang","Intimidate","Offering"],"picked":"SKIP","floor":10},{"not_picked":["Flex","Double Tap","Headbutt"],"picked":"SKIP","floor":14}],"player_experience":195320,"relics_obtained":[{"floor":6.0,"key":"Paper Frog"},{"floor":9.0,"key":"Potion Belt"},{"floor":10,"key":"War Paint"},{"floor":14,"key":"Meat on the Bone"}],"event_choices":[{"cards_removed":["Strike_R"],"damage_healed":0,"gold_gain":0,"player_choice":"Forget","damage_taken":0,"max_hp_gain":0,"max_hp_loss":0,"event_name":"Living Wall","floor":11,"gold_loss":0}],"is_beta":false,"boss_relics":[],"items_purged_floors":[],"is_endless":false,"potions_floor_spawned":[3,8,14],"killed_by":"Slime Boss","ascension_level":7}