{"gold_per_floor":[110,122,137,137,137,137,212,212],"floor_reached":8,"playtime":299,"items_purged":[],"score":85,"play_id":"2c668614-ece5-4ba2-918f-1a6173db5ad7","local_time":"20190310201322","is_ascension_mode":true,"campfire_choices":[{"data":"Bash","floor":6,"key":"SMITH"}],"neow_cost":"NONE","seed_source_timestamp":600998339593816,"circlet_count":0,"master_deck":["AscendersBane","Strike_R","Strike_R","Strike_R","Strike_R","Strike_R","Defend_R","Defend_R","Defend_R","Defend_R","Bash+1","Decay","Pain","Warcry","Metallicize","Injury"],"special_seed":0,"relics":["Calling Bell","Lantern","Meat on the Bone","Charon\u0027s Ashes","Golden Idol"],"potions_floor_usage":[8],"damage_taken":[{"damage":2,"enemies":"Cultist","floor":1,"turns":3},{"damage":16,"enemies":"Jaw Worm","floor":2,"turns":4},{"damage":19,"enemies":"Small Slimes","floor":3,"turns":4},{"damage":41,"enemies":"Lagavulin","floor":8,"turns":5}],"seed_played":"-4382799662116818093","potions_obtained":[{"floor":3,"key":"Weak Potion"}],"is_trial":false,"path_per_floor":["M","M","M","?","?","R","?","E"],"character_chosen":"IRONCLAD","items_purchased":[],"campfire_rested":0,"item_purchase_floors":[],"current_hp_per_floor":[66,50,43,43,43,43,32,0],"gold":212,"neow_bonus":"BOSS_RELIC","is_prod":false,"is_daily":false,"chose_seed":false,"campfire_upgraded":1,"win_rate":0,"timestamp":1552216402,"path_taken":["M","M","M","?","?","R","?","E"],"build_version":"2019-01-23","purchased_purges":0,"victory":false,"max_hp_per_floor":[75,75,75,75,75,75,75,75],"card_choices":[{"not_picked":["Uppercut","Havoc","Anger"],"picked":"SKIP","floor":1},{"not_picked":["Armaments","Clothesline"],"picked":"Warcry","floor":2},{"not_picked":["Clash","Flex"],"picked":"Metallicize","floor":3}],"player_experience":278089,"relics_obtained":[{"floor":0.0,"key":"Lantern"},{"floor":0.0,"key":"Meat on the Bone"},{"floor":0.0,"key":"Charon\u0027s Ashes"}],"event_choices":[{"cards_removed":["Doubt"],"damage_healed":0,"gold_gain":0,"player_choice":"Forget","damage_taken":0,"max_hp_gain":0,"max_hp_loss":0,"event_name":"Living Wall","floor":4,"gold_loss":0},{"damage_healed":0,"gold_gain":0,"player_choice":"Take Wound","damage_taken":0,"relics_obtained":["Golden Idol"],"max_hp_gain":0,"max_hp_loss":0,"event_name":"Golden Idol","floor":5,"gold_loss":0,"cards_obtained":["Injury"]},{"damage_healed":0,"gold_gain":75,"player_choice":"Gather Gold","damage_taken":11,"max_hp_gain":0,"max_hp_loss":0,"event_name":"World of Goop","floor":7,"gold_loss":0}],"is_beta":false,"boss_relics":[],"items_purged_floors":[],"is_endless":false,"potions_floor_spawned":[3],"killed_by":"Lagavulin","ascension_level":17}