{"gold_per_floor":[118,118,193,193,193,229,229,254,279,297,320,22,22,96,96,222,222,240,155,155,174,29,29,55,74,74,74,94,94],"floor_reached":29,"playtime":1467,"items_purged":[],"score":291,"play_id":"c2fac2c8-0f33-4380-bd91-0e4f6839e153","local_time":"20190127144055","is_ascension_mode":true,"campfire_choices":[{"floor":7,"key":"REST"},{"floor":13,"key":"REST"},{"floor":15,"key":"REST"},{"floor":23,"key":"REST"},{"data":"Double Energy","floor":27,"key":"SMITH"}],"neow_cost":"NONE","seed_source_timestamp":2507422134200,"circlet_count":0,"master_deck":["Strike_B","Strike_B","Strike_B","Strike_B","Defend_B","Defend_B","Defend_B+1","Zap","Dualcast","Fusion+1","Sweeping Beam","Tempest","Turbo","Tempest","Double Energy+1","Multi-Cast","Double Energy+1","Defragment+1","Turbo"],"relics":["Cracked Core","Bloody Idol","Pear","Centennial Puzzle","War Paint","Mango","Tiny Chest","Unceasing Top","Bag of Marbles","Girya"],"potions_floor_usage":[6,11,11,16,18,25,28,29],"damage_taken":[{"damage":2,"enemies":"Jaw Worm","floor":1,"turns":3},{"damage":51,"enemies":"Lagavulin","floor":6,"turns":6},{"damage":8,"enemies":"2 Louse","floor":8,"turns":2},{"damage":0,"enemies":"Cultist","floor":10,"turns":3},{"damage":13,"enemies":"Large Slime","floor":11,"turns":3},{"damage":32,"enemies":"3 Sentries","floor":14,"turns":6},{"damage":17,"enemies":"Slime Boss","floor":16,"turns":8},{"damage":25,"enemies":"2 Thieves","floor":18,"turns":3},{"damage":38,"enemies":"Shell Parasite","floor":21,"turns":6},{"damage":4,"enemies":"Centurion and Healer","floor":25,"turns":3},{"damage":20,"enemies":"Snecko","floor":28,"turns":4},{"damage":65,"enemies":"Gremlin Leader","floor":29,"turns":6}],"seed_played":"103868599587786008","potions_obtained":[{"floor":1,"key":"FocusPotion"},{"floor":6,"key":"PowerPotion"},{"floor":8,"key":"Regen Potion"},{"floor":14,"key":"SteroidPotion"},{"floor":16,"key":"Energy Potion"},{"floor":21,"key":"Weak Potion"},{"floor":25,"key":"SpeedPotion"}],"is_trial":false,"path_per_floor":["M","?","?","T","?","E","R","M","T","M","M","$","R","E","R","B",null,"M","?","?","M","$","R","T","M","T","R","M","E"],"character_chosen":"DEFECT","items_purchased":["Mango","Turbo","Fire Potion","Swift Potion"],"campfire_rested":4,"item_purchase_floors":[12,22,22,22],"current_hp_per_floor":[80,76,65,75,68,17,42,34,34,34,30,44,74,42,72,55,100,75,75,75,42,42,72,77,78,78,78,63,0],"gold":94,"neow_bonus":"TEN_PERCENT_HP_BONUS","is_prod":false,"is_daily":false,"chose_seed":false,"campfire_upgraded":1,"win_rate":0,"timestamp":1548596455,"path_taken":["M","?","?","?","?","E","R","M","T","?","?","$","R","E","R","BOSS","M","?","?","M","$","R","?","M","T","R","?","E"],"build_version":"2019-01-23","purchased_purges":0,"victory":false,"max_hp_per_floor":[82,76,76,86,86,86,86,86,86,86,86,100,100,100,100,100,100,100,100,100,100,100,100,100,100,100,100,100,100],"card_choices":[{"not_picked":["Redo","Hologram"],"picked":"Fusion","floor":1},{"not_picked":["Barrage","Doom and Gloom"],"picked":"Sweeping Beam","floor":6},{"not_picked":["Sweeping Beam","Beam Cell"],"picked":"Tempest","floor":8},{"not_picked":["Coolheaded","Redo"],"picked":"Turbo","floor":10},{"not_picked":["Auto Shields","Hologram"],"picked":"Tempest","floor":11},{"not_picked":["Glacier","Reinforced Body"],"picked":"Double Energy","floor":14},{"not_picked":["Seek","Creative AI"],"picked":"Multi-Cast","floor":16},{"not_picked":["Force Field","Gash"],"picked":"Double Energy+1","floor":18},{"not_picked":["Beam Cell","Self Repair"],"picked":"Defragment+1","floor":21},{"not_picked":["Rebound","Ball Lightning","Consume"],"picked":"SKIP","floor":25},{"not_picked":["Compile Driver","Gash+1","Cold Snap+1"],"picked":"SKIP","floor":28}],"player_experience":297272,"relics_obtained":[{"floor":4,"key":"Pear"},{"floor":6,"key":"Centennial Puzzle"},{"floor":9,"key":"War Paint"},{"floor":14,"key":"Tiny Chest"},{"floor":24,"key":"Bag of Marbles"},{"floor":26,"key":"Girya"}],"event_choices":[{"damage_healed":0,"gold_gain":0,"player_choice":"Lose Max HP","damage_taken":0,"relics_obtained":["Golden Idol"],"max_hp_gain":0,"max_hp_loss":6,"event_name":"Golden Idol","floor":2,"gold_loss":0},{"damage_healed":0,"gold_gain":75,"player_choice":"Gather Gold","damage_taken":11,"max_hp_gain":0,"max_hp_loss":0,"event_name":"World of Goop","floor":3,"gold_loss":0},{"cards_removed":["Defend_B"],"damage_healed":0,"gold_gain":0,"player_choice":"Card Removal","damage_taken":7,"max_hp_gain":0,"max_hp_loss":0,"event_name":"Golden Wing","floor":5,"gold_loss":0},{"damage_healed":0,"gold_gain":0,"player_choice":"Obtained Relic","damage_taken":0,"relics_obtained":["Unceasing Top"],"max_hp_gain":0,"max_hp_loss":0,"event_name":"Addict","floor":19,"gold_loss":85},{"damage_healed":0,"gold_gain":0,"player_choice":"Gave Idol","damage_taken":0,"relics_obtained":["Bloody Idol"],"max_hp_gain":0,"max_hp_loss":0,"event_name":"Forgotten Altar","floor":20,"relics_lost":["Golden Idol"],"gold_loss":0}],"is_beta":false,"boss_relics":[{"not_picked":["Astrolabe","Cursed Key","Philosopher\u0027s Stone"]}],"items_purged_floors":[],"is_endless":false,"potions_floor_spawned":[1,6,8,14,16,21,25],"killed_by":"Gremlin Leader","ascension_level":3}