{"gold_per_floor":[114,114,130,280,280,280,580,334,358,372,372,128,145,179,179,258,258,271,288,288,288,288,288,288],"floor_reached":24,"playtime":675,"items_purged":["Defend_B"],"score":365,"play_id":"cb3743a5-8836-426a-b3a4-7451d4049b49","local_time":"20190303204143","is_ascension_mode":true,"campfire_choices":[{"floor":6.0,"key":"REST"},{"floor":11.0,"key":"REST"},{"floor":15.0,"key":"REST"},{"floor":23,"key":"REST"}],"neow_cost":"PERCENT_DAMAGE","seed_source_timestamp":173620436879760,"circlet_count":0,"master_deck":["AscendersBane","Defend_B","Defend_B","Defend_B","Zap","Dualcast","Enlightenment","Purity","Hologram","Darkness","Ball Lightning","Cold Snap","Apotheosis","Gash","Beam Cell","Biased Cognition","Leap","Meteor Strike","Thunder Strike+1","Coolheaded+1","Defragment","Ball Lightning"],"special_seed":0,"relics":["Cracked Core","Old Coin","Dream Catcher","DataDisk","Art of War","Astrolabe","Nilry\u0027s Codex"],"potions_floor_usage":[],"damage_taken":[{"damage":14.0,"enemies":"Jaw Worm","floor":1.0,"turns":4.0},{"damage":1.0,"enemies":"Cultist","floor":3.0,"turns":3.0},{"damage":0.0,"enemies":"2 Louse","floor":10.0,"turns":2.0},{"damage":5.0,"enemies":"Blue Slaver","floor":13.0,"turns":3.0},{"damage":14.0,"enemies":"Gremlin Nob","floor":14.0,"turns":3.0},{"damage":29.0,"enemies":"Hexaghost","floor":16.0,"turns":6.0},{"damage":1.0,"enemies":"Chosen","floor":18.0,"turns":4.0},{"damage":42,"enemies":"3 Byrds","floor":19,"turns":4},{"damage":38,"enemies":"3 Cultists","floor":24,"turns":3}],"seed_played":"-452617277452435227","potions_obtained":[{"floor":1.0,"key":"SkillPotion"},{"floor":10.0,"key":"Regen Potion"}],"is_trial":false,"path_per_floor":["M","?","M","?","?","R","T","$","T","M","R","$","M","E","R","B",null,"M","M","?","?","?","R","M"],"character_chosen":"DEFECT","items_purchased":["Dream Catcher","Apotheosis","Gash"],"campfire_rested":4,"item_purchase_floors":[8,12,12],"current_hp_per_floor":[32,32,31,31,24,45,45,45,45,45,66,66,61,47,68,51,66,65,23,37,37,16,37,0],"gold":288,"neow_bonus":"RANDOM_COLORLESS_2","is_prod":false,"is_daily":false,"chose_seed":false,"campfire_upgraded":0,"win_rate":0,"timestamp":1551663703,"path_taken":["M","?","?","?","?","R","?","$","T","M","R","$","?","E","R","BOSS","M","M","?","?","?","R","M"],"build_version":"2019-01-23","purchased_purges":1,"victory":false,"max_hp_per_floor":[71,71,71,71,71,71,71,71,71,71,71,71,71,71,71,71,71,71,71,71,71,71,71,71],"card_choices":[{"not_picked":["Skim","Barrage"],"picked":"Hologram","floor":1.0},{"not_picked":["Skim","White Noise"],"picked":"Darkness","floor":3.0},{"not_picked":["Chaos","Barrage"],"picked":"Ball Lightning","floor":10.0},{"not_picked":["Self Repair","Darkness"],"picked":"Cold Snap","floor":11.0},{"not_picked":["Redo","Double Energy"],"picked":"Beam Cell","floor":13.0},{"not_picked":["Genetic Algorithm","Conserve Battery"],"picked":"Biased Cognition","floor":14.0},{"not_picked":["Hello World","Redo"],"picked":"Leap","floor":15.0},{"not_picked":["Seek","Rainbow"],"picked":"Meteor Strike","floor":16.0},{"not_picked":["Go for the Eyes","Double Energy+1"],"picked":"Defragment","floor":18},{"not_picked":["Static Discharge","Barrage","Conserve Battery"],"picked":"SKIP","floor":19},{"not_picked":["Hologram","Stack"],"picked":"Ball Lightning","floor":23}],"player_experience":519358,"relics_obtained":[{"floor":7.0,"key":"Old Coin"},{"floor":9.0,"key":"DataDisk"},{"floor":14.0,"key":"Art of War"},{"floor":22,"key":"Nilry\u0027s Codex"}],"event_choices":[{"cards_removed":["Strike_B"],"damage_healed":0.0,"max_hp_gain":0.0,"max_hp_loss":0.0,"gold_gain":0.0,"event_name":"Bonfire Elementals","player_choice":"Offered Basic","floor":2.0,"gold_loss":0.0,"damage_taken":0.0},{"damage_healed":0.0,"max_hp_gain":0.0,"max_hp_loss":0.0,"gold_gain":150.0,"event_name":"Liars Game","player_choice":"AGREE","floor":4.0,"gold_loss":0.0,"damage_taken":0.0,"cards_obtained":["Doubt"]},{"cards_removed":["Doubt"],"damage_healed":0.0,"max_hp_gain":0.0,"max_hp_loss":0.0,"gold_gain":0.0,"event_name":"Golden Wing","player_choice":"Card Removal","floor":5.0,"gold_loss":0.0,"damage_taken":7.0},{"damage_healed":14,"gold_gain":0,"player_choice":"Heal","damage_taken":0,"max_hp_gain":0,"max_hp_loss":0,"event_name":"The Library","floor":20,"gold_loss":0},{"cards_removed":["Recycle"],"damage_healed":0,"gold_gain":0,"player_choice":"Elegance","damage_taken":0,"max_hp_gain":0,"max_hp_loss":0,"event_name":"Back to Basics","floor":21,"gold_loss":0},{"damage_healed":0,"gold_gain":0,"player_choice":"Obtained Book","damage_taken":21,"max_hp_gain":0,"max_hp_loss":0,"event_name":"Cursed Tome","floor":22,"gold_loss":0}],"is_beta":false,"boss_relics":[{"not_picked":["Cursed Key","Busted Crown"],"picked":"Astrolabe"}],"items_purged_floors":[8],"is_endless":false,"potions_floor_spawned":[1,10],"killed_by":"3 Cultists","ascension_level":18}