{"gold_per_floor":[115,115,7,7,0,0,17,47,47,47,58,77,77,2,2,79,79,93,93,93,93,93],"floor_reached":22,"playtime":673,"items_purged":[],"score":410,"play_id":"4c7340b7-cfdd-4e7c-bcd1-ce6c9d30ee49","local_time":"20190309164652","is_ascension_mode":true,"campfire_choices":[{"data":"Poisoned Stab","floor":6,"key":"SMITH"},{"data":"Cloak And Dagger","floor":10,"key":"SMITH"},{"data":"Blur","floor":13,"key":"SMITH"},{"data":"Bane","floor":15,"key":"SMITH"}],"neow_cost":"NONE","seed_source_timestamp":215645451285278,"circlet_count":0,"master_deck":["AscendersBane","Defend_G","Defend_G","Defend_G","Defend_G","Defend_G","Strike_G+1","Strike_G","Strike_G","Strike_G","Strike_G+1","Survivor","Neutralize+1","Poisoned Stab+1","Finesse","Calculated Gamble","Cloak And Dagger+1","Bane+1","Blur+1","Well Laid Plans","Burst","Backflip"],"relics":["Ring of the Snake","NeowsBlessing","Ginger","Paper Crane","Fusion Hammer","Pantograph"],"potions_floor_usage":[16,20],"damage_taken":[{"damage":0,"enemies":"Cultist","floor":1,"turns":1},{"damage":0,"enemies":"2 Louse","floor":7,"turns":1},{"damage":0,"enemies":"Gremlin Nob","floor":8,"turns":1},{"damage":0,"enemies":"Jaw Worm","floor":11,"turns":2},{"damage":1,"enemies":"3 Louse","floor":12,"turns":3},{"damage":20,"enemies":"Hexaghost","floor":16,"turns":14},{"damage":15,"enemies":"Spheric Guardian","floor":18,"turns":5},{"damage":8,"enemies":"Colosseum Slavers","floor":20,"turns":6},{"damage":13,"enemies":"Chosen","floor":22,"turns":4}],"seed_played":"-2045971455191581669","potions_obtained":[{"floor":7,"key":"Dexterity Potion"},{"floor":12,"key":"Block Potion"}],"is_trial":false,"path_per_floor":["M","?","$","?","?","R","M","E","T","R","M","M","R","$","R","B",null,"M","?","?","T","M"],"character_chosen":"THE_SILENT","items_purchased":["Finesse","Well Laid Plans"],"campfire_rested":0,"item_purchase_floors":[3,14],"current_hp_per_floor":[59,59,59,39,39,39,39,39,39,39,39,38,38,38,38,18,54,39,21,13,13,0],"gold":93,"neow_bonus":"THREE_ENEMY_KILL","is_prod":false,"is_daily":false,"chose_seed":false,"campfire_upgraded":4,"win_rate":0,"timestamp":1552117612,"path_taken":["M","?","$","?","?","R","M","E","T","R","M","M","R","?","R","BOSS","M","?","?","?","?"],"build_version":"2019-01-23","purchased_purges":0,"victory":false,"max_hp_per_floor":[66,66,66,66,66,66,66,66,66,66,66,66,66,66,66,66,66,66,71,71,71,71],"card_choices":[{"not_picked":["Bane","Blade Dance"],"picked":"Poisoned Stab","floor":1},{"not_picked":["Poisoned Stab","Slice"],"picked":"Calculated Gamble","floor":7},{"not_picked":["Setup","Endless Agony"],"picked":"Cloak And Dagger","floor":8},{"not_picked":["Deadly Poison","Acrobatics"],"picked":"Bane","floor":11},{"not_picked":["Deflect","Caltrops"],"picked":"Blur","floor":12},{"not_picked":["Venomology","Adrenaline"],"picked":"Burst","floor":16},{"not_picked":["Underhanded Strike","Well Laid Plans"],"picked":"Backflip","floor":18}],"player_experience":661138,"relics_obtained":[{"floor":8,"key":"Ginger"},{"floor":9,"key":"Paper Crane"},{"floor":21,"key":"Pantograph"}],"event_choices":[{"damage_healed":0,"gold_gain":0,"player_choice":"Grow","damage_taken":0,"max_hp_gain":0,"max_hp_loss":0,"event_name":"Living Wall","floor":2,"gold_loss":0,"cards_upgraded":["Neutralize"]},{"damage_healed":0,"gold_gain":0,"player_choice":"Entered Light","damage_taken":20,"max_hp_gain":0,"max_hp_loss":0,"event_name":"Shining Light","floor":4,"gold_loss":0,"cards_upgraded":["Strike_G","Strike_G"]},{"damage_healed":0,"gold_gain":0,"player_choice":"Left Gold","damage_taken":0,"max_hp_gain":0,"max_hp_loss":0,"event_name":"World of Goop","floor":5,"gold_loss":7},{"damage_healed":0,"gold_gain":0,"player_choice":"Shed Blood","damage_taken":23,"max_hp_gain":5,"max_hp_loss":0,"event_name":"Forgotten Altar","floor":19,"gold_loss":0},{"damage_healed":0,"gold_gain":0,"player_choice":"Fight","damage_taken":0,"max_hp_gain":0,"max_hp_loss":0,"event_name":"Colosseum","floor":20,"gold_loss":0},{"damage_healed":0,"gold_gain":0,"player_choice":"Fled From Nobs","damage_taken":0,"max_hp_gain":0,"max_hp_loss":0,"event_name":"Colosseum","floor":20,"gold_loss":0}],"is_beta":false,"boss_relics":[{"not_picked":["Orrery","Pandora\u0027s Box"],"picked":"Fusion Hammer"}],"items_purged_floors":[],"is_endless":false,"potions_floor_spawned":[7,12,20],"killed_by":"Chosen","ascension_level":20}