{"gold_per_floor":[118,135,151,161,49,49,75,75,98,98,109,109,109,9,9,81,81,97,97,114,39,39,66,66,94,118,118,132,132,149,163,163,238,238,250,250,250,81,81,108,108,141,193,193,221,221,240,240,240,240,240,240,240,10,42,42],"floor_reached":57,"playtime":5134,"items_purged":["Strike_G","Strike_G","Strike_G"],"score":2752,"play_id":"5acd605e-bbac-4bbd-8e1d-639214e93fbf","local_time":"20190321210700","is_ascension_mode":true,"campfire_choices":[{"data":"Dagger Spray","floor":6.0,"key":"SMITH"},{"data":"Neutralize","floor":8.0,"key":"SMITH"},{"floor":10.0,"key":"REST"},{"data":"Deadly Poison","floor":15.0,"key":"SMITH"},{"floor":24.0,"key":"REST"},{"floor":27.0,"key":"REST"},{"data":"Flechettes","floor":29.0,"key":"SMITH"},{"data":"Venomology","floor":32.0,"key":"SMITH"},{"data":"Noxious Fumes","floor":41.0,"key":"SMITH"},{"floor":44.0,"key":"REST"},{"floor":46.0,"key":"RECALL"},{"floor":49.0,"key":"REST"},{"floor":53.0,"key":"REST"}],"neow_cost":"TEN_PERCENT_HP_LOSS","seed_source_timestamp":86615707151,"circlet_count":0,"master_deck":["AscendersBane","Defend_G","Defend_G","Defend_G","Defend_G","Defend_G","Survivor","Neutralize+1","Venomology+1","Cloak And Dagger","Dagger Spray+1","Bouncing Flask","Deadly Poison+1","Well Laid Plans","Night Terror","Leg Sweep","Malaise","Flechettes+1","Crippling Poison+1","Dodge and Roll","Noxious Fumes+1","Tactician+1","Dark Shackles","Footwork"],"special_seed":0,"relics":["Ring of the Snake","Art of War","Lantern","Velvet Choker","Regal Pillow","Letter Opener","PreservedInsect","Runic Pyramid","Oddly Smooth Stone","Darkstone Periapt","Centennial Puzzle","Bronze Scales","Omamori","Bottled Lightning"],"potions_floor_usage":[56,56,56],"damage_taken":[{"damage":0.0,"enemies":"2 Louse","floor":1.0,"turns":3.0},{"damage":1.0,"enemies":"Small Slimes","floor":2.0,"turns":4.0},{"damage":5.0,"enemies":"Jaw Worm","floor":3.0,"turns":5.0},{"damage":5.0,"enemies":"2 Fungi Beasts","floor":4.0,"turns":3.0},{"damage":31.0,"enemies":"3 Sentries","floor":7.0,"turns":10.0},{"damage":0.0,"enemies":"Gremlin Gang","floor":11.0,"turns":3.0},{"damage":27.0,"enemies":"The Guardian","floor":16.0,"turns":10.0},{"damage":10.0,"enemies":"2 Thieves","floor":18.0,"turns":5.0},{"damage":0.0,"enemies":"Chosen","floor":20.0,"turns":6.0},{"damage":39.0,"enemies":"Gremlin Leader","floor":23.0,"turns":7.0},{"damage":20.0,"enemies":"Slavers","floor":25.0,"turns":7.0},{"damage":2.0,"enemies":"Snake Plant","floor":28.0,"turns":6.0},{"damage":8.0,"enemies":"Chosen and Byrds","floor":30.0,"turns":7.0},{"damage":0.0,"enemies":"3 Cultists","floor":31.0,"turns":4.0},{"damage":29.0,"enemies":"Collector","floor":33.0,"turns":11.0},{"damage":0.0,"enemies":"3 Shapes","floor":35.0,"turns":4.0},{"damage":0.0,"enemies":"3 Darklings","floor":37.0,"turns":1.0},{"damage":17.0,"enemies":"Reptomancer","floor":40.0,"turns":6.0},{"damage":41.0,"enemies":"Nemesis","floor":42.0,"turns":9.0},{"damage":25.0,"enemies":"Giant Head","floor":45.0,"turns":7.0},{"damage":2.0,"enemies":"Spire Growth","floor":47.0,"turns":5.0},{"damage":53.0,"enemies":"Time Eater","floor":50.0,"turns":13.0},{"damage":25.0,"enemies":"Awakened One","floor":51.0,"turns":23.0},{"damage":39.0,"enemies":"Shield and Spear","floor":55.0,"turns":8.0},{"damage":35,"enemies":"The Heart","floor":56,"turns":14}],"seed_played":"-4750004188023404206","potions_obtained":[{"floor":1.0,"key":"Block Potion"},{"floor":16.0,"key":"GamblersBrew"},{"floor":18.0,"key":"Dexterity Potion"},{"floor":28.0,"key":"SteroidPotion"},{"floor":31.0,"key":"Dexterity Potion"},{"floor":33.0,"key":"Explosive Potion"},{"floor":42.0,"key":"FearPotion"}],"is_trial":false,"path_per_floor":["M","M","M","M","$","R","E","R","T","R","M","?","?","$","R","B",null,"M","?","M","?","?","E","R","E","T","R","M","R","M","M","R","B",null,"M","?","M","$","?","E","R","E","T","R","E","R","M","?","R","B","B",null,"R","$","E","B",null],"character_chosen":"THE_SILENT","items_purchased":["Well Laid Plans","Oddly Smooth Stone","Dark Shackles"],"campfire_rested":6,"item_purchase_floors":[5,38,54],"current_hp_per_floor":[59,58,53,48,48,48,17,17,17,35,35,35,40,40,40,13,52,42,42,42,42,42,3,37,17,17,51,49,49,41,41,41,12,52,52,52,52,52,75,58,58,17,17,54,29,29,27,27,64,11,3,57,75,75,36,1],"gold":42,"neow_bonus":"THREE_RARE_CARDS","is_prod":false,"is_daily":false,"chose_seed":false,"campfire_upgraded":6,"win_rate":0,"timestamp":1553227620,"path_taken":["M","M","M","M","$","R","E","R","T","R","M","?","?","?","R","BOSS","M","?","?","?","?","E","R","E","T","R","M","R","M","?","R","BOSS","M","?","?","$","?","E","R","E","T","R","E","R","?","?","R","BOSS","BOSS","R","$","E","BOSS"],"build_version":"2019-03-15","purchased_purges":3,"victory":true,"max_hp_per_floor":[60,60,60,60,60,60,60,60,60,60,60,60,65,65,65,65,65,65,65,65,65,65,65,65,65,65,65,65,65,65,65,65,65,65,65,65,65,65,75,75,75,75,75,75,75,75,75,75,75,75,75,75,75,75,75,75],"card_choices":[{"not_picked":["Burst","Bullet Time"],"picked":"Venomology","floor":0.0},{"not_picked":["Sucker Punch","Tactician"],"picked":"Cloak And Dagger","floor":1.0},{"not_picked":["Bane","Concentrate"],"picked":"Dagger Spray","floor":2.0},{"not_picked":["Prepared","Slice"],"picked":"Bouncing Flask","floor":3.0},{"not_picked":["Blur","Caltrops"],"picked":"Deadly Poison","floor":4.0},{"not_picked":["Predator","Backstab"],"picked":"Night Terror","floor":7.0},{"not_picked":["Bane","Finisher"],"picked":"Leg Sweep","floor":11.0},{"not_picked":["A Thousand Cuts","Wraith Form v2"],"picked":"Malaise","floor":16.0},{"not_picked":["Dagger Throw","Setup"],"picked":"Flechettes","floor":18.0},{"not_picked":["Bouncing Flask","Slice","Sucker Punch"],"picked":"SKIP","floor":20.0},{"not_picked":["Sucker Punch","Tactician","Skewer"],"picked":"SKIP","floor":23.0},{"not_picked":["Leg Sweep","Bane+1"],"picked":"Crippling Poison+1","floor":25.0},{"not_picked":["Quick Slash","Blade Dance","Flechettes"],"picked":"SKIP","floor":28.0},{"not_picked":["Quick Slash","Calculated Gamble"],"picked":"Dodge and Roll","floor":30.0},{"not_picked":["Predator","Quick Slash","Deadly Poison"],"picked":"SKIP","floor":31.0},{"not_picked":["Wraith Form v2","Glass Knife"],"picked":"Adrenaline","floor":33.0},{"not_picked":["Blade Dance","Acrobatics","Poisoned Stab"],"picked":"SKIP","floor":35.0},{"not_picked":["Tools of the Trade","Footwork"],"picked":"Noxious Fumes","floor":40.0},{"not_picked":["Bouncing Flask","Flying Knee+1","Poisoned Stab"],"picked":"SKIP","floor":42.0},{"not_picked":["Dagger Spray","Riddle With Holes+1"],"picked":"Tactician+1","floor":45.0},{"not_picked":["Dagger Spray","Flechettes","Bane"],"picked":"SKIP","floor":47.0},{"not_picked":["Prepared","Unload"],"picked":"Footwork","floor":55.0}],"player_experience":1393025,"relics_obtained":[{"floor":7.0,"key":"Art of War"},{"floor":9.0,"key":"Lantern"},{"floor":22.0,"key":"Regal Pillow"},{"floor":23.0,"key":"Letter Opener"},{"floor":25.0,"key":"PreservedInsect"},{"floor":40.0,"key":"Darkstone Periapt"},{"floor":42.0,"key":"Centennial Puzzle"},{"floor":43.0,"key":"Bronze Scales"},{"floor":45.0,"key":"Omamori"},{"floor":55.0,"key":"Bottled Lightning"}],"event_choices":[{"damage_healed":0.0,"max_hp_gain":0.0,"max_hp_loss":0.0,"gold_gain":0.0,"event_name":"Liars Game","player_choice":"Ignored","floor":12.0,"gold_loss":0.0,"damage_taken":0.0},{"damage_healed":0.0,"max_hp_gain":5.0,"max_hp_loss":0.0,"gold_gain":0.0,"event_name":"Big Fish","player_choice":"Donut","floor":13.0,"gold_loss":0.0,"damage_taken":0.0},{"cards_removed":["Strike_G"],"damage_healed":0.0,"max_hp_gain":0.0,"max_hp_loss":0.0,"gold_gain":0.0,"event_name":"Purifier","player_choice":"Purged","floor":19.0,"gold_loss":0.0,"damage_taken":0.0},{"cards_removed":["Strike_G"],"damage_healed":0.0,"max_hp_gain":0.0,"max_hp_loss":0.0,"gold_gain":0.0,"event_name":"Beggar","player_choice":"Gave Gold","floor":21.0,"gold_loss":75.0,"damage_taken":0.0},{"damage_healed":0.0,"max_hp_gain":0.0,"max_hp_loss":0.0,"gold_gain":0.0,"event_name":"Wheel of Change","player_choice":"Relic","floor":22.0,"gold_loss":0.0,"damage_taken":0.0},{"damage_healed":0.0,"max_hp_gain":0.0,"max_hp_loss":0.0,"gold_gain":0.0,"event_name":"SecretPortal","player_choice":"Ignored","floor":36.0,"gold_loss":0.0,"damage_taken":0.0},{"cards_removed":["Adrenaline"],"damage_healed":13.0,"max_hp_gain":10.0,"max_hp_loss":0.0,"gold_gain":0.0,"event_name":"Bonfire Elementals","player_choice":"Offered Rare","floor":39.0,"gold_loss":0.0,"damage_taken":0.0},{"damage_healed":0.0,"max_hp_gain":0.0,"max_hp_loss":0.0,"gold_gain":0.0,"event_name":"Tomb of Lord Red Mask","player_choice":"Ignored","floor":48.0,"gold_loss":0.0,"damage_taken":0.0}],"is_beta":true,"boss_relics":[{"not_picked":["Astrolabe","Cursed Key"],"picked":"Velvet Choker"},{"not_picked":["Eternal Feather","Pandora\u0027s Box"],"picked":"Runic Pyramid"}],"items_purged_floors":[5,14,54],"is_endless":false,"potions_floor_spawned":[1,3,16,18,28,31,33,42,47,55],"ascension_level":20}