{"gold_per_floor":[144,189,69,114,14,59,59,149,174,174,219,309,309,354,354,654,654,699,699,714,89,134,134,179,179,204,54,54,54,54,99,99,399,399,444,489,39,84,129,129,219,219,219,264,309,11,56,56,56,56],"floor_reached":50,"playtime":3549,"items_purged":["Expertise","Expertise","Expertise","Expertise"],"score":511,"play_id":"007d101f-7613-499c-8b17-0fee85b49173","local_time":"20190125002404","daily_mods":["Specialized","Green Cards","Midas"],"is_ascension_mode":false,"campfire_choices":[{"floor":7.0,"key":"REST"},{"floor":10.0,"key":"REST"},{"floor":15,"key":"REST"},{"floor":23,"key":"REST"},{"floor":25,"key":"REST"},{"floor":32,"key":"DIG"},{"floor":40,"key":"REST"},{"floor":49,"key":"DIG"}],"neow_cost":"","seed_source_timestamp":0,"circlet_count":0,"master_deck":["Strike_B+1","Strike_B+1","Strike_B+1","Strike_B+1","Defend_B+1","Defend_B+1","Defend_B+1","Defend_B+1","Zap+1","Dualcast+1","Expertise+1","Static Discharge+1","Conserve Battery+1","Genetic Algorithm+1","Redo+1","Adrenaline+1","Doom and Gloom+1","Echo Form+1","Redo+1","Malaise+1","Tempest+1","Melter+1","Darkness+1","Machine Learning+1","Conserve Battery+1","Amplify+1","Aggregate+1","Darkness+1","Ball Lightning+1","Darkness+1","Noxious Fumes+1"],"special_seed":17920,"relics":["Cracked Core","Du-Vu Doll","Happy Flower","Shovel","White Beast Statue","Strange Spoon","Vajra","PreservedInsect","Bronze Scales","Anchor","Lizard Tail","Chemical X","Meat on the Bone","Emotion Chip","Pantograph","Lantern","Mark of the Bloom","Boot"],"potions_floor_usage":[16,22,33,39,47,47,50],"damage_taken":[{"damage":11.0,"enemies":"Jaw Worm","floor":1.0,"turns":7.0},{"damage":10.0,"enemies":"Cultist","floor":2.0,"turns":4.0},{"damage":0.0,"enemies":"Small Slimes","floor":4.0,"turns":4.0},{"damage":10.0,"enemies":"3 Louse","floor":6.0,"turns":5.0},{"damage":21.0,"enemies":"3 Sentries","floor":8.0,"turns":6.0},{"damage":14.0,"enemies":"Lots of Slimes","floor":11.0,"turns":4.0},{"damage":32.0,"enemies":"Gremlin Nob","floor":12.0,"turns":4.0},{"damage":2,"enemies":"Blue Slaver","floor":14,"turns":4},{"damage":36,"enemies":"The Guardian","floor":16,"turns":10},{"damage":9,"enemies":"3 Byrds","floor":18,"turns":2},{"damage":17,"enemies":"2 Thieves","floor":20,"turns":4},{"damage":13,"enemies":"Centurion and Healer","floor":22,"turns":6},{"damage":36,"enemies":"3 Cultists","floor":24,"turns":5},{"damage":8,"enemies":"Snecko","floor":31,"turns":4},{"damage":33,"enemies":"Champ","floor":33,"turns":11},{"damage":6,"enemies":"3 Shapes","floor":35,"turns":5},{"damage":15,"enemies":"Orb Walker","floor":36,"turns":6},{"damage":35,"enemies":"Writhing Mass","floor":38,"turns":6},{"damage":14,"enemies":"4 Shapes","floor":39,"turns":5},{"damage":3,"enemies":"Nemesis","floor":41,"turns":7},{"damage":26,"enemies":"Jaw Worm Horde","floor":44,"turns":6},{"damage":10,"enemies":"Maw","floor":45,"turns":7},{"damage":4,"enemies":"Transient","floor":47,"turns":5},{"damage":63,"enemies":"Donu and Deca","floor":50,"turns":6}],"seed_played":"5878124087660540128","potions_obtained":[{"floor":1.0,"key":"Energy Potion"},{"floor":2.0,"key":"SteroidPotion"},{"floor":4.0,"key":"EssenceOfSteel"},{"floor":8.0,"key":"SteroidPotion"},{"floor":11.0,"key":"SpeedPotion"},{"floor":18,"key":"Fire Potion"},{"floor":20,"key":"Fruit Juice"},{"floor":22,"key":"FearPotion"},{"floor":24,"key":"Strength Potion"},{"floor":31,"key":"Explosive Potion"},{"floor":33,"key":"Swift Potion"},{"floor":39,"key":"FocusPotion"},{"floor":41,"key":"Ancient Potion"},{"floor":47,"key":"LiquidBronze"}],"is_trial":false,"path_per_floor":["M","M","$","M","$","M","R","E","T","R","M","E","?","M","R","B",null,"M","?","M","$","M","R","M","R","T","$","?","?","$","M","R","B",null,"M","M","$","M","M","R","E","?","T","M","M","$","M","?","R","B"],"character_chosen":"DEFECT","items_purchased":["Conserve Battery","Strange Spoon","Vajra","PreservedInsect","Chemical X","Meat on the Bone","Lantern","Darkness","Noxious Fumes"],"campfire_rested":6,"item_purchase_floors":[3,21,21,21,37,37,46,46,46],"current_hp_per_floor":[64,54,54,54,54,44,66,45,45,67,53,21,21,19,41,5,75,66,66,49,49,41,65,29,53,53,53,53,80,80,72,72,39,80,74,59,59,36,34,58,55,55,55,41,43,43,51,51,51,0],"gold":56,"neow_bonus":"","is_prod":false,"is_daily":true,"chose_seed":false,"campfire_upgraded":0,"win_rate":0,"timestamp":1548372244,"path_taken":["M","M","$","M","$","M","R","E","T","R","M","E","?","M","R","BOSS","M","?","?","?","M","R","M","R","T","$","?","?","$","M","R","BOSS","M","M","$","M","?","R","E","?","T","M","M","$","M","?","R","BOSS"],"build_version":"2019-01-23","purchased_purges":4,"victory":false,"max_hp_per_floor":[75,75,75,75,75,75,75,75,75,75,75,75,75,75,75,75,75,75,75,75,75,80,80,80,80,80,80,80,80,80,80,80,80,80,80,80,80,80,80,80,80,80,80,80,80,80,80,80,80,80],"card_choices":[{"not_picked":["Prepared","Tactician"],"picked":"Blizzard","floor":1.0},{"not_picked":["Flechettes","Beam Cell"],"picked":"Static Discharge","floor":2.0},{"not_picked":["Chaos","Underhanded Strike"],"picked":"Genetic Algorithm","floor":4.0},{"not_picked":["Riddle With Holes","Flying Knee"],"picked":"Redo","floor":6.0},{"not_picked":["Flying Knee","Wraith Form v2"],"picked":"Adrenaline","floor":8.0},{"not_picked":["Consume","Gash"],"picked":"Doom and Gloom","floor":11.0},{"not_picked":["Streamline","Sucker Punch"],"picked":"Echo Form","floor":12.0},{"not_picked":["Heatsinks","Turbo"],"picked":"Redo","floor":14},{"not_picked":["Biased Cognition","Seek"],"picked":"Malaise","floor":16},{"not_picked":["Reflex","Beam Cell"],"picked":"Tempest","floor":18},{"not_picked":["Streamline","FTL"],"picked":"Melter+1","floor":20},{"not_picked":["Prepared+1","Deflect"],"picked":"Darkness","floor":22},{"not_picked":["Dagger Spray","Sweeping Beam"],"picked":"Machine Learning","floor":24},{"not_picked":["Quick Slash","Reinforced Body"],"picked":"Conserve Battery+1","floor":31},{"not_picked":["Doppelganger","Meteor Strike"],"picked":"Amplify","floor":33},{"not_picked":["Gash","Finisher+1","Cloak And Dagger"],"picked":"SKIP","floor":35},{"not_picked":["Go for the Eyes","Stack"],"picked":"Aggregate+1","floor":36},{"not_picked":["Deflect","Caltrops","Barrage"],"picked":"SKIP","floor":38},{"not_picked":["Stack","Poisoned Stab+1","Go for the Eyes+1"],"picked":"SKIP","floor":39},{"not_picked":["Stack","Streamline+1"],"picked":"Darkness+1","floor":41},{"not_picked":["Leap","Crippling Poison"],"picked":"Ball Lightning+1","floor":44},{"not_picked":["Dagger Spray","Tempest","Beam Cell"],"picked":"SKIP","floor":45},{"not_picked":["Glacier+1","Scrape+1","Self Repair+1"],"picked":"SKIP","floor":47}],"player_experience":266054,"relics_obtained":[{"floor":8.0,"key":"Du-Vu Doll"},{"floor":9.0,"key":"Happy Flower"},{"floor":12.0,"key":"Shovel"},{"floor":26,"key":"Bronze Scales"},{"floor":32,"key":"Anchor"},{"floor":41,"key":"Emotion Chip"},{"floor":43,"key":"Pantograph"},{"floor":49,"key":"Boot"}],"event_choices":[{"damage_healed":0,"gold_gain":0,"player_choice":"Grow","damage_taken":0,"max_hp_gain":0,"max_hp_loss":0,"event_name":"Living Wall","floor":13,"gold_loss":0,"cards_upgraded":["Echo Form"]},{"damage_healed":0,"gold_gain":0,"player_choice":"0 cards matched","damage_taken":0,"max_hp_gain":0,"max_hp_loss":0,"event_name":"Match and Keep!","floor":19,"gold_loss":0,"cards_obtained":[]},{"damage_healed":0,"gold_gain":0,"player_choice":"Ignored","damage_taken":0,"max_hp_gain":0,"max_hp_loss":0,"event_name":"Ghosts","floor":28,"gold_loss":0},{"cards_removed":["Blizzard"],"damage_healed":27,"gold_gain":0,"player_choice":"Offered Uncommon","damage_taken":0,"max_hp_gain":0,"max_hp_loss":0,"event_name":"Bonfire Elementals","floor":29,"gold_loss":0},{"damage_healed":0,"gold_gain":0,"player_choice":"Ignored","damage_taken":0,"max_hp_gain":0,"max_hp_loss":0,"event_name":"Tomb of Lord Red Mask","floor":42,"gold_loss":0},{"damage_healed":0,"gold_gain":0,"player_choice":"Upgrade","damage_taken":0,"relics_obtained":["Mark of the Bloom"],"max_hp_gain":0,"max_hp_loss":0,"event_name":"MindBloom","floor":48,"gold_loss":0,"cards_upgraded":["Strike_B","Strike_B","Strike_B","Strike_B","Defend_B","Defend_B","Defend_B","Defend_B","Zap","Dualcast","Expertise","Static Discharge","Conserve Battery","Genetic Algorithm","Redo","Adrenaline","Doom and Gloom","Redo","Malaise","Tempest","Darkness","Machine Learning","Amplify","Darkness","Noxious Fumes"]}],"is_beta":false,"boss_relics":[{"not_picked":["Black Star","Pandora\u0027s Box"],"picked":"White Beast Statue"},{"not_picked":["Inserter","Astrolabe"],"picked":"Lizard Tail"}],"items_purged_floors":[3,5,21,27],"is_endless":false,"potions_floor_spawned":[1,2,4,8,11,18,20,22,24,31,33,35,36,38,39,41,44,45,47],"killed_by":"Donu and Deca","ascension_level":0}