{"gold_per_floor":[118,118,137,152,152,187,199,224,224,224,224,250,250,267,267,368,368,386,386,116,132,145,145,180,180,180,207,307,332,332,342,342,438,438,456,472,66,84,102,102,134,134,159,169,181,194,194,206,206,206],"floor_reached":51,"playtime":5959,"items_purged":["Strike_B"],"score":796,"play_id":"5f9935e4-d48c-4da1-b552-186f8a7992f8","local_time":"20190126211022","is_ascension_mode":true,"campfire_choices":[{"data":"Rainbow","floor":11.0,"key":"SMITH"},{"data":"Dualcast","floor":15.0,"key":"SMITH"},{"data":"Meteor Strike","floor":23.0,"key":"SMITH"},{"data":"Streamline","floor":25.0,"key":"SMITH"},{"floor":32.0,"key":"REST"},{"data":"Echo Form","floor":40.0,"key":"SMITH"},{"floor":49,"key":"REST"}],"neow_cost":"NONE","seed_source_timestamp":0,"circlet_count":0,"master_deck":["Strike_B+1","Strike_B","Defend_B","Defend_B","Defend_B","Defend_B","Zap+1","Dualcast+1","Cold Snap","Loop","Rainbow+1","Undo","Cold Snap","Self Repair","Conserve Battery","Meteor Strike+1","Consume","Chrysalis","Streamline+1","Ball Lightning+1","Coolheaded","Echo Form+1","White Noise","Mind Blast","Skim+1","Multi-Cast","Creative AI","Conserve Battery+1","Rainbow","Recycle"],"special_seed":0,"relics":["Cracked Core","Ancient Tea Set","Bag of Marbles","Boot","Matryoshka","Oddly Smooth Stone","Omamori","Snecko Eye","Nilry\u0027s Codex","Pen Nib","Anchor","Bottled Flame","Symbiotic Virus","Torii","Kunai","Shuriken","MutagenicStrength","Lizard Tail","Sundial","Strawberry","Whetstone"],"potions_floor_usage":[44,45,48,48,48,50],"damage_taken":[{"damage":4.0,"enemies":"2 Louse","floor":1.0,"turns":2.0},{"damage":0.0,"enemies":"Cultist","floor":3.0,"turns":3.0},{"damage":0.0,"enemies":"Small Slimes","floor":4.0,"turns":2.0},{"damage":17.0,"enemies":"Lagavulin","floor":6.0,"turns":8.0},{"damage":0.0,"enemies":"Exordium Wildlife","floor":7.0,"turns":3.0},{"damage":2.0,"enemies":"3 Sentries","floor":8.0,"turns":6.0},{"damage":9.0,"enemies":"Lagavulin","floor":12.0,"turns":7.0},{"damage":0.0,"enemies":"Blue Slaver","floor":14.0,"turns":4.0},{"damage":7.0,"enemies":"The Guardian","floor":16.0,"turns":11.0},{"damage":7.0,"enemies":"Shell Parasite","floor":18.0,"turns":4.0},{"damage":0.0,"enemies":"Spheric Guardian","floor":21.0,"turns":3.0},{"damage":1.0,"enemies":"Snake Plant","floor":22.0,"turns":3.0},{"damage":8.0,"enemies":"Book of Stabbing","floor":24.0,"turns":4.0},{"damage":0.0,"enemies":"Slavers","floor":27.0,"turns":4.0},{"damage":0.0,"enemies":"Colosseum Slavers","floor":28.0,"turns":2.0},{"damage":11.0,"enemies":"Colosseum Nobs","floor":28.0,"turns":5.0},{"damage":26.0,"enemies":"Gremlin Leader","floor":29.0,"turns":5.0},{"damage":0.0,"enemies":"Chosen and Byrds","floor":31.0,"turns":2.0},{"damage":53.0,"enemies":"Automaton","floor":33.0,"turns":11.0},{"damage":0.0,"enemies":"3 Shapes","floor":35.0,"turns":3.0},{"damage":7.0,"enemies":"3 Darklings","floor":36.0,"turns":5.0},{"damage":0.0,"enemies":"Maw","floor":38.0,"turns":5.0},{"damage":21.0,"enemies":"Spire Growth","floor":39.0,"turns":4.0},{"damage":15.0,"enemies":"Giant Head","floor":41.0,"turns":8.0},{"damage":29,"enemies":"Transient","floor":44,"turns":5},{"damage":1,"enemies":"3 Darklings","floor":45,"turns":3},{"damage":0,"enemies":"Spire Growth","floor":46,"turns":3},{"damage":1,"enemies":"Transient","floor":48,"turns":5},{"damage":62,"enemies":"Time Eater","floor":50,"turns":9}],"seed_played":"-6253628267697293674","potions_obtained":[{"floor":1.0,"key":"FearPotion"},{"floor":3.0,"key":"Fire Potion"},{"floor":8.0,"key":"Explosive Potion"},{"floor":14.0,"key":"Swift Potion"},{"floor":28.0,"key":"SkillPotion"},{"floor":33.0,"key":"LiquidBronze"},{"floor":41.0,"key":"Block Potion"},{"floor":44,"key":"AttackPotion"},{"floor":45,"key":"EntropicBrew"}],"is_trial":false,"path_per_floor":["M","?","M","M","?","E","M","E","T","?","R","E","T","M","R","B",null,"M","?","$","M","M","R","E","R","T","E","?","E","?","M","R","B",null,"M","M","$","M","M","R","E","?","T","M","M","M","?","M","R","B",null],"character_chosen":"DEFECT","items_purchased":["Chrysalis","Mind Blast","Regen Potion","Sundial"],"campfire_rested":2,"item_purchase_floors":[20,37,37,37],"current_hp_per_floor":[78,78,78,78,83,66,66,64,64,57,57,48,48,55,55,55,87,80,64,64,71,77,77,69,69,69,76,72,46,46,46,72,19,87,87,87,87,87,66,66,65,56,56,34,42,42,66,65,93,31],"gold":206,"neow_bonus":"TEN_PERCENT_HP_BONUS","is_prod":false,"is_daily":false,"chose_seed":false,"campfire_upgraded":5,"win_rate":0,"timestamp":1548533422,"path_taken":["M","?","M","?","?","E","M","E","T","?","R","E","?","?","R","BOSS","M","?","$","M","M","R","E","R","T","E","?","E","?","M","R","BOSS","M","M","$","M","M","R","E","?","T","M","M","?","?","M","R","BOSS"],"build_version":"2019-01-23","purchased_purges":1,"victory":true,"max_hp_per_floor":[82,82,82,82,87,87,87,87,87,87,87,87,87,87,87,87,87,87,87,87,87,87,87,87,87,87,87,87,87,87,87,87,87,87,87,87,87,87,87,87,94,94,94,94,94,94,94,94,94,94],"card_choices":[{"not_picked":["Barrage","Undo"],"picked":"Cold Snap","floor":1.0},{"not_picked":["Compile Driver","Gash","Consume"],"picked":"SKIP","floor":3.0},{"not_picked":["Ball Lightning","Compile Driver"],"picked":"Loop","floor":4.0},{"not_picked":["Sweeping Beam","Gash"],"picked":"Rainbow","floor":6.0},{"not_picked":["Skim","Turbo"],"picked":"Undo","floor":7.0},{"not_picked":["Streamline","Go for the Eyes"],"picked":"Cold Snap","floor":8.0},{"not_picked":["Leap","Hologram"],"picked":"Self Repair","floor":12.0},{"not_picked":["Cold Snap","Streamline"],"picked":"Conserve Battery","floor":14.0},{"not_picked":["Fission","Machine Learning"],"picked":"Meteor Strike","floor":16.0},{"not_picked":["Recycle","Stack"],"picked":"Consume","floor":18.0},{"not_picked":["Blizzard","Barrage","Compile Driver+1"],"picked":"SKIP","floor":21.0},{"not_picked":["Gash+1","Cold Snap"],"picked":"Streamline","floor":22.0},{"not_picked":["Go for the Eyes+1","Reboot","Fission"],"picked":"SKIP","floor":24.0},{"not_picked":["Hologram","Beam Cell+1","Coolheaded"],"picked":"SKIP","floor":27.0},{"not_picked":["Coolheaded","Streamline"],"picked":"Ball Lightning","floor":28.0},{"not_picked":["Gash+1","Ball Lightning"],"picked":"Coolheaded","floor":29.0},{"not_picked":["Cold Snap+1","Genetic Algorithm","Stack+1"],"picked":"SKIP","floor":31.0},{"not_picked":["Thunder Strike","Amplify"],"picked":"Echo Form","floor":33.0},{"not_picked":["Coolheaded","Go for the Eyes+1","Scrape"],"picked":"SKIP","floor":35.0},{"not_picked":["Barrage","Leap+1"],"picked":"White Noise","floor":36.0},{"not_picked":["Turbo","Beam Cell+1"],"picked":"Skim+1","floor":38.0},{"not_picked":["Hologram+1","Leap"],"picked":"Multi-Cast","floor":39.0},{"not_picked":["Rebound","Stack"],"picked":"Creative AI","floor":41.0},{"not_picked":["Barrage","Coolheaded+1"],"picked":"Conserve Battery+1","floor":44},{"not_picked":["Leap+1","Cold Snap"],"picked":"Rainbow","floor":45},{"not_picked":["Leap","Go for the Eyes"],"picked":"Recycle","floor":46},{"not_picked":["Conserve Battery","Ball Lightning","Leap"],"picked":"SKIP","floor":48}],"player_experience":280691,"relics_obtained":[{"floor":6.0,"key":"Ancient Tea Set"},{"floor":8.0,"key":"Bag of Marbles"},{"floor":9.0,"key":"Boot"},{"floor":12.0,"key":"Matryoshka"},{"floor":13.0,"key":"Oddly Smooth Stone"},{"floor":13.0,"key":"Omamori"},{"floor":19.0,"key":"Nilry\u0027s Codex"},{"floor":24.0,"key":"Pen Nib"},{"floor":26.0,"key":"Anchor"},{"floor":26.0,"key":"Bottled Flame"},{"floor":27.0,"key":"Symbiotic Virus"},{"floor":28.0,"key":"Torii"},{"floor":28.0,"key":"Kunai"},{"floor":29.0,"key":"Shuriken"},{"floor":41.0,"key":"Strawberry"},{"floor":43.0,"key":"Whetstone"}],"event_choices":[{"damage_healed":0.0,"max_hp_gain":0.0,"max_hp_loss":0.0,"gold_gain":0.0,"event_name":"Upgrade Shrine","player_choice":"Upgraded","floor":2.0,"gold_loss":0.0,"damage_taken":0.0,"cards_upgraded":["Zap"]},{"damage_healed":0.0,"max_hp_gain":5.0,"max_hp_loss":0.0,"gold_gain":0.0,"event_name":"Big Fish","player_choice":"Donut","floor":5.0,"gold_loss":0.0,"damage_taken":0.0},{"cards_removed":["Strike_B"],"damage_healed":0.0,"max_hp_gain":0.0,"max_hp_loss":0.0,"gold_gain":0.0,"event_name":"Golden Wing","player_choice":"Card Removal","floor":10.0,"gold_loss":0.0,"damage_taken":7.0},{"damage_healed":0.0,"max_hp_gain":0.0,"max_hp_loss":0.0,"gold_gain":0.0,"event_name":"Cursed Tome","player_choice":"Obtained Book","floor":19.0,"gold_loss":0.0,"damage_taken":16.0},{"damage_healed":0.0,"max_hp_gain":0.0,"max_hp_loss":0.0,"gold_gain":0.0,"event_name":"Colosseum","player_choice":"Fight","floor":28.0,"gold_loss":0.0,"damage_taken":0.0},{"damage_healed":0.0,"max_hp_gain":0.0,"max_hp_loss":0.0,"gold_gain":0.0,"event_name":"Colosseum","player_choice":"Fought Nobs","floor":28.0,"gold_loss":0.0,"damage_taken":0.0},{"damage_healed":0.0,"max_hp_gain":0.0,"max_hp_loss":0.0,"gold_gain":0.0,"event_name":"Drug Dealer","player_choice":"Inject Mutagens","floor":30.0,"gold_loss":0.0,"damage_taken":0.0,"relics_obtained":["MutagenicStrength"]},{"damage_healed":0.0,"max_hp_gain":0.0,"max_hp_loss":0.0,"gold_gain":0.0,"event_name":"Wheel of Change","player_choice":"Damaged","floor":42.0,"gold_loss":0.0,"damage_taken":9.0},{"damage_healed":24,"gold_gain":0,"player_choice":"Writhe","damage_taken":0,"max_hp_gain":0,"max_hp_loss":0,"event_name":"Winding Halls","floor":47,"gold_loss":0,"cards_obtained":["Writhe"]}],"is_beta":false,"boss_relics":[{"not_picked":["Busted Crown","Astrolabe"],"picked":"Snecko Eye"},{"not_picked":["Orrery","Fusion Hammer"],"picked":"Lizard Tail"}],"items_purged_floors":[20],"is_endless":false,"potions_floor_spawned":[1,3,8,14,21,22,28,33,39,41,44,45],"ascension_level":1}