{"gold_per_floor":[119,137,151,151,162,162,195,195,195,195,195,195,207,226,226,305,305,320,245,256,156,31,31,50,50,50,77,77,109,109,159,159,231,231,249,42,58,58,73,73,73,106,106,106,126,226,226,238,238,238],"floor_reached":50,"playtime":1814,"items_purged":["Sucker Punch","Dagger Throw","Dagger Throw","Predator"],"score":1016,"play_id":"79cf6dd8-037c-40ae-980f-5d64e3338181","local_time":"20190216235033","is_ascension_mode":true,"campfire_choices":[{"data":"Quick Slash","floor":6.0,"key":"SMITH"},{"floor":11.0,"key":"REST"},{"data":"Leg Sweep","floor":15.0,"key":"SMITH"},{"data":"Flechettes","floor":23,"key":"SMITH"},{"floor":25,"key":"REST"},{"floor":28,"key":"REST"},{"floor":30,"key":"REST"},{"data":"Blade Dance","floor":32,"key":"SMITH"},{"floor":40,"key":"REST"},{"floor":41,"key":"REST"},{"floor":44,"key":"REST"},{"floor":47,"key":"REST"},{"floor":49,"key":"REST"}],"neow_cost":"NONE","seed_source_timestamp":206035596411800,"circlet_count":0,"master_deck":["AscendersBane","Survivor","Neutralize","Leg Sweep+1","Quick Slash+1","PiercingWail","Blur","Flechettes","Corpse Explosion","Backflip","Flechettes+1","Outmaneuver","Blade Dance+1","Phantasmal Killer","Blur","Deflect","Endless Agony","Burst","Acrobatics+1","Backflip","Endless Agony","Reflex+1","Well Laid Plans"],"special_seed":0,"relics":["Ring of the Serpent","Lantern","Blood Vial","Pandora\u0027s Box","Sundial","Shuriken","WingedGreaves","Dodecahedron","Pear","Prayer Wheel"],"potions_floor_usage":[27,29,33,39],"damage_taken":[{"damage":1.0,"enemies":"Small Slimes","floor":1.0,"turns":4.0},{"damage":0.0,"enemies":"2 Louse","floor":2.0,"turns":3.0},{"damage":6.0,"enemies":"Cultist","floor":3.0,"turns":5.0},{"damage":7.0,"enemies":"Large Slime","floor":5.0,"turns":9.0},{"damage":40.0,"enemies":"Lagavulin","floor":7.0,"turns":8.0},{"damage":1.0,"enemies":"Blue Slaver","floor":13.0,"turns":3.0},{"damage":0.0,"enemies":"Gremlin Gang","floor":14.0,"turns":5.0},{"damage":9.0,"enemies":"The Guardian","floor":16.0,"turns":16.0},{"damage":10.0,"enemies":"Chosen","floor":18.0,"turns":4.0},{"damage":12.0,"enemies":"2 Thieves","floor":20.0,"turns":4.0},{"damage":19,"enemies":"Sentry and Sphere","floor":24,"turns":6},{"damage":36,"enemies":"Book of Stabbing","floor":27,"turns":5},{"damage":7,"enemies":"Slavers","floor":29,"turns":2},{"damage":49,"enemies":"Champ","floor":33,"turns":14},{"damage":23,"enemies":"3 Darklings","floor":35,"turns":3},{"damage":11,"enemies":"Orb Walker","floor":37,"turns":2},{"damage":23,"enemies":"Transient","floor":39,"turns":6},{"damage":31,"enemies":"Reptomancer","floor":42,"turns":7},{"damage":36,"enemies":"Jaw Worm Horde","floor":45,"turns":3},{"damage":0,"enemies":"Mind Bloom Boss Battle","floor":46,"turns":10},{"damage":24,"enemies":"4 Shapes","floor":48,"turns":2},{"damage":45,"enemies":"Time Eater","floor":50,"turns":5}],"seed_played":"-398676057697503809","potions_obtained":[{"floor":1.0,"key":"Explosive Potion"},{"floor":7.0,"key":"PowerPotion"},{"floor":13.0,"key":"GhostInAJar"},{"floor":16.0,"key":"PowerPotion"},{"floor":20.0,"key":"Explosive Potion"},{"floor":27,"key":"Dexterity Potion"},{"floor":35,"key":"SkillPotion"},{"floor":45,"key":"EssenceOfSteel"}],"is_trial":false,"path_per_floor":["M","M","M","?","M","R","E","?","T","?","R","?","M","M","R","B",null,"M","$","M","$","$","R","M","R","T","E","R","E","R","?","R","B",null,"M","$","M","?","M","R","R","E","T","R","M","?","R","M","R","B"],"character_chosen":"THE_SILENT","items_purchased":["Backflip"],"campfire_rested":9,"item_purchase_floors":[36],"current_hp_per_floor":[64,64,58,51,44,44,4,4,4,4,25,25,26,28,28,21,59,51,51,41,41,41,41,24,45,45,11,32,27,48,48,48,1,54,33,33,24,24,3,24,45,16,26,50,16,18,42,20,44,1],"gold":238,"neow_bonus":"TEN_PERCENT_HP_BONUS","is_prod":false,"is_daily":false,"chose_seed":false,"campfire_upgraded":4,"win_rate":0,"timestamp":1550328633,"path_taken":["M","M","M","?","M","R","E","?","T","?","R","?","M","M","R","BOSS","M","$","M","?","$","R","M","R","T","E","R","E","R","?","R","BOSS","M","$","M","?","?","R","R","E","T","R","M","?","R","M","R","BOSS"],"build_version":"2019-01-23","purchased_purges":4,"victory":false,"max_hp_per_floor":[72,72,72,72,72,72,72,72,72,72,72,72,72,72,72,72,72,72,72,72,72,72,72,72,72,72,72,72,72,72,72,72,72,72,72,72,72,72,72,72,72,72,82,82,82,82,82,82,82,82],"card_choices":[{"not_picked":["Infinite Blades","Bane"],"picked":"Leg Sweep","floor":1.0},{"not_picked":["Leg Sweep","Slice"],"picked":"Quick Slash","floor":2.0},{"not_picked":["Bane","Quick Slash"],"picked":"Dagger Throw","floor":3.0},{"not_picked":["Bane","Sucker Punch"],"picked":"PiercingWail","floor":5.0},{"not_picked":["Acrobatics","Setup"],"picked":"Blur","floor":7.0},{"not_picked":["Setup","Wraith Form v2"],"picked":"Dagger Throw","floor":13.0},{"not_picked":["Prepared","Flying Knee","Sucker Punch"],"picked":"SKIP","floor":14.0},{"not_picked":["Grand Finale","A Thousand Cuts"],"picked":"Corpse Explosion","floor":16.0},{"not_picked":["Cloak And Dagger","Blade Dance"],"picked":"Blur","floor":18.0},{"not_picked":["Quick Slash","Poisoned Stab","Caltrops"],"picked":"SKIP","floor":20.0},{"not_picked":["Tactician","Dodge and Roll"],"picked":"Deflect","floor":24},{"not_picked":["Eviscerate","Slice","Accuracy"],"picked":"SKIP","floor":27},{"not_picked":["Eviscerate","Slice","Accuracy"],"picked":"SKIP","floor":27},{"not_picked":["Well Laid Plans","Flying Knee"],"picked":"Endless Agony","floor":29},{"not_picked":["Malaise","Doppelganger"],"picked":"Burst","floor":33},{"not_picked":["Prepared+1","Accuracy"],"picked":"Acrobatics+1","floor":35},{"not_picked":["PiercingWail","Cloak And Dagger","Underhanded Strike"],"picked":"SKIP","floor":37},{"not_picked":["Acrobatics","PiercingWail"],"picked":"Endless Agony","floor":39},{"not_picked":["All Out Attack","Expertise","Underhanded Strike"],"picked":"SKIP","floor":42},{"not_picked":["Backflip","PiercingWail","Dagger Throw"],"picked":"SKIP","floor":45},{"not_picked":["Infinite Blades","Setup+1"],"picked":"Reflex+1","floor":46},{"not_picked":["Caltrops","Grand Finale"],"picked":"Well Laid Plans","floor":48},{"not_picked":["Skewer+1","Prepared","Endless Agony"],"picked":"SKIP","floor":48}],"player_experience":4304183,"relics_obtained":[{"floor":7.0,"key":"Lantern"},{"floor":9.0,"key":"Blood Vial"},{"floor":26,"key":"Sundial"},{"floor":27,"key":"Shuriken"},{"floor":29,"key":"WingedGreaves"},{"floor":42,"key":"Dodecahedron"},{"floor":43,"key":"Pear"},{"floor":46,"key":"Prayer Wheel"}],"event_choices":[{"cards_removed":["Defend_G"],"damage_healed":0.0,"max_hp_gain":0.0,"max_hp_loss":0.0,"gold_gain":0.0,"event_name":"Golden Wing","player_choice":"Card Removal","floor":4.0,"gold_loss":0.0,"damage_taken":7.0},{"damage_healed":0.0,"max_hp_gain":0.0,"max_hp_loss":0.0,"gold_gain":0.0,"event_name":"Liars Game","player_choice":"Ignored","floor":8.0,"gold_loss":0.0,"damage_taken":0.0},{"damage_healed":0.0,"max_hp_gain":0.0,"max_hp_loss":0.0,"gold_gain":0.0,"event_name":"Dead Adventurer","player_choice":"Searched \u00270\u0027 times","floor":10.0,"gold_loss":0.0,"damage_taken":0.0},{"damage_healed":0.0,"max_hp_gain":0.0,"max_hp_loss":0.0,"gold_gain":0.0,"cards_transformed":["Strike_G"],"event_name":"Transmorgrifier","player_choice":"Transformed","floor":12.0,"gold_loss":0.0,"damage_taken":0.0,"cards_obtained":["Flechettes"]},{"damage_healed":0,"gold_gain":50,"player_choice":"Stole From Cult","damage_taken":0,"max_hp_gain":0,"max_hp_loss":0,"event_name":"Nest","floor":31,"gold_loss":0},{"cards_removed":["Unload"],"damage_healed":0,"gold_gain":0,"player_choice":"Purged","damage_taken":0,"max_hp_gain":0,"max_hp_loss":0,"event_name":"Purifier","floor":38,"gold_loss":0},{"damage_healed":0,"gold_gain":0,"player_choice":"Fight","damage_taken":0,"max_hp_gain":0,"max_hp_loss":0,"event_name":"MindBloom","floor":46,"gold_loss":0}],"is_beta":false,"boss_relics":[{"not_picked":["Empty Cage","Coffee Dripper"],"picked":"Pandora\u0027s Box"},{"not_picked":["Lizard Tail","WristBlade"],"picked":"Ring of the Serpent"}],"items_purged_floors":[19,21,22,36],"is_endless":false,"potions_floor_spawned":[1,7,13,16,20,27,35,45],"killed_by":"Time Eater","ascension_level":20}