{"gold_per_floor":[212,223,236,236,236,236,259,282,336,349,370,370,403,428,428,551,551,569,73,98,122,122],"floor_reached":22,"playtime":1604,"items_purged":[],"score":192,"play_id":"01ef51ed-a13e-4bfc-94fc-773fca8dc7fc","local_time":"20190121190741","is_ascension_mode":false,"campfire_choices":[{"floor":6,"key":"REST"},{"data":"Darkness","floor":12,"key":"SMITH"},{"floor":15,"key":"REST"}],"neow_cost":"NONE","seed_source_timestamp":536296867100,"circlet_count":0,"master_deck":["Strike_B","Strike_B","Defend_B","Defend_B","Defend_B","Defend_B","Dualcast","Darkness+1","Doom and Gloom","Leap","Skim","Sweeping Beam","Sweeping Beam","Double Energy","Defragment","White Noise","Echo Form","Conserve Battery","Conserve Battery"],"relics":["Cracked Core","Golden Idol","Omamori","Bottled Flame","Empty Cage","Lantern","Oddly Smooth Stone","Sling"],"potions_floor_usage":[8,10,10,11,16,21,22],"damage_taken":[{"damage":0,"enemies":"2 Louse","floor":1,"turns":2},{"damage":3,"enemies":"Jaw Worm","floor":2,"turns":3},{"damage":1,"enemies":"Cultist","floor":3,"turns":3},{"damage":3,"enemies":"Blue Slaver","floor":7,"turns":5},{"damage":8,"enemies":"Red Slaver","floor":8,"turns":2},{"damage":0,"enemies":"2 Fungi Beasts","floor":10,"turns":2},{"damage":3,"enemies":"Looter","floor":11,"turns":3},{"damage":37,"enemies":"Lagavulin","floor":13,"turns":7},{"damage":9,"enemies":"Blue Slaver","floor":14,"turns":4},{"damage":17,"enemies":"Slime Boss","floor":16,"turns":6},{"damage":10,"enemies":"Spheric Guardian","floor":18,"turns":4},{"damage":11,"enemies":"3 Byrds","floor":20,"turns":4},{"damage":23,"enemies":"Snake Plant","floor":21,"turns":6},{"damage":31,"enemies":"Sentry and Sphere","floor":22,"turns":5}],"seed_played":"5112120321871635927","potions_obtained":[{"floor":1,"key":"AttackPotion"},{"floor":7,"key":"Strength Potion"},{"floor":8,"key":"Explosive Potion"},{"floor":10,"key":"Dexterity Potion"},{"floor":13,"key":"Weak Potion"},{"floor":18,"key":"AttackPotion"},{"floor":21,"key":"Dexterity Potion"}],"is_trial":false,"path_per_floor":["M","M","M","?","?","R","M","M","T","M","M","R","E","M","R","B",null,"M","$","M","M","M"],"character_chosen":"DEFECT","items_purchased":["Lantern","Oddly Smooth Stone","Sling"],"campfire_rested":2,"item_purchase_floors":[19,19,19],"current_hp_per_floor":[75,72,71,64,46,68,65,57,57,57,54,54,17,8,30,13,75,65,65,54,31,0],"gold":122,"neow_bonus":"HUNDRED_GOLD","is_prod":false,"is_daily":false,"chose_seed":false,"campfire_upgraded":1,"win_rate":0,"timestamp":1548094061,"path_taken":["M","M","M","?","?","R","M","M","T","?","M","R","E","M","R","BOSS","M","$","M","M","?"],"build_version":"2019-01-17v2","purchased_purges":0,"victory":false,"max_hp_per_floor":[75,75,75,75,75,75,75,75,75,75,75,75,75,75,75,75,75,75,75,75,75,75],"card_choices":[{"not_picked":["Go for the Eyes","Blizzard"],"picked":"Darkness","floor":1},{"not_picked":["Consume","Rip and Tear"],"picked":"Doom and Gloom","floor":2},{"not_picked":["Skim","Stack"],"picked":"Leap","floor":3},{"not_picked":["Force Field","White Noise"],"picked":"Skim","floor":7},{"not_picked":["Turbo","Hologram"],"picked":"Sweeping Beam","floor":8},{"not_picked":["Sunder","Glacier"],"picked":"Sweeping Beam","floor":10},{"not_picked":["Coolheaded","Turbo"],"picked":"Double Energy","floor":11},{"not_picked":["BootSequence","Barrage"],"picked":"Defragment","floor":13},{"not_picked":["Chaos","Streamline"],"picked":"White Noise","floor":14},{"not_picked":["Biased Cognition","Creative AI"],"picked":"Echo Form","floor":16},{"not_picked":["Gash+1","Genetic Algorithm"],"picked":"Conserve Battery","floor":18},{"not_picked":["Auto Shields","Leap"],"picked":"Conserve Battery","floor":20},{"not_picked":["Chill","Ball Lightning","Machine Learning"],"picked":"SKIP","floor":21}],"player_experience":240099,"relics_obtained":[{"floor":9,"key":"Omamori"},{"floor":13,"key":"Bottled Flame"}],"event_choices":[{"cards_removed":["Zap"],"damage_healed":0,"gold_gain":0,"player_choice":"Card Removal","damage_taken":7,"max_hp_gain":0,"max_hp_loss":0,"event_name":"Golden Wing","floor":4,"gold_loss":0},{"damage_healed":0,"gold_gain":0,"player_choice":"Take Damage","damage_taken":18,"relics_obtained":["Golden Idol"],"max_hp_gain":0,"max_hp_loss":0,"event_name":"Golden Idol","floor":5,"gold_loss":0}],"is_beta":false,"boss_relics":[{"not_picked":["FrozenCore","Coffee Dripper"],"picked":"Empty Cage"}],"items_purged_floors":[],"is_endless":false,"potions_floor_spawned":[1,7,8,10,13,18,21],"killed_by":"Sentry and Sphere","ascension_level":0}