{"gold_per_floor":[114,59,59,73,38,38,78,78,78,78,99,138,138,153,153,153],"floor_reached":16,"playtime":695,"items_purged":[],"score":200,"play_id":"560ede67-169a-4bcb-9258-cc4d043a4217","local_time":"20190308192706","is_ascension_mode":true,"campfire_choices":[{"data":"Bash","floor":6,"key":"SMITH"},{"data":"Shockwave","floor":8,"key":"SMITH"},{"floor":10,"key":"REST"},{"floor":15,"key":"REST"}],"neow_cost":"NONE","seed_source_timestamp":34279091001713,"circlet_count":0,"master_deck":["AscendersBane","Strike_R","Strike_R","Strike_R","Strike_R","Strike_R","Defend_R","Defend_R","Defend_R","Defend_R","Bash+1","Bloodletting","Shrug It Off","Rage","Shockwave+1","Exhume","Whirlwind","Spot Weakness"],"relics":["Black Star","Golden Idol","Pear","Lantern","WingedGreaves","Regal Pillow","Question Card"],"potions_floor_usage":[12,14,16],"damage_taken":[{"damage":7,"enemies":"Jaw Worm","floor":1,"turns":3},{"damage":8,"enemies":"2 Louse","floor":4,"turns":3},{"damage":37,"enemies":"Gremlin Nob","floor":7,"turns":5},{"damage":2,"enemies":"Small Slimes","floor":11,"turns":4},{"damage":38,"enemies":"3 Sentries","floor":12,"turns":14},{"damage":9,"enemies":"3 Louse","floor":14,"turns":3},{"damage":64,"enemies":"Hexaghost","floor":16,"turns":10}],"seed_played":"-2392069178639432586","potions_obtained":[{"floor":7,"key":"AttackPotion"},{"floor":11,"key":"Block Potion"},{"floor":12,"key":"GamblersBrew"}],"is_trial":false,"path_per_floor":["M","$","?","M","?","R","E","R","T","R","M","E","?","M","R","B"],"character_chosen":"IRONCLAD","items_purchased":["Shrug It Off"],"campfire_rested":2,"item_purchase_floors":[2],"current_hp_per_floor":[61,61,61,53,71,71,44,44,44,69,67,29,29,20,60,0],"gold":153,"neow_bonus":"BOSS_RELIC","is_prod":false,"is_daily":false,"chose_seed":false,"campfire_upgraded":2,"win_rate":0,"timestamp":1552040826,"path_taken":["M","$","?","M","?","R","E","R","T","R","M","E","?","M","R","BOSS"],"build_version":"2019-01-23","purchased_purges":0,"victory":false,"max_hp_per_floor":[75,75,75,75,75,75,85,85,85,85,85,85,85,85,85,85],"card_choices":[{"not_picked":["Body Slam","Warcry"],"picked":"Bloodletting","floor":1},{"not_picked":["Clothesline","Combust"],"picked":"Rage","floor":4},{"not_picked":["Battle Trance","Clothesline"],"picked":"Shockwave","floor":7},{"not_picked":["Armaments","Fire Breathing"],"picked":"Exhume","floor":11},{"not_picked":["Wild Strike","Armaments"],"picked":"Whirlwind","floor":12},{"not_picked":["Thunderclap","Headbutt","Anger"],"picked":"Spot Weakness","floor":14}],"player_experience":269674,"relics_obtained":[{"floor":7,"key":"Pear"},{"floor":7,"key":"Lantern"},{"floor":9,"key":"WingedGreaves"},{"floor":12,"key":"Regal Pillow"},{"floor":12,"key":"Question Card"}],"event_choices":[{"damage_healed":0,"gold_gain":0,"player_choice":"Take Wound","damage_taken":0,"relics_obtained":["Golden Idol"],"max_hp_gain":0,"max_hp_loss":0,"event_name":"Golden Idol","floor":3,"gold_loss":0,"cards_obtained":["Injury"]},{"damage_healed":18,"gold_gain":0,"player_choice":"Healed","damage_taken":0,"max_hp_gain":0,"max_hp_loss":0,"event_name":"The Cleric","floor":5,"gold_loss":35},{"cards_removed":["Injury"],"damage_healed":0,"gold_gain":0,"player_choice":"Forget","damage_taken":0,"max_hp_gain":0,"max_hp_loss":0,"event_name":"Living Wall","floor":13,"gold_loss":0}],"is_beta":false,"boss_relics":[],"items_purged_floors":[],"is_endless":false,"potions_floor_spawned":[7,11,12],"killed_by":"Hexaghost","ascension_level":17}