{"gold_per_floor":[111,123,134,134,59,59,71,98,98,98,110,110,129,37,37,108,108,119,394,394],"floor_reached":20,"playtime":1127,"items_purged":[],"score":507,"play_id":"68230627-2e5f-4548-bf59-84ac088571be","local_time":"20190309215507","is_ascension_mode":true,"campfire_choices":[{"data":"Fiend Fire","floor":6.0,"key":"SMITH"},{"floor":10.0,"key":"REST"},{"floor":15,"key":"REST"}],"neow_cost":"TEN_PERCENT_HP_LOSS","seed_source_timestamp":515702047144853,"circlet_count":0,"master_deck":["AscendersBane","Strike_R","Strike_R","Strike_R","Defend_R","Defend_R","Defend_R","Bash","Feel No Pain","Disarm","Fiend Fire+1","Shrug It Off","Sentinel","Ghostly Armor","Shockwave","Finesse","Double Tap","Flex"],"special_seed":0,"relics":["Burning Blood","Calipers","Anchor","Omamori","Runic Pyramid"],"potions_floor_usage":[],"damage_taken":[{"damage":7.0,"enemies":"Jaw Worm","floor":1.0,"turns":4.0},{"damage":25.0,"enemies":"Small Slimes","floor":2.0,"turns":3.0},{"damage":6.0,"enemies":"2 Louse","floor":3.0,"turns":5.0},{"damage":15.0,"enemies":"Looter","floor":7.0,"turns":3.0},{"damage":36.0,"enemies":"Lagavulin","floor":8.0,"turns":7.0},{"damage":2.0,"enemies":"Blue Slaver","floor":11.0,"turns":4.0},{"damage":0.0,"enemies":"Red Slaver","floor":13.0,"turns":3.0},{"damage":41,"enemies":"The Guardian","floor":16,"turns":21},{"damage":0,"enemies":"Chosen","floor":18,"turns":6},{"damage":62,"enemies":"3 Byrds","floor":20,"turns":7}],"seed_played":"7381281338506961904","potions_obtained":[{"floor":7.0,"key":"Explosive Potion"},{"floor":8.0,"key":"AttackPotion"},{"floor":16,"key":"Poison Potion"}],"is_trial":false,"path_per_floor":["M","M","M","?","?","R","M","E","T","R","M","?","M","$","R","B",null,"M","?","M"],"character_chosen":"IRONCLAD","items_purchased":["Finesse"],"campfire_rested":2,"item_purchase_floors":[14],"current_hp_per_floor":[67,48,48,48,48,48,39,9,9,29,33,26,32,32,52,17,55,61,61,0],"gold":394,"neow_bonus":"ONE_RARE_RELIC","is_prod":false,"is_daily":false,"chose_seed":false,"campfire_upgraded":1,"win_rate":0,"timestamp":1552136107,"path_taken":["M","M","M","?","?","R","M","E","T","R","M","?","M","?","R","BOSS","M","?","?"],"build_version":"2019-01-23","purchased_purges":0,"victory":false,"max_hp_per_floor":[68,68,68,68,68,68,68,68,68,68,68,68,68,68,68,68,68,68,68,68],"card_choices":[{"not_picked":["Cleave","Sword Boomerang"],"picked":"Feel No Pain","floor":1.0},{"not_picked":["Thunderclap","Anger"],"picked":"Disarm","floor":2.0},{"not_picked":["Dual Wield","Clothesline"],"picked":"Fiend Fire","floor":3.0},{"not_picked":["Perfected Strike","Thunderclap"],"picked":"Shrug It Off","floor":7.0},{"not_picked":["Twin Strike","Thunderclap"],"picked":"Sentinel","floor":8.0},{"not_picked":["Pommel Strike","Armaments"],"picked":"Ghostly Armor","floor":11.0},{"not_picked":["Thunderclap","Sentinel"],"picked":"Shockwave","floor":13.0},{"not_picked":["Feed","Brutality"],"picked":"Double Tap","floor":16},{"not_picked":["Anger","Headbutt"],"picked":"Flex","floor":18}],"player_experience":274963,"relics_obtained":[{"floor":8.0,"key":"Anchor"},{"floor":9.0,"key":"Omamori"}],"event_choices":[{"cards_removed":["Strike_R"],"damage_healed":0.0,"max_hp_gain":0.0,"max_hp_loss":0.0,"gold_gain":0.0,"event_name":"Living Wall","player_choice":"Forget","floor":4.0,"gold_loss":0.0,"damage_taken":0.0},{"cards_removed":["Strike_R"],"damage_healed":0.0,"max_hp_gain":0.0,"max_hp_loss":0.0,"gold_gain":0.0,"event_name":"The Cleric","player_choice":"Card Removal","floor":5.0,"gold_loss":75.0,"damage_taken":0.0},{"cards_removed":["Defend_R"],"damage_healed":0.0,"max_hp_gain":0.0,"max_hp_loss":0.0,"gold_gain":0.0,"event_name":"Golden Wing","player_choice":"Card Removal","floor":12.0,"gold_loss":0.0,"damage_taken":7.0},{"damage_healed":0,"gold_gain":275,"player_choice":"Desecrate","damage_taken":0,"max_hp_gain":0,"max_hp_loss":0,"event_name":"Golden Shrine","floor":19,"gold_loss":0,"cards_obtained":["Regret"]}],"is_beta":false,"boss_relics":[{"not_picked":["Coffee Dripper","Cursed Key"],"picked":"Runic Pyramid"}],"items_purged_floors":[],"is_endless":false,"potions_floor_spawned":[7,8,11,16],"killed_by":"3 Byrds","ascension_level":17}