{"gold_per_floor":[110,35,45,45,45,72,72,82,82,93,112,123,142,170,170,170],"floor_reached":16,"playtime":402,"items_purged":["Strike_R"],"score":202,"play_id":"de46558e-3809-46c9-af4e-805bc824a7eb","local_time":"20190301220433","is_ascension_mode":true,"campfire_choices":[{"data":"Body Slam","floor":7.0,"key":"SMITH"},{"floor":15.0,"key":"REST"}],"neow_cost":"NONE","seed_source_timestamp":1128718342889631,"circlet_count":0,"master_deck":["Strike_R","Strike_R","Strike_R","Defend_R","Defend_R","Defend_R","Defend_R","Bash","Body Slam+1","Bludgeon","Juggernaut","Shrug It Off","Second Wind"],"special_seed":0,"relics":["Burning Blood","NeowsBlessing","Nunchaku","Singing Bowl","Smiling Mask"],"potions_floor_usage":[16],"damage_taken":[{"damage":0.0,"enemies":"2 Louse","floor":1.0,"turns":1.0},{"damage":0.0,"enemies":"Cultist","floor":3.0,"turns":1.0},{"damage":0.0,"enemies":"Gremlin Nob","floor":6.0,"turns":1.0},{"damage":0.0,"enemies":"Small Slimes","floor":8.0,"turns":3.0},{"damage":27.0,"enemies":"3 Louse","floor":10.0,"turns":4.0},{"damage":37.0,"enemies":"Exordium Thugs","floor":11.0,"turns":4.0},{"damage":23.0,"enemies":"Large Slime","floor":12.0,"turns":5.0},{"damage":3.0,"enemies":"Blue Slaver","floor":13.0,"turns":2.0},{"damage":16.0,"enemies":"3 Sentries","floor":14.0,"turns":7.0},{"damage":39,"enemies":"The Guardian","floor":16,"turns":4}],"seed_played":"-7030358660426571180","potions_obtained":[{"floor":1.0,"key":"Strength Potion"},{"floor":3.0,"key":"SpeedPotion"},{"floor":6.0,"key":"EssenceOfSteel"},{"floor":13.0,"key":"EssenceOfSteel"}],"is_trial":false,"path_per_floor":["M","$","M","$","?","E","R","M","T","M","M","M","M","E","R","B"],"character_chosen":"IRONCLAD","items_purchased":[],"campfire_rested":1,"item_purchase_floors":[],"current_hp_per_floor":[78,78,80,80,80,80,80,80,80,59,30,15,18,10,35,0],"gold":170,"neow_bonus":"THREE_ENEMY_KILL","is_prod":false,"is_daily":false,"chose_seed":false,"campfire_upgraded":1,"win_rate":0,"timestamp":1551445473,"path_taken":["M","$","M","$","?","E","R","M","T","?","M","M","M","E","R","BOSS"],"build_version":"2019-01-23","purchased_purges":1,"victory":false,"max_hp_per_floor":[80,80,80,80,80,80,80,80,80,80,82,84,84,86,86,86],"card_choices":[{"not_picked":["Rage","Cleave"],"picked":"Body Slam","floor":1.0},{"not_picked":["Twin Strike","Infernal Blade","Flex"],"picked":"SKIP","floor":3.0},{"not_picked":["Headbutt","Hemokinesis"],"picked":"Juggernaut","floor":6.0},{"not_picked":["Sword Boomerang","True Grit","Heavy Blade"],"picked":"SKIP","floor":8.0},{"not_picked":["Clothesline","Body Slam"],"picked":"Shrug It Off","floor":10.0},{"not_picked":["Flex","Iron Wave","Rage"],"picked":"Singing Bowl","floor":11.0},{"not_picked":["Warcry","Thunderclap","Perfected Strike"],"picked":"Singing Bowl","floor":12.0},{"not_picked":["Sword Boomerang","Clash"],"picked":"Second Wind","floor":13.0},{"not_picked":["Iron Wave","Blood for Blood","Uppercut"],"picked":"Singing Bowl","floor":14.0}],"player_experience":218168,"relics_obtained":[{"floor":6.0,"key":"Nunchaku"},{"floor":9.0,"key":"Singing Bowl"},{"floor":14.0,"key":"Smiling Mask"}],"event_choices":[{"damage_healed":0.0,"max_hp_gain":0.0,"max_hp_loss":0.0,"gold_gain":0.0,"cards_transformed":["Strike_R"],"event_name":"Transmorgrifier","player_choice":"Transformed","floor":5.0,"gold_loss":0.0,"damage_taken":0.0,"cards_obtained":["Bludgeon"]}],"is_beta":false,"boss_relics":[],"items_purged_floors":[2],"is_endless":false,"potions_floor_spawned":[1,3,6,13],"killed_by":"The Guardian","ascension_level":9}