{"gold_per_floor":[118,43,43,53,53,88,14,43,43,57,85,85,103,178,178,178],"floor_reached":16,"playtime":600,"items_purged":["Strike_R"],"score":193,"play_id":"4172213f-22f0-4140-ac0a-d0c904a0ba2f","local_time":"20190227125255","is_ascension_mode":true,"campfire_choices":[{"data":"Entrench","floor":12.0,"key":"SMITH"},{"data":"Second Wind","floor":15.0,"key":"SMITH"}],"neow_cost":"NONE","seed_source_timestamp":10153071728333,"circlet_count":0,"master_deck":["Strike_R","Strike_R","Strike_R","Strike_R","Defend_R","Defend_R","Defend_R","Defend_R","Bash","Power Through","Shrug It Off","Entrench+1","Second Wind+1","Combust+1","Wild Strike","Corruption+1","Warcry"],"special_seed":0,"relics":["Burning Blood","NeowsBlessing","Frozen Egg 2","Orichalcum","Lantern","Paper Frog","Smiling Mask"],"potions_floor_usage":[16,16],"damage_taken":[{"damage":0.0,"enemies":"2 Louse","floor":1.0,"turns":1.0},{"damage":0.0,"enemies":"Jaw Worm","floor":4.0,"turns":1.0},{"damage":0.0,"enemies":"Lagavulin","floor":6.0,"turns":1.0},{"damage":10.0,"enemies":"Gremlin Nob","floor":8.0,"turns":3.0},{"damage":2.0,"enemies":"Small Slimes","floor":10.0,"turns":2.0},{"damage":11.0,"enemies":"3 Sentries","floor":11.0,"turns":6.0},{"damage":15.0,"enemies":"Exordium Thugs","floor":13.0,"turns":4.0},{"damage":96,"enemies":"The Guardian","floor":16,"turns":12}],"seed_played":"460883859909463172","potions_obtained":[{"floor":1.0,"key":"Poison Potion"},{"floor":4.0,"key":"AttackPotion"},{"floor":10.0,"key":"BloodPotion"},{"floor":13.0,"key":"Regen Potion"}],"is_trial":false,"path_per_floor":["M","$","?","M","?","E","$","E","T","M","E","R","M","?","R","B"],"character_chosen":"IRONCLAD","items_purchased":["Second Wind"],"campfire_rested":0,"item_purchase_floors":[7],"current_hp_per_floor":[78,78,78,80,73,79,79,75,75,79,74,74,65,54,54,0],"gold":178,"neow_bonus":"THREE_ENEMY_KILL","is_prod":false,"is_daily":false,"chose_seed":false,"campfire_upgraded":2,"win_rate":0,"timestamp":1551239575,"path_taken":["M","$","?","M","?","E","$","E","T","M","E","R","M","?","R","BOSS"],"build_version":"2019-01-23","purchased_purges":1,"victory":false,"max_hp_per_floor":[80,80,80,80,80,80,80,80,80,80,80,80,80,80,80,80],"card_choices":[{"not_picked":["Searing Blow","Headbutt"],"picked":"Power Through","floor":1.0},{"not_picked":["Perfected Strike","Corruption+1"],"picked":"Shrug It Off","floor":4.0},{"not_picked":["Whirlwind","True Grit"],"picked":"Entrench","floor":6.0},{"not_picked":["Warcry","Battle Trance"],"picked":"Combust+1","floor":8.0},{"not_picked":["Pommel Strike","Twin Strike"],"picked":"Wild Strike","floor":10.0},{"not_picked":["Spot Weakness","Thunderclap"],"picked":"Corruption+1","floor":11.0},{"not_picked":["Armaments","Flex"],"picked":"Warcry","floor":13.0}],"player_experience":201041,"relics_obtained":[{"floor":6.0,"key":"Orichalcum"},{"floor":8.0,"key":"Lantern"},{"floor":9.0,"key":"Paper Frog"},{"floor":11.0,"key":"Smiling Mask"}],"event_choices":[{"damage_healed":0.0,"max_hp_gain":0.0,"max_hp_loss":0.0,"gold_gain":0.0,"event_name":"Big Fish","player_choice":"Box","floor":3.0,"gold_loss":0.0,"damage_taken":0.0,"relics_obtained":["Frozen Egg 2"],"cards_obtained":["Regret"]},{"cards_removed":["Regret"],"damage_healed":0.0,"max_hp_gain":0.0,"max_hp_loss":0.0,"gold_gain":0.0,"event_name":"Golden Wing","player_choice":"Card Removal","floor":5.0,"gold_loss":0.0,"damage_taken":7.0},{"damage_healed":0.0,"max_hp_gain":0.0,"max_hp_loss":0.0,"gold_gain":75.0,"event_name":"World of Goop","player_choice":"Gather Gold","floor":14.0,"gold_loss":0.0,"damage_taken":11.0}],"is_beta":false,"boss_relics":[],"items_purged_floors":[2],"is_endless":false,"potions_floor_spawned":[1,4,10,13],"killed_by":"The Guardian","ascension_level":7}