{"gold_per_floor":[109,109,124,144,154,154,154,24,24,58,58,58,79,129,129,222,222,246,146,146,146,146,146,21,21,73,73,89,104,104,143,143,143],"floor_reached":33,"playtime":827,"items_purged":["Strike_R","Strike_R","Writhe"],"score":572,"play_id":"d1f4b20f-dd02-4aa8-8227-de4824047576","local_time":"20190130023957","is_ascension_mode":true,"campfire_choices":[{"floor":6.0,"key":"REST"},{"data":"Battle Trance","floor":12.0,"key":"SMITH"},{"data":"Armaments","floor":15.0,"key":"SMITH"},{"data":"Feel No Pain","floor":23.0,"key":"SMITH"},{"data":"Immolate","floor":25.0,"key":"SMITH"},{"data":"Fiend Fire","floor":27.0,"key":"SMITH"},{"data":"Body Slam","floor":32.0,"key":"SMITH"}],"neow_cost":"PERCENT_DAMAGE","seed_source_timestamp":167994306294500,"circlet_count":0,"master_deck":["AscendersBane","Strike_R","Strike_R","Defend_R","Defend_R","Defend_R","Defend_R","Bash","Armaments+1","Wild Strike","Feel No Pain+1","Immolate+1","Battle Trance+1","Second Wind","Fiend Fire+1","Body Slam+1","Impervious","Battle Trance+1","Body Slam+1"],"special_seed":0,"relics":["Black Blood","Golden Idol","Bottled Flame","Dodecahedron","Self Forming Clay","Omamori","Bronze Scales"],"potions_floor_usage":[33,33],"damage_taken":[{"damage":10.0,"enemies":"2 Louse","floor":1.0,"turns":2.0},{"damage":7.0,"enemies":"Jaw Worm","floor":3.0,"turns":4.0},{"damage":0.0,"enemies":"Small Slimes","floor":4.0,"turns":4.0},{"damage":60.0,"enemies":"Exordium Thugs","floor":5.0,"turns":8.0},{"damage":7.0,"enemies":"3 Sentries","floor":10.0,"turns":7.0},{"damage":3.0,"enemies":"Blue Slaver","floor":13.0,"turns":5.0},{"damage":36.0,"enemies":"The Guardian","floor":16.0,"turns":16.0},{"damage":30.0,"enemies":"Shell Parasite","floor":18.0,"turns":9.0},{"damage":19.0,"enemies":"2 Thieves","floor":28.0,"turns":4.0},{"damage":5.0,"enemies":"Centurion and Healer","floor":29.0,"turns":9.0},{"damage":0.0,"enemies":"Gremlin Leader","floor":31.0,"turns":4.0},{"damage":74,"enemies":"Collector","floor":33,"turns":6}],"seed_played":"-6297695781666164121","potions_obtained":[{"floor":1.0,"key":"Energy Potion"},{"floor":10.0,"key":"Explosive Potion"},{"floor":13.0,"key":"GamblersBrew"},{"floor":16.0,"key":"Fruit Juice"},{"floor":22.0,"key":"Strength Potion"}],"is_trial":false,"path_per_floor":["M","?","M","M","M","R","?","$","T","E","?","R","M","?","R","B",null,"M","$","?","?","?","R","$","R","T","R","M","M","?","E","R","B"],"character_chosen":"IRONCLAD","items_purchased":["Fire Potion"],"campfire_rested":1,"item_purchase_floors":[8],"current_hp_per_floor":[60,60,59,65,11,37,37,37,37,36,36,36,39,39,39,14,68,48,48,48,48,48,48,48,48,48,48,39,44,44,54,54,0],"gold":143,"neow_bonus":"TWENTY_PERCENT_HP_BONUS","is_prod":false,"is_daily":false,"chose_seed":true,"campfire_upgraded":6,"win_rate":0,"timestamp":1548783597,"path_taken":["M","?","M","M","M","R","?","?","T","E","?","R","M","?","R","BOSS","M","$","?","?","?","R","$","R","T","R","M","?","?","E","R","BOSS"],"build_version":"2019-01-23","purchased_purges":3,"victory":false,"max_hp_per_floor":[89,89,89,89,89,89,81,81,81,81,81,81,81,81,81,86,86,86,86,86,86,86,86,86,86,86,86,86,86,86,86,86,86],"card_choices":[{"not_picked":["Entrench","Flex"],"picked":"Armaments","floor":1.0},{"not_picked":["Iron Wave","Thunderclap"],"picked":"Wild Strike","floor":3.0},{"not_picked":["Thunderclap","Pummel"],"picked":"Feel No Pain","floor":4.0},{"not_picked":["Battle Trance","Ghostly Armor"],"picked":"Immolate","floor":5.0},{"not_picked":["Wild Strike","Sentinel"],"picked":"Battle Trance","floor":10.0},{"not_picked":["Flame Barrier","Corruption"],"picked":"Second Wind","floor":13.0},{"not_picked":["Impervious","Exhume"],"picked":"Fiend Fire","floor":16.0},{"not_picked":["Clash","Perfected Strike"],"picked":"Body Slam+1","floor":18.0},{"not_picked":["Twin Strike","Flex","Body Slam"],"picked":"SKIP","floor":28.0},{"not_picked":["Twin Strike+1","Clothesline"],"picked":"Impervious","floor":29.0},{"not_picked":["Reckless Charge","Flame Barrier"],"picked":"Body Slam","floor":31.0}],"player_experience":4170562,"relics_obtained":[{"floor":9.0,"key":"Bottled Flame"},{"floor":10.0,"key":"Dodecahedron"},{"floor":26.0,"key":"Omamori"},{"floor":31.0,"key":"Bronze Scales"}],"event_choices":[{"damage_healed":0.0,"max_hp_gain":0.0,"max_hp_loss":0.0,"gold_gain":0.0,"event_name":"Liars Game","player_choice":"Ignored","floor":2.0,"gold_loss":0.0,"damage_taken":0.0},{"damage_healed":0.0,"max_hp_gain":0.0,"max_hp_loss":8.0,"gold_gain":0.0,"event_name":"Golden Idol","player_choice":"Lose Max HP","floor":7.0,"gold_loss":0.0,"damage_taken":0.0,"relics_obtained":["Golden Idol"]},{"cards_removed":["Strike_R"],"damage_healed":0.0,"max_hp_gain":0.0,"max_hp_loss":0.0,"gold_gain":0.0,"event_name":"Living Wall","player_choice":"Forget","floor":11.0,"gold_loss":0.0,"damage_taken":0.0},{"damage_healed":0.0,"max_hp_gain":0.0,"max_hp_loss":0.0,"gold_gain":50.0,"event_name":"Golden Shrine","player_choice":"Pray","floor":14.0,"gold_loss":0.0,"damage_taken":0.0},{"damage_healed":0.0,"max_hp_gain":0.0,"max_hp_loss":0.0,"gold_gain":0.0,"event_name":"The Mausoleum","player_choice":"Opened","floor":20.0,"gold_loss":0.0,"damage_taken":0.0,"relics_obtained":["Self Forming Clay"],"cards_obtained":["Writhe"]},{"damage_healed":0.0,"max_hp_gain":0.0,"max_hp_loss":0.0,"gold_gain":0.0,"event_name":"Ghosts","player_choice":"Ignored","floor":21.0,"gold_loss":0.0,"damage_taken":0.0},{"damage_healed":0.0,"max_hp_gain":0.0,"max_hp_loss":0.0,"gold_gain":0.0,"event_name":"Lab","player_choice":"Got Potions","floor":22.0,"gold_loss":0.0,"damage_taken":0.0},{"damage_healed":0.0,"max_hp_gain":0.0,"max_hp_loss":0.0,"gold_gain":0.0,"event_name":"Duplicator","player_choice":"Copied","floor":30.0,"gold_loss":0.0,"damage_taken":0.0,"cards_obtained":["Battle Trance"]}],"is_beta":false,"boss_relics":[{"not_picked":["Lizard Tail","Runic Cube"],"picked":"Black Blood"}],"items_purged_floors":[8,19,24],"is_endless":false,"potions_floor_spawned":[1,10,13,16,28],"killed_by":"Collector","ascension_level":20}