{"gold_per_floor":[113,113,113,136,61,97,97,116,163,178,178,203,247,172,172,270,270,295,345,270,270,29,29,29,29,74,107,107,121,121,139,139,229,229,247,372,388,721,734,734,751,751,751,751,751,766,35,35,35,35],"floor_reached":51,"playtime":2731,"items_purged":["Strike_R","Writhe","Shrug It Off"],"score":1358,"play_id":"4ab913ab-aad1-4679-9fa3-a65c77a3d6c0","local_time":"20190322143821","is_ascension_mode":true,"campfire_choices":[{"data":"Demon Form","floor":7.0,"key":"SMITH"},{"data":"Body Slam","floor":11.0,"key":"SMITH"},{"data":"Strike_R","floor":15.0,"key":"PURGE"},{"data":"Brutality","floor":23.0,"key":"PURGE"},{"data":"Exhume","floor":25.0,"key":"PURGE"},{"data":"Armaments","floor":30.0,"key":"SMITH"},{"data":"Cleave","floor":32.0,"key":"PURGE"},{"data":"Barricade","floor":40,"key":"SMITH"},{"data":"Madness","floor":45,"key":"SMITH"},{"floor":49,"key":"REST"}],"neow_cost":"NONE","seed_source_timestamp":97672724761543,"circlet_count":0,"master_deck":["AscendersBane","Bash","Shrug It Off","Body Slam+1","Demon Form+1","Headbutt","Shockwave","Dropkick","Flame Barrier","Power Through","Second Wind","Dropkick","Armaments+1","Disarm","Barricade+1","Madness+1","Madness","Violence","Flash of Steel","Rage+1"],"special_seed":0,"relics":["Burning Blood","NeowsBlessing","Dream Catcher","Potion Belt","Peace Pipe","Pandora\u0027s Box","Red Skull","Centennial Puzzle","Blood Vial","Runic Pyramid","Ginger","Charon\u0027s Ashes","Shuriken","Toolbox","Bag of Marbles"],"potions_floor_usage":[50,50,50,50],"damage_taken":[{"damage":0.0,"enemies":"Small Slimes","floor":1.0,"turns":2.0},{"damage":0.0,"enemies":"2 Louse","floor":4.0,"turns":1.0},{"damage":0.0,"enemies":"3 Sentries","floor":6.0,"turns":2.0},{"damage":7.0,"enemies":"Cultist","floor":8.0,"turns":4.0},{"damage":26.0,"enemies":"Blue Slaver","floor":10.0,"turns":5.0},{"damage":1.0,"enemies":"2 Fungi Beasts","floor":12.0,"turns":4.0},{"damage":26.0,"enemies":"Lagavulin","floor":13.0,"turns":8.0},{"damage":27.0,"enemies":"Hexaghost","floor":16.0,"turns":9.0},{"damage":5.0,"enemies":"2 Thieves","floor":18.0,"turns":5.0},{"damage":11.0,"enemies":"Gremlin Leader","floor":27.0,"turns":7.0},{"damage":0.0,"enemies":"Chosen","floor":29.0,"turns":4.0},{"damage":33.0,"enemies":"Shelled Parasite and Fungi","floor":31.0,"turns":6.0},{"damage":40.0,"enemies":"Automaton","floor":33.0,"turns":9.0},{"damage":11.0,"enemies":"Orb Walker","floor":35.0,"turns":3.0},{"damage":6,"enemies":"Mind Bloom Boss Battle","floor":36,"turns":7},{"damage":22,"enemies":"3 Darklings","floor":37,"turns":5},{"damage":12,"enemies":"Jaw Worm Horde","floor":39,"turns":4},{"damage":3,"enemies":"Spire Growth","floor":41,"turns":5},{"damage":9,"enemies":"4 Shapes","floor":46,"turns":3},{"damage":24,"enemies":"Donu and Deca","floor":50,"turns":7}],"seed_played":"-1012288566957510153","potions_obtained":[{"floor":4.0,"key":"BloodPotion"},{"floor":8.0,"key":"Regen Potion"},{"floor":10.0,"key":"Ancient Potion"},{"floor":18.0,"key":"PowerPotion"},{"floor":29.0,"key":"PowerPotion"},{"floor":33.0,"key":"Poison Potion"},{"floor":35.0,"key":"SneckoOil"},{"floor":36,"key":"Dexterity Potion"},{"floor":37,"key":"FearPotion"},{"floor":41,"key":"LiquidBronze"}],"is_trial":false,"path_per_floor":["M","?","$","M","$","E","R","M","T","M","R","M","E","?","R","B",null,"M","?","?","?","$","R","?","R","T","E","$","M","R","M","R","B",null,"M","?","M","?","M","R","M","?","T","?","R","M","$","T","R","B",null],"character_chosen":"IRONCLAD","items_purchased":["Dropkick","Armaments","Shuriken","Flash of Steel","Toolbox"],"campfire_rested":1,"item_purchase_floors":[22,22,47,47,47],"current_hp_per_floor":[74,48,48,54,54,60,60,59,59,46,46,51,31,31,31,25,63,64,64,64,64,64,64,75,75,75,70,70,75,75,48,48,16,60,57,59,45,45,41,41,46,32,32,32,32,31,31,31,53,37],"gold":35,"neow_bonus":"THREE_ENEMY_KILL","is_prod":false,"is_daily":false,"chose_seed":false,"campfire_upgraded":5,"win_rate":0,"timestamp":1553233101,"path_taken":["M","?","$","M","$","E","R","M","T","M","R","M","E","?","R","BOSS","M","?","?","?","$","R","?","R","T","E","$","?","R","M","R","BOSS","M","?","M","?","M","R","M","?","T","?","R","M","$","?","R","BOSS"],"build_version":"2019-01-23","purchased_purges":3,"victory":true,"max_hp_per_floor":[75,75,75,75,75,75,75,75,75,75,75,75,75,75,75,75,75,75,75,75,75,75,75,75,75,75,75,75,75,75,75,75,75,75,75,75,75,75,75,75,75,75,75,75,75,75,75,75,75,75],"card_choices":[{"not_picked":["Cleave","Perfected Strike"],"picked":"Shrug It Off","floor":1.0},{"not_picked":["Anger","Flex"],"picked":"Body Slam","floor":4.0},{"not_picked":["Hemokinesis","Dropkick"],"picked":"Demon Form","floor":6.0},{"not_picked":["Rage","Heavy Blade"],"picked":"Headbutt","floor":8.0},{"not_picked":["Clash","Intimidate"],"picked":"Shrug It Off","floor":10.0},{"not_picked":["Burning Pact","Bloodletting"],"picked":"Shockwave","floor":12.0},{"not_picked":["Disarm","Anger"],"picked":"Dropkick","floor":13.0},{"not_picked":["Brutality","Bludgeon"],"picked":"Exhume","floor":16.0},{"not_picked":["Bloodletting","Searing Blow"],"picked":"Second Wind","floor":18.0},{"not_picked":["Warcry","Searing Blow","Shrug It Off+1"],"picked":"SKIP","floor":27.0},{"not_picked":["Rampage","Bloodletting+1"],"picked":"Disarm","floor":29.0},{"not_picked":["Corruption","Iron Wave","Pommel Strike"],"picked":"SKIP","floor":31.0},{"not_picked":["Brutality","Dark Embrace"],"picked":"Barricade","floor":33.0},{"not_picked":["Infernal Blade+1","Armaments","Spot Weakness"],"picked":"SKIP","floor":35.0},{"not_picked":["Anger","Havoc","Flame Barrier"],"picked":"SKIP","floor":37},{"not_picked":["Headbutt","Second Wind","Fire Breathing"],"picked":"SKIP","floor":39},{"not_picked":["Headbutt","Second Wind","Fire Breathing"],"picked":"SKIP","floor":39},{"not_picked":["Carnage+1","Seeing Red","Blood for Blood"],"picked":"SKIP","floor":41},{"not_picked":["Blind","Discovery"],"picked":"Violence","floor":44},{"not_picked":["Rage","Headbutt","Body Slam+1"],"picked":"SKIP","floor":46},{"not_picked":["Anger","Shrug It Off"],"picked":"Rage+1","floor":49}],"player_experience":507002,"relics_obtained":[{"floor":6.0,"key":"Dream Catcher"},{"floor":9.0,"key":"Potion Belt"},{"floor":13.0,"key":"Peace Pipe"},{"floor":26.0,"key":"Centennial Puzzle"},{"floor":27.0,"key":"Blood Vial"},{"floor":36,"key":"Ginger"},{"floor":43,"key":"Charon\u0027s Ashes"},{"floor":48,"key":"Bag of Marbles"}],"event_choices":[{"damage_healed":0.0,"max_hp_gain":0.0,"max_hp_loss":0.0,"gold_gain":0.0,"event_name":"Golden Idol","player_choice":"Take Damage","floor":2.0,"gold_loss":0.0,"damage_taken":26.0,"relics_obtained":["Golden Idol"]},{"cards_removed":["Strike_R"],"damage_healed":0.0,"max_hp_gain":0.0,"max_hp_loss":0.0,"gold_gain":0.0,"event_name":"The Cleric","player_choice":"Card Removal","floor":14.0,"gold_loss":75.0,"damage_taken":0.0},{"damage_healed":0.0,"max_hp_gain":0.0,"max_hp_loss":0.0,"gold_gain":50.0,"event_name":"Nest","player_choice":"Stole From Cult","floor":19.0,"gold_loss":0.0,"damage_taken":0.0},{"cards_removed":["Sever Soul"],"damage_healed":0.0,"max_hp_gain":0.0,"max_hp_loss":0.0,"gold_gain":0.0,"event_name":"Beggar","player_choice":"Gave Gold","floor":20.0,"gold_loss":75.0,"damage_taken":0.0},{"damage_healed":0.0,"max_hp_gain":0.0,"max_hp_loss":0.0,"gold_gain":0.0,"event_name":"The Mausoleum","player_choice":"Opened","floor":21.0,"gold_loss":0.0,"damage_taken":0.0,"relics_obtained":["Red Skull"],"cards_obtained":["Writhe"]},{"cards_removed":["Seeing Red"],"damage_healed":11.0,"max_hp_gain":0.0,"max_hp_loss":0.0,"gold_gain":0.0,"event_name":"Bonfire Elementals","player_choice":"Offered Uncommon","floor":24.0,"gold_loss":0.0,"damage_taken":0.0},{"damage_healed":0,"gold_gain":0,"player_choice":"Fight","damage_taken":0,"max_hp_gain":0,"max_hp_loss":0,"event_name":"MindBloom","floor":36,"gold_loss":0},{"damage_healed":0,"gold_gain":333,"player_choice":"Gave Idol","damage_taken":0,"max_hp_gain":0,"max_hp_loss":0,"event_name":"The Moai Head","floor":38,"relics_lost":["Golden Idol"],"gold_loss":0},{"damage_healed":0,"gold_gain":0,"player_choice":"Embrace Madness","damage_taken":14,"max_hp_gain":0,"max_hp_loss":0,"event_name":"Winding Halls","floor":42,"gold_loss":0,"cards_obtained":["Madness","Madness"]},{"damage_healed":0,"gold_gain":0,"player_choice":"Memory 1","damage_taken":0,"max_hp_gain":0,"max_hp_loss":0,"event_name":"SensoryStone","floor":44,"gold_loss":0}],"is_beta":false,"boss_relics":[{"not_picked":["Philosopher\u0027s Stone","Velvet Choker"],"picked":"Pandora\u0027s Box"},{"not_picked":["Runic Cube","Orrery"],"picked":"Runic Pyramid"}],"items_purged_floors":[5,22,47],"is_endless":false,"potions_floor_spawned":[4,8,10,18,29,33,35,36,37,41],"ascension_level":19}