{"gold_per_floor":[113,163,178,5,5,5,25,25,25,36,47,78,78,91,91,170,170,184,52,52,68,68,68],"floor_reached":23,"playtime":740,"items_purged":["Pain"],"score":382,"play_id":"6d054420-1f6f-48b4-84a4-decb5991866c","local_time":"20190318202545","is_ascension_mode":true,"campfire_choices":[{"data":"Bludgeon","floor":6.0,"key":"SMITH"},{"data":"Carnage","floor":8.0,"key":"SMITH"},{"data":"Bash","floor":13,"key":"SMITH"},{"data":"Shrug It Off","floor":15,"key":"SMITH"}],"neow_cost":"CURSE","seed_source_timestamp":1006296310299756,"circlet_count":0,"master_deck":["AscendersBane","Strike_R","Strike_R","Strike_R","Defend_R","Defend_R","Defend_R","Defend_R","Bash+1","Bludgeon+1","Carnage+1","Flame Barrier","Shrug It Off+1","Double Tap","Power Through+1","Wild Strike+1","Disarm"],"special_seed":0,"relics":["Burning Blood","Happy Flower","Kunai","WingedGreaves","Astrolabe","Pantograph"],"potions_floor_usage":[10,14,16,23],"damage_taken":[{"damage":6.0,"enemies":"2 Louse","floor":1.0,"turns":4.0},{"damage":0.0,"enemies":"Cultist","floor":3.0,"turns":2.0},{"damage":12.0,"enemies":"Jaw Worm","floor":7.0,"turns":2.0},{"damage":0,"enemies":"Red Slaver","floor":10,"turns":1},{"damage":1,"enemies":"Large Slime","floor":11,"turns":4},{"damage":20,"enemies":"3 Sentries","floor":12,"turns":7},{"damage":0,"enemies":"Gremlin Gang","floor":14,"turns":5},{"damage":43,"enemies":"The Guardian","floor":16,"turns":9},{"damage":10,"enemies":"Shell Parasite","floor":18,"turns":2},{"damage":12,"enemies":"2 Thieves","floor":21,"turns":3},{"damage":54,"enemies":"Gremlin Leader","floor":23,"turns":4}],"seed_played":"-5252036106534127139","potions_obtained":[{"floor":1.0,"key":"Poison Potion"},{"floor":11,"key":"AttackPotion"},{"floor":14,"key":"FearPotion"}],"is_trial":false,"path_per_floor":["M","?","M","$","T","R","M","R","T","M","M","E","R","M","R","B",null,"M","$","?","M","?","E"],"character_chosen":"IRONCLAD","items_purchased":["Happy Flower","PowerPotion"],"campfire_rested":0,"item_purchase_floors":[4,19],"current_hp_per_floor":[68,61,67,67,67,67,61,61,61,67,72,58,58,64,64,27,63,59,59,59,53,53,0],"gold":68,"neow_bonus":"THREE_RARE_CARDS","is_prod":false,"is_daily":false,"chose_seed":false,"campfire_upgraded":4,"win_rate":0,"timestamp":1552908345,"path_taken":["M","?","M","$","?","R","M","R","T","M","M","E","R","M","R","BOSS","M","$","?","?","?","E"],"build_version":"2019-01-23","purchased_purges":1,"victory":false,"max_hp_per_floor":[75,75,75,75,75,75,75,75,75,75,75,75,75,75,75,75,75,75,75,75,75,75,75],"card_choices":[{"not_picked":["Juggernaut","Barricade"],"picked":"Bludgeon","floor":0.0},{"not_picked":["Wild Strike","Heavy Blade"],"picked":"Carnage","floor":1.0},{"not_picked":["Dual Wield","Sword Boomerang","Intimidate"],"picked":"SKIP","floor":3.0},{"not_picked":["Heavy Blade","Bloodletting","Headbutt"],"picked":"SKIP","floor":7.0},{"not_picked":["Rage","Sentinel"],"picked":"Flame Barrier","floor":10},{"not_picked":["Clash","Clothesline"],"picked":"Shrug It Off","floor":11},{"not_picked":["Heavy Blade","Warcry","Pummel"],"picked":"SKIP","floor":12},{"not_picked":["Clash","Spot Weakness","Rage"],"picked":"SKIP","floor":14},{"not_picked":["Bludgeon","Impervious"],"picked":"Double Tap","floor":16},{"not_picked":["Body Slam+1","Inflame"],"picked":"Disarm","floor":18},{"not_picked":["Body Slam","Pummel","Second Wind"],"picked":"SKIP","floor":21}],"player_experience":743778,"relics_obtained":[{"floor":5.0,"key":"Kunai"},{"floor":12,"key":"WingedGreaves"},{"floor":22,"key":"Pantograph"}],"event_choices":[{"damage_healed":0.0,"max_hp_gain":0.0,"max_hp_loss":0.0,"gold_gain":50.0,"event_name":"FaceTrader","player_choice":"Touch","floor":2.0,"gold_loss":0.0,"damage_taken":7.0},{"damage_healed":0,"gold_gain":0,"player_choice":"Ignored","damage_taken":0,"max_hp_gain":0,"max_hp_loss":0,"event_name":"N\u0027loth","floor":20,"gold_loss":0},{"damage_healed":0,"gold_gain":0,"player_choice":"Relic","damage_taken":0,"max_hp_gain":0,"max_hp_loss":0,"event_name":"Wheel of Change","floor":22,"gold_loss":0}],"is_beta":false,"boss_relics":[{"not_picked":["Calling Bell","Mark of Pain"],"picked":"Astrolabe"}],"items_purged_floors":[19],"is_endless":false,"potions_floor_spawned":[1,11,14],"killed_by":"Gremlin Leader","ascension_level":20}