{"gold_per_floor":[113,125,145,156,176,208,208,242,317,327,356,356,366,399,399,471,471,483,222,222,238,238,238,273,273,273,306,306,332,343,376,376,450,450,467,485,7,26,26,26,40,65,65,12,46,58,70,83,83,83,83,83,83,7,38,38],"floor_reached":57,"playtime":3261,"items_purged":["Regret","Dagger Spray"],"score":2948,"play_id":"064c6c79-d037-4575-9cc1-310dee26e583","local_time":"20190217010715","is_ascension_mode":true,"campfire_choices":[{"data":"Neutralize","floor":7,"key":"SMITH"},{"floor":12,"key":"REST"},{"data":"Poisoned Stab","floor":15,"key":"SMITH"},{"data":"Backstab","floor":23,"key":"SMITH"},{"floor":25,"key":"REST"},{"floor":32,"key":"RECALL"},{"data":"Survivor","floor":40,"key":"SMITH"},{"floor":49,"key":"REST"},{"floor":53,"key":"REST"}],"neow_cost":"NONE","seed_source_timestamp":209226702927000,"circlet_count":0,"master_deck":["AscendersBane","Defend_G","Defend_G","Defend_G","Defend_G","Defend_G","Survivor+1","Neutralize+1","Backstab+1","Dash","Poisoned Stab+1","Poisoned Stab","Masterful Stab+1","Poisoned Stab+1","Dagger Spray+1","Blur+1","Terror+1","Deflect+1","Adrenaline+1","Endless Agony+1","Backstab+1","Storm of Steel+1","Acrobatics+1","Calculated Gamble+1","Bandage Up+1","Calculated Gamble+1","Doppelganger+1","Die Die Die+1","Prepared+1","Burst+1","Concentrate+1","Reflex+1","Tactician+1","Well Laid Plans+1","Normality","Acrobatics+1","Calculated Gamble+1","Reflex+1","Caltrops+1","Acrobatics+1","Catalyst+1","Blur+1"],"relics":["Cursed Key","Molten Egg 2","WingedGreaves","Toxic Egg 2","Tough Bandages","Bronze Scales","Astrolabe","Bag of Marbles","Ancient Tea Set","Pen Nib","Ornamental Fan","Eternal Feather","Lee\u0027s Waffle","Dream Catcher","Mercury Hourglass","Boot"],"potions_floor_usage":[5,6,10,11,33,33,38,51,56],"damage_taken":[{"damage":2,"enemies":"Jaw Worm","floor":1,"turns":4},{"damage":0,"enemies":"Small Slimes","floor":2,"turns":4},{"damage":0,"enemies":"2 Louse","floor":3,"turns":2},{"damage":4,"enemies":"Looter","floor":4,"turns":3},{"damage":0,"enemies":"Lots of Slimes","floor":5,"turns":2},{"damage":3,"enemies":"Gremlin Nob","floor":6,"turns":3},{"damage":10,"enemies":"3 Sentries","floor":8,"turns":6},{"damage":15,"enemies":"Large Slime","floor":10,"turns":5},{"damage":6,"enemies":"Gremlin Nob","floor":11,"turns":3},{"damage":0,"enemies":"Exordium Wildlife","floor":13,"turns":2},{"damage":7,"enemies":"Lagavulin","floor":14,"turns":5},{"damage":4,"enemies":"Hexaghost","floor":16,"turns":8},{"damage":11,"enemies":"2 Thieves","floor":18,"turns":3},{"damage":0,"enemies":"Chosen","floor":21,"turns":3},{"damage":20,"enemies":"Book of Stabbing","floor":24,"turns":4},{"damage":11,"enemies":"Gremlin Leader","floor":27,"turns":4},{"damage":5,"enemies":"Slavers","floor":29,"turns":3},{"damage":0,"enemies":"Centurion and Healer","floor":30,"turns":3},{"damage":8,"enemies":"Gremlin Leader","floor":31,"turns":4},{"damage":0,"enemies":"Automaton","floor":33,"turns":5},{"damage":7,"enemies":"Orb Walker","floor":35,"turns":2},{"damage":0,"enemies":"3 Shapes","floor":36,"turns":2},{"damage":3,"enemies":"3 Darklings","floor":38,"turns":5},{"damage":3,"enemies":"4 Shapes","floor":41,"turns":5},{"damage":2,"enemies":"Giant Head","floor":42,"turns":7},{"damage":2,"enemies":"Nemesis","floor":45,"turns":5},{"damage":15,"enemies":"Sphere and 2 Shapes","floor":46,"turns":4},{"damage":0,"enemies":"Writhing Mass","floor":47,"turns":5},{"damage":3,"enemies":"Maw","floor":48,"turns":6},{"damage":29,"enemies":"Donu and Deca","floor":50,"turns":15},{"damage":40,"enemies":"Awakened One","floor":51,"turns":19},{"damage":19,"enemies":"Shield and Spear","floor":55,"turns":6},{"damage":57,"enemies":"The Heart","floor":56,"turns":9}],"seed_played":"6354352035834908717","potions_obtained":[{"floor":2,"key":"Swift Potion"},{"floor":3,"key":"GamblersBrew"},{"floor":5,"key":"SteroidPotion"},{"floor":6,"key":"Poison Potion"},{"floor":16,"key":"Strength Potion"},{"floor":21,"key":"Strength Potion"},{"floor":33,"key":"Fire Potion"},{"floor":35,"key":"Swift Potion"},{"floor":42,"key":"LiquidBronze"}],"is_trial":false,"path_per_floor":["M","M","M","M","M","E","R","E","T","M","E","R","M","E","R","B",null,"M","$","?","M","?","R","E","R","T","E","?","E","M","E","R","B",null,"M","M","$","M","?","R","M","E","T","$","E","M","M","M","R","B","B",null,"R","$","E","B",null],"character_chosen":"THE_SILENT","items_purchased":["Calculated Gamble+1","Bandage Up+1","Reflex+1","Tactician+1","Lee\u0027s Waffle","Acrobatics+1","Catalyst+1"],"campfire_rested":4,"item_purchase_floors":[19,19,37,37,37,44,54],"current_hp_per_floor":[57,57,57,53,53,50,50,40,40,25,19,38,38,31,31,27,56,45,45,45,45,45,45,31,50,50,45,45,46,52,50,50,56,64,57,57,73,73,69,69,69,69,69,69,69,66,69,69,69,52,24,58,69,69,62,11],"gold":38,"neow_bonus":"BOSS_RELIC","is_prod":false,"is_daily":false,"chose_seed":false,"campfire_upgraded":4,"win_rate":0,"timestamp":1550333235,"path_taken":["M","M","M","M","M","E","R","E","T","M","E","R","M","E","R","BOSS","M","$","?","M","?","R","E","R","T","E","?","E","M","E","R","BOSS","M","M","$","M","?","R","M","E","T","$","E","M","M","M","R","BOSS","BOSS","R","$","E","BOSS"],"build_version":"2019-01-23","purchased_purges":2,"victory":true,"max_hp_per_floor":[66,66,66,66,66,66,66,66,66,66,66,66,66,66,66,66,66,66,66,66,66,66,66,66,66,66,66,66,66,66,66,66,66,66,66,66,73,73,69,69,69,69,69,69,69,69,69,69,69,69,69,69,69,69,69,69],"card_choices":[{"not_picked":["Blade Dance","Footwork"],"picked":"Backstab","floor":1},{"not_picked":["Skewer","Catalyst"],"picked":"Dash","floor":2},{"not_picked":["Flying Knee","Leg Sweep"],"picked":"Dagger Spray","floor":3},{"not_picked":["Eviscerate","Escape Plan"],"picked":"Poisoned Stab","floor":4},{"not_picked":["Cloak And Dagger","Dagger Throw"],"picked":"Poisoned Stab","floor":5},{"not_picked":["Accuracy","Dodge and Roll"],"picked":"Masterful Stab","floor":6},{"not_picked":["Heel Hook+1","Slice+1"],"picked":"Poisoned Stab+1","floor":8},{"not_picked":["Prepared+1","Quick Slash+1"],"picked":"Dagger Spray+1","floor":10},{"not_picked":["Reflex+1","Heel Hook+1"],"picked":"Blur+1","floor":11},{"not_picked":["Reflex+1","Blade Dance+1"],"picked":"Terror+1","floor":13},{"not_picked":["Tools of the Trade","Blade Dance+1"],"picked":"Deflect+1","floor":14},{"not_picked":["Venomology+1","Bullet Time+1"],"picked":"Adrenaline+1","floor":16},{"not_picked":["Dagger Spray+1","Cloak And Dagger+1"],"picked":"Acrobatics+1","floor":18},{"not_picked":["Slice+1","Well Laid Plans"],"picked":"Calculated Gamble+1","floor":21},{"not_picked":["Outmaneuver+1","Predator+1","Dagger Throw+1"],"picked":"SKIP","floor":24},{"not_picked":["Crippling Poison+1","Escape Plan+1","Quick Slash+1"],"picked":"SKIP","floor":27},{"not_picked":["Blade Dance+1","Flying Knee+1","Poisoned Stab+1"],"picked":"SKIP","floor":29},{"not_picked":["Outmaneuver+1","Flechettes+1"],"picked":"Prepared+1","floor":30},{"not_picked":["Dodge and Roll+1","Backstab+1","Caltrops"],"picked":"SKIP","floor":31},{"not_picked":["After Image","Unload+1"],"picked":"Burst+1","floor":33},{"not_picked":["Predator+1","Concentrate+1","PiercingWail+1"],"picked":"SKIP","floor":35},{"not_picked":["Predator+1","PiercingWail+1"],"picked":"Concentrate+1","floor":35},{"not_picked":["Quick Slash+1","Outmaneuver+1","Underhanded Strike+1"],"picked":"SKIP","floor":36},{"not_picked":["Deflect+1","Slice+1","Eviscerate+1"],"picked":"SKIP","floor":38},{"not_picked":["Accuracy","Cloak And Dagger+1"],"picked":"Well Laid Plans+1","floor":41},{"not_picked":["Burst+1","Quick Slash+1","Infinite Blades"],"picked":"SKIP","floor":42},{"not_picked":["Backstab+1","Bane+1","Poisoned Stab+1"],"picked":"SKIP","floor":45},{"not_picked":["After Image","Finisher+1"],"picked":"Calculated Gamble+1","floor":46},{"not_picked":["Predator+1","Flying Knee+1","Slice+1"],"picked":"SKIP","floor":47},{"not_picked":["Calculated Gamble+1","Flying Knee+1"],"picked":"Reflex+1","floor":48},{"not_picked":["Blade Dance+1","Reflex+1"],"picked":"Caltrops+1","floor":49},{"not_picked":["Deadly Poison+1","Escape Plan+1"],"picked":"Acrobatics+1","floor":53},{"not_picked":["Flechettes+1","Slice+1"],"picked":"Blur+1","floor":55}],"player_experience":4307251,"relics_obtained":[{"floor":6,"key":"Molten Egg 2"},{"floor":8,"key":"WingedGreaves"},{"floor":9,"key":"Toxic Egg 2"},{"floor":11,"key":"Tough Bandages"},{"floor":14,"key":"Bronze Scales"},{"floor":24,"key":"Bag of Marbles"},{"floor":27,"key":"Ancient Tea Set"},{"floor":29,"key":"Pen Nib"},{"floor":31,"key":"Ornamental Fan"},{"floor":42,"key":"Dream Catcher"},{"floor":45,"key":"Mercury Hourglass"},{"floor":55,"key":"Boot"}],"event_choices":[{"damage_healed":0,"gold_gain":0,"player_choice":"Ignored","damage_taken":0,"max_hp_gain":0,"max_hp_loss":0,"event_name":"Vampires","floor":20,"gold_loss":0},{"damage_healed":0,"gold_gain":0,"cards_transformed":["Strike_G","Strike_G"],"player_choice":"Became Test Subject","damage_taken":0,"max_hp_gain":0,"max_hp_loss":0,"event_name":"Drug Dealer","floor":22,"gold_loss":0,"cards_obtained":["Doppelganger","Die Die Die"]},{"damage_healed":0,"gold_gain":0,"player_choice":"Ignored","damage_taken":0,"max_hp_gain":0,"max_hp_loss":0,"event_name":"The Mausoleum","floor":28,"gold_loss":0},{"damage_healed":0,"gold_gain":0,"player_choice":"Max HP","damage_taken":0,"max_hp_gain":0,"max_hp_loss":4,"event_name":"Winding Halls","floor":39,"gold_loss":0}],"is_beta":false,"boss_relics":[{"not_picked":["Runic Dome","HoveringKite"],"picked":"Astrolabe"},{"not_picked":["Velvet Choker","Lizard Tail"],"picked":"Eternal Feather"}],"items_purged_floors":[19,37],"is_endless":false,"potions_floor_spawned":[2,3,5,6,16,21,27,33,35,42,45,48],"ascension_level":20}