{"gold_per_floor":[119,119,134,134,3,3,33,33,59,91,102,121,121,16,16,93,93,110,110,110,60,60],"floor_reached":22,"playtime":692,"items_purged":["Strike_G","Defend_G"],"score":434,"play_id":"28bb8fb2-a319-494b-8e7f-98b07e4b0c17","local_time":"20190228024015","is_ascension_mode":true,"campfire_choices":[{"data":"Outmaneuver","floor":6,"key":"SMITH"},{"data":"Acrobatics","floor":8,"key":"SMITH"},{"floor":15,"key":"REST"}],"neow_cost":"NONE","seed_source_timestamp":1167798765124700,"circlet_count":0,"master_deck":["AscendersBane","Defend_G","Defend_G","Defend_G","Defend_G","Strike_G","Strike_G","Strike_G","Strike_G","Survivor","Neutralize","Dagger Spray","Outmaneuver+1","Terror","Underhanded Strike","Acrobatics+1","Bouncing Flask","Riddle With Holes","Leg Sweep","Deadly Poison","After Image","Concentrate"],"relics":["Ring of the Snake","NeowsBlessing","Vajra","Smiling Mask","PreservedInsect","Ancient Tea Set","Lizard Tail"],"potions_floor_usage":[19,20,20,20],"damage_taken":[{"damage":0,"enemies":"Cultist","floor":1,"turns":1},{"damage":0,"enemies":"2 Louse","floor":3,"turns":1},{"damage":0,"enemies":"Lagavulin","floor":7,"turns":1},{"damage":47,"enemies":"3 Sentries","floor":10,"turns":9},{"damage":0,"enemies":"Jaw Worm","floor":11,"turns":3},{"damage":6,"enemies":"Large Slime","floor":12,"turns":7},{"damage":14,"enemies":"Hexaghost","floor":16,"turns":8},{"damage":30,"enemies":"Shell Parasite","floor":18,"turns":6},{"damage":0,"enemies":"Chosen","floor":19,"turns":1},{"damage":30,"enemies":"Colosseum Slavers","floor":20,"turns":7},{"damage":39,"enemies":"Centurion and Healer","floor":22,"turns":3}],"seed_played":"-6909321104570647958","potions_obtained":[{"floor":7,"key":"SmokeBomb"},{"floor":10,"key":"Explosive Potion"},{"floor":18,"key":"EntropicBrew"}],"is_trial":false,"path_per_floor":["M","T","M","?","$","R","E","R","T","E","M","M","?","$","R","B",null,"M","M","?","$","M"],"character_chosen":"THE_SILENT","items_purchased":["Terror","Underhanded Strike","Deadly Poison"],"campfire_rested":1,"item_purchase_floors":[5,5,14],"current_hp_per_floor":[59,59,59,64,64,64,64,64,64,17,17,11,6,6,27,13,57,27,27,34,34,0],"gold":60,"neow_bonus":"THREE_ENEMY_KILL","is_prod":false,"is_daily":false,"chose_seed":false,"campfire_upgraded":2,"win_rate":0,"timestamp":1551289215,"path_taken":["M","?","M","?","?","R","E","R","T","E","M","M","?","$","R","BOSS","M","M","?","$","M"],"build_version":"2019-01-23","purchased_purges":2,"victory":false,"max_hp_per_floor":[66,66,66,71,71,71,71,71,71,71,71,71,71,71,71,71,71,71,71,71,71,71],"card_choices":[{"not_picked":["Deflect","PiercingWail"],"picked":"Dagger Spray","floor":1},{"not_picked":["Cloak And Dagger","Night Terror"],"picked":"Outmaneuver","floor":3},{"not_picked":["Flying Knee","Terror"],"picked":"Acrobatics","floor":7},{"not_picked":["Blur","Slice"],"picked":"Bouncing Flask","floor":10},{"not_picked":["Flechettes","Outmaneuver"],"picked":"Riddle With Holes","floor":11},{"not_picked":["Deadly Poison","Flying Knee"],"picked":"Leg Sweep","floor":12},{"not_picked":["Wraith Form v2","Envenom"],"picked":"After Image","floor":16},{"not_picked":["Prepared","Poisoned Stab"],"picked":"Concentrate","floor":18}],"player_experience":4423573,"relics_obtained":[{"floor":7,"key":"Vajra"},{"floor":9,"key":"Smiling Mask"},{"floor":10,"key":"PreservedInsect"}],"event_choices":[{"damage_healed":0,"gold_gain":0,"player_choice":"Donut","damage_taken":0,"max_hp_gain":5,"max_hp_loss":0,"event_name":"Big Fish","floor":4,"gold_loss":0},{"damage_healed":0,"gold_gain":0,"player_choice":"Success","damage_taken":5,"relics_obtained":["Ancient Tea Set"],"max_hp_gain":0,"max_hp_loss":0,"event_name":"Scrap Ooze","floor":13,"gold_loss":0},{"damage_healed":0,"gold_gain":0,"player_choice":"Fight","damage_taken":0,"max_hp_gain":0,"max_hp_loss":0,"event_name":"Colosseum","floor":20,"gold_loss":0},{"damage_healed":0,"gold_gain":0,"player_choice":"Fled From Nobs","damage_taken":0,"max_hp_gain":0,"max_hp_loss":0,"event_name":"Colosseum","floor":20,"gold_loss":0}],"is_beta":false,"boss_relics":[{"not_picked":["Velvet Choker","HoveringKite"],"picked":"Lizard Tail"}],"items_purged_floors":[14,21],"is_endless":false,"potions_floor_spawned":[7,10,18,19],"killed_by":"Centurion and Healer","ascension_level":20}