{"gold_per_floor":[117,117,11,11,11,11,26,26,104,115,126,140,140,140,140,140],"floor_reached":16,"playtime":482,"items_purged":[],"score":167,"play_id":"6793639a-377b-412b-afc1-a6affe4f5668","local_time":"20190313121008","is_ascension_mode":true,"campfire_choices":[{"data":"Perfected Strike","floor":6,"key":"PURGE"},{"data":"Strike_R","floor":8,"key":"PURGE"},{"floor":15,"key":"REST"}],"neow_cost":"NONE","seed_source_timestamp":8136131278905,"circlet_count":0,"master_deck":["AscendersBane","Strike_R","Strike_R","Strike_R","Defend_R","Defend_R","Defend_R","Bash","Finesse","Limit Break"],"relics":["Burning Blood","Potion Belt","Peace Pipe","Dodecahedron","Golden Idol"],"potions_floor_usage":[10],"damage_taken":[{"damage":7,"enemies":"2 Louse","floor":1,"turns":3},{"damage":13,"enemies":"Small Slimes","floor":7,"turns":4},{"damage":12,"enemies":"Jaw Worm","floor":10,"turns":6},{"damage":35,"enemies":"Large Slime","floor":11,"turns":9},{"damage":8,"enemies":"3 Louse","floor":12,"turns":5},{"damage":51,"enemies":"The Guardian","floor":16,"turns":6}],"seed_played":"2752898806049914781","potions_obtained":[{"floor":7,"key":"Block Potion"}],"is_trial":false,"path_per_floor":["M","?","$","?","?","R","M","R","T","M","M","M","?","?","R","B"],"character_chosen":"IRONCLAD","items_purchased":["Finesse"],"campfire_rested":1,"item_purchase_floors":[3],"current_hp_per_floor":[67,56,56,49,74,74,67,67,67,61,32,30,30,30,50,0],"gold":140,"neow_bonus":"RANDOM_COMMON_RELIC","is_prod":false,"is_daily":false,"chose_seed":false,"campfire_upgraded":0,"win_rate":0,"timestamp":1552446608,"path_taken":["M","?","$","?","?","R","M","R","T","M","M","?","?","?","R","BOSS"],"build_version":"2019-01-23","purchased_purges":0,"victory":false,"max_hp_per_floor":[75,75,75,75,75,75,75,75,75,75,75,75,68,68,68,68],"card_choices":[{"not_picked":["Twin Strike","Anger"],"picked":"Perfected Strike","floor":1},{"not_picked":["Warcry","Havoc","Clash"],"picked":"SKIP","floor":7},{"not_picked":["Cleave","Entrench","Perfected Strike"],"picked":"SKIP","floor":10},{"not_picked":["Anger","Sentinel","Rage"],"picked":"SKIP","floor":11},{"not_picked":["Cleave","Body Slam","Reckless Charge"],"picked":"SKIP","floor":12}],"player_experience":302108,"relics_obtained":[{"floor":9,"key":"Dodecahedron"}],"event_choices":[{"damage_healed":0,"gold_gain":0,"player_choice":"Success","damage_taken":11,"relics_obtained":["Peace Pipe"],"max_hp_gain":0,"max_hp_loss":0,"event_name":"Scrap Ooze","floor":2,"gold_loss":0},{"cards_removed":["Strike_R"],"damage_healed":0,"gold_gain":0,"player_choice":"Card Removal","damage_taken":7,"max_hp_gain":0,"max_hp_loss":0,"event_name":"Golden Wing","floor":4,"gold_loss":0},{"damage_healed":25,"gold_gain":0,"player_choice":"Banana","damage_taken":0,"max_hp_gain":0,"max_hp_loss":0,"event_name":"Big Fish","floor":5,"gold_loss":0},{"damage_healed":0,"gold_gain":0,"player_choice":"Lose Max HP","damage_taken":0,"relics_obtained":["Golden Idol"],"max_hp_gain":0,"max_hp_loss":7,"event_name":"Golden Idol","floor":13,"gold_loss":0},{"damage_healed":0,"gold_gain":0,"cards_transformed":["Defend_R"],"player_choice":"Transformed","damage_taken":0,"max_hp_gain":0,"max_hp_loss":0,"event_name":"Transmorgrifier","floor":14,"gold_loss":0,"cards_obtained":["Limit Break"]}],"is_beta":false,"boss_relics":[],"items_purged_floors":[],"is_endless":false,"potions_floor_spawned":[7],"killed_by":"The Guardian","ascension_level":17}