{"gold_per_floor":[119,119,129,129,4,4,4,35,81,100,135,135,5,15,15,90,90,102,102,116,6,6,36,55,55,82,97,114,130,147,174,174,250,250,262,276,276,42,55,55,85,103,128,162,162,162,188,206,206,206,206,206,206,25,56,56],"floor_reached":56,"playtime":1845,"items_purged":["Decay","Strike_R","Strike_R"],"score":2013,"play_id":"6140666c-397b-4b9e-80dd-fcbf12661010","local_time":"20190228235308","is_ascension_mode":true,"campfire_choices":[{"data":"1","floor":7.0,"key":"LIFT"},{"data":"2","floor":12.0,"key":"LIFT"},{"data":"3","floor":15.0,"key":"LIFT"},{"data":"Feel No Pain","floor":25.0,"key":"SMITH"},{"data":"Limit Break","floor":32.0,"key":"SMITH"},{"floor":40.0,"key":"RECALL"},{"data":"Double Tap","floor":46.0,"key":"SMITH"},{"data":"Sword Boomerang","floor":49.0,"key":"SMITH"},{"data":"Beam Cell","floor":53.0,"key":"SMITH"}],"neow_cost":"","seed_source_timestamp":0,"circlet_count":0,"master_deck":["AscendersBane","Strike_R","Defend_R","Defend_R","Defend_R","Defend_R","Bash","Twin Strike+1","Ball Lightning","Pommel Strike","Self Repair","Second Wind","Cloak And Dagger","Limit Break+1","Reaper","Whirlwind+1","Feel No Pain+1","Malaise","Warcry+1","Flex+1","BootSequence","Adrenaline","Master of Strategy","Go for the Eyes+1","Beam Cell+1","Reaper","Double Tap+1","Sword Boomerang+1"],"special_seed":0,"relics":["Burning Blood","PrismaticShard","Calling Bell","Vajra","Paper Frog","Girya","Spirit Poop","The Courier","Mercury Hourglass","Art of War","Bronze Scales","White Beast Statue","Regal Pillow","Bag of Marbles","Potion Belt","Empty Cage","Unceasing Top","Pen Nib","Lantern","Oddly Smooth Stone","Strange Spoon","Magic Flower"],"potions_floor_usage":[],"damage_taken":[{"damage":5.0,"enemies":"2 Louse","floor":1.0,"turns":4.0},{"damage":0.0,"enemies":"Cultist","floor":3.0,"turns":2.0},{"damage":25.0,"enemies":"3 Sentries","floor":8.0,"turns":6.0},{"damage":0.0,"enemies":"Jaw Worm","floor":10.0,"turns":3.0},{"damage":32.0,"enemies":"Gremlin Nob","floor":11.0,"turns":4.0},{"damage":9.0,"enemies":"Exordium Thugs","floor":14.0,"turns":3.0},{"damage":0.0,"enemies":"Slime Boss","floor":16.0,"turns":4.0},{"damage":28.0,"enemies":"2 Thieves","floor":18.0,"turns":4.0},{"damage":13.0,"enemies":"3 Byrds","floor":20.0,"turns":2.0},{"damage":34.0,"enemies":"Book of Stabbing","floor":23.0,"turns":4.0},{"damage":32.0,"enemies":"Centurion and Healer","floor":24.0,"turns":3.0},{"damage":0.0,"enemies":"Shelled Parasite and Fungi","floor":27.0,"turns":1.0},{"damage":9.0,"enemies":"Snake Plant","floor":28.0,"turns":4.0},{"damage":12.0,"enemies":"Cultist and Chosen","floor":29.0,"turns":3.0},{"damage":37.0,"enemies":"Centurion and Healer","floor":30.0,"turns":7.0},{"damage":28.0,"enemies":"Slavers","floor":31.0,"turns":4.0},{"damage":99.0,"enemies":"Collector","floor":33.0,"turns":7.0},{"damage":0.0,"enemies":"Orb Walker","floor":35.0,"turns":2.0},{"damage":5.0,"enemies":"3 Darklings","floor":36.0,"turns":2.0},{"damage":7.0,"enemies":"4 Shapes","floor":39.0,"turns":9.0},{"damage":41.0,"enemies":"Nemesis","floor":41.0,"turns":7.0},{"damage":59.0,"enemies":"Maw","floor":42.0,"turns":8.0},{"damage":50.0,"enemies":"Reptomancer","floor":44.0,"turns":5.0},{"damage":37.0,"enemies":"Writhing Mass","floor":48.0,"turns":5.0},{"damage":71.0,"enemies":"Time Eater","floor":50.0,"turns":11.0},{"damage":106.0,"enemies":"Donu and Deca","floor":51.0,"turns":7.0},{"damage":78.0,"enemies":"Shield and Spear","floor":55.0,"turns":6.0},{"damage":52,"enemies":"The Heart","floor":56,"turns":2}],"seed_played":"1233177500876263555","potions_obtained":[{"floor":1.0,"key":"Explosive Potion"},{"floor":10.0,"key":"PowerPotion"},{"floor":16.0,"key":"SpeedPotion"},{"floor":18.0,"key":"Fire Potion"},{"floor":23.0,"key":"Strength Potion"},{"floor":24.0,"key":"SteroidPotion"},{"floor":27.0,"key":"SteroidPotion"},{"floor":29.0,"key":"FearPotion"},{"floor":30.0,"key":"SpeedPotion"},{"floor":31.0,"key":"AttackPotion"},{"floor":33.0,"key":"Energy Potion"},{"floor":35.0,"key":"SmokeBomb"},{"floor":36.0,"key":"BloodPotion"},{"floor":39.0,"key":"Regen Potion"},{"floor":41.0,"key":"Dexterity Potion"},{"floor":42.0,"key":"Energy Potion"},{"floor":44.0,"key":"FearPotion"},{"floor":48.0,"key":"GamblersBrew"},{"floor":55.0,"key":"Fire Potion"}],"is_trial":true,"path_per_floor":["M","?","M","?","$","T","R","E","T","M","E","R","$","M","R","B",null,"M","?","M","$","?","E","M","R","T","M","M","M","M","E","R","B",null,"M","M","?","$","M","R","E","M","T","E","?","R","T","M","R","B","B",null,"R","$","E","B"],"character_chosen":"IRONCLAD","items_purchased":["Pommel Strike","Limit Break","Feel No Pain","Reaper","Strange Spoon"],"campfire_rested":0,"item_purchase_floors":[5,13,21,38,54],"current_hp_per_floor":[69,69,75,75,75,75,75,56,56,62,43,43,43,40,40,53,70,55,55,67,67,67,46,63,63,63,69,75,75,72,60,60,19,61,68,69,69,69,75,75,75,59,59,49,49,49,49,75,75,75,18,61,61,61,23,0],"gold":56,"neow_bonus":"","is_prod":false,"is_daily":false,"chose_seed":false,"campfire_upgraded":5,"win_rate":0,"timestamp":1551365588,"path_taken":["M","?","?","?","$","?","R","E","T","M","E","R","$","M","R","BOSS","M","?","?","$","?","E","M","R","T","M","?","M","M","E","R","BOSS","M","M","?","$","?","R","E","M","T","E","?","R","?","?","R","BOSS","BOSS","R","$","E","BOSS"],"build_version":"2019-01-23","purchased_purges":3,"victory":false,"max_hp_per_floor":[75,75,75,75,75,75,75,75,75,75,75,75,75,75,75,75,75,75,75,75,75,75,75,75,75,75,75,75,75,75,75,75,75,75,75,75,75,75,75,75,75,75,75,75,75,75,75,75,75,75,75,75,75,75,75,75],"card_choices":[{"not_picked":["Compile Driver","Bouncing Flask"],"picked":"Twin Strike","floor":1.0},{"not_picked":["Loop","Clash"],"picked":"Ball Lightning","floor":3.0},{"not_picked":["White Noise","Bane"],"picked":"Self Repair","floor":8.0},{"not_picked":["Dagger Throw","Bane"],"picked":"Second Wind","floor":10.0},{"not_picked":["Redo","Tactician"],"picked":"Cloak And Dagger","floor":11.0},{"not_picked":["Wild Strike","Dodge and Roll","Stack"],"picked":"SKIP","floor":14.0},{"not_picked":["Bludgeon","Seek"],"picked":"Reaper","floor":16.0},{"not_picked":["Twin Strike","Underhanded Strike+1"],"picked":"Whirlwind+1","floor":18.0},{"not_picked":["Body Slam","Stack","Iron Wave"],"picked":"SKIP","floor":20.0},{"not_picked":["Clash","Mind Blast+1","Body Slam"],"picked":"SKIP","floor":23.0},{"not_picked":["Clash","Dagger Throw"],"picked":"Malaise","floor":24.0},{"not_picked":["Cleave","Dodge and Roll"],"picked":"Warcry+1","floor":27.0},{"not_picked":["Glacier","Flying Knee"],"picked":"Flex+1","floor":28.0},{"not_picked":["Melter","Rebound+1"],"picked":"BootSequence","floor":29.0},{"not_picked":["PiercingWail","Deadly Poison"],"picked":"Adrenaline","floor":30.0},{"not_picked":["Prepared","Twin Strike","Shrug It Off"],"picked":"SKIP","floor":31.0},{"not_picked":["Thinking Ahead","Thunder Strike"],"picked":"Master of Strategy","floor":33.0},{"not_picked":["Gash","Coolheaded"],"picked":"Go for the Eyes+1","floor":35.0},{"not_picked":["Redo","Blind"],"picked":"Beam Cell","floor":36.0},{"not_picked":["Dash","Finisher","Cloak And Dagger"],"picked":"SKIP","floor":39.0},{"not_picked":["Underhanded Strike","Barrage+1","Bane"],"picked":"SKIP","floor":41.0},{"not_picked":["Gash+1","Ball Lightning","Dagger Spray"],"picked":"SKIP","floor":42.0},{"not_picked":["Steam Power","Leg Sweep"],"picked":"Double Tap","floor":44.0},{"not_picked":["Twin Strike+1","Rip and Tear"],"picked":"Sword Boomerang","floor":48.0},{"not_picked":["Flying Knee","Bouncing Flask","Scrape"],"picked":"SKIP","floor":55.0}],"player_experience":4425717,"relics_obtained":[{"floor":0.0,"key":"Vajra"},{"floor":0.0,"key":"Paper Frog"},{"floor":0.0,"key":"Girya"},{"floor":6.0,"key":"The Courier"},{"floor":8.0,"key":"Mercury Hourglass"},{"floor":9.0,"key":"Art of War"},{"floor":11.0,"key":"Bronze Scales"},{"floor":23.0,"key":"Regal Pillow"},{"floor":26.0,"key":"Bag of Marbles"},{"floor":31.0,"key":"Potion Belt"},{"floor":41.0,"key":"Pen Nib"},{"floor":44.0,"key":"Lantern"},{"floor":47.0,"key":"Oddly Smooth Stone"},{"floor":55.0,"key":"Magic Flower"}],"event_choices":[{"damage_healed":0.0,"max_hp_gain":0.0,"max_hp_loss":0.0,"gold_gain":0.0,"event_name":"Accursed Blacksmith","player_choice":"Forge","floor":2.0,"gold_loss":0.0,"damage_taken":0.0,"cards_upgraded":["Twin Strike"]},{"cards_removed":["Writhe"],"damage_healed":0.0,"max_hp_gain":0.0,"max_hp_loss":0.0,"gold_gain":0.0,"event_name":"Bonfire Elementals","player_choice":"Offered Curse","floor":4.0,"gold_loss":0.0,"damage_taken":0.0,"relics_obtained":["Spirit Poop"]},{"cards_removed":["Clumsy"],"damage_healed":0.0,"max_hp_gain":0.0,"max_hp_loss":0.0,"gold_gain":0.0,"event_name":"Fountain of Cleansing","player_choice":"Removed Curses","floor":19.0,"gold_loss":0.0,"damage_taken":0.0},{"damage_healed":0.0,"max_hp_gain":0.0,"max_hp_loss":0.0,"gold_gain":0.0,"event_name":"Lab","player_choice":"Got Potions","floor":22.0,"gold_loss":0.0,"damage_taken":0.0},{"damage_healed":0.0,"max_hp_gain":0.0,"max_hp_loss":0.0,"gold_gain":0.0,"event_name":"WeMeetAgain","player_choice":"Gave Potion","floor":37.0,"gold_loss":0.0,"damage_taken":0.0,"relics_obtained":["Unceasing Top"]},{"damage_healed":0.0,"max_hp_gain":0.0,"max_hp_loss":0.0,"gold_gain":0.0,"event_name":"Tomb of Lord Red Mask","player_choice":"Ignored","floor":45.0,"gold_loss":0.0,"damage_taken":0.0}],"is_beta":false,"boss_relics":[{"not_picked":["Fusion Hammer","Philosopher\u0027s Stone"],"picked":"White Beast Statue"},{"not_picked":["Busted Crown","Runic Dome"],"picked":"Empty Cage"}],"items_purged_floors":[5,21,38],"is_endless":false,"potions_floor_spawned":[1,10,11,16,18,20,23,24,27,28,29,30,31,33,35,36,39,41,42,44,48,55],"killed_by":"The Heart","ascension_level":20}