{"gold_per_floor":[115,115,132,147,159,159,190,202,214,253,284,296,11,21,21,93,93,105,105,55,66,77,77,2,2,29,3,21,21,21,21,21,99,99,113,113,213,213,233,268,268,301,369,369,389,423,423,180,180,180,180,180,180,18,18],"floor_reached":55,"playtime":3520,"items_purged":["Strike_B","Defend_B","Ball Lightning","Doom and Gloom"],"score":1972,"play_id":"edd9b4b7-8c7c-4fea-9520-463b3a4b4764","local_time":"20190112014754","is_ascension_mode":true,"campfire_choices":[{"data":"Dualcast","floor":6,"key":"SMITH"},{"floor":8,"key":"REST"},{"data":"Fusion","floor":12,"key":"SMITH"},{"data":"Creative AI","floor":15,"key":"SMITH"},{"floor":23,"key":"REST"},{"floor":25,"key":"REST"},{"data":"Chaos","floor":30,"key":"SMITH"},{"data":"Conserve Battery","floor":32,"key":"SMITH"},{"floor":41,"key":"REST"},{"floor":44,"key":"REST"},{"floor":47,"key":"REST"},{"floor":49,"key":"RECALL"},{"floor":53,"key":"REST"}],"neow_cost":"NONE","seed_source_timestamp":112179736250897,"circlet_count":0,"master_deck":["AscendersBane","Zap+1","Dualcast+1","Leap","Creative AI+1","Fusion+1","Cold Snap","Coolheaded","Compile Driver","Echo Form","Sunder+1","Leap","Genetic Algorithm+1","Beam Cell","Hello World","Compile Driver","Conserve Battery+1","Chaos+1","Double Energy","Echo Form","Blizzard+1","Secret Technique","Glacier+1","Meteor Strike","Stack+1","Go for the Eyes+1","Hologram"],"relics":["Cracked Core","MawBank","Smiling Mask","Pantograph","DataDisk","Nuclear Battery","Vajra","Lizard Tail","Prayer Wheel","Symbiotic Virus","Blue Candle","Orichalcum","War Paint"],"potions_floor_usage":[5,16,22,40,40,42,51,55,55],"damage_taken":[{"damage":4,"enemies":"Small Slimes","floor":1,"turns":3},{"damage":1,"enemies":"Cultist","floor":3,"turns":4},{"damage":7,"enemies":"2 Louse","floor":4,"turns":3},{"damage":5,"enemies":"Gremlin Gang","floor":5,"turns":6},{"damage":40,"enemies":"3 Sentries","floor":7,"turns":5},{"damage":0,"enemies":"Lagavulin","floor":10,"turns":7},{"damage":3,"enemies":"Blue Slaver","floor":11,"turns":3},{"damage":11,"enemies":"Exordium Thugs","floor":14,"turns":3},{"damage":24,"enemies":"Slime Boss","floor":16,"turns":7},{"damage":15,"enemies":"Shell Parasite","floor":18,"turns":5},{"damage":9,"enemies":"2 Thieves","floor":21,"turns":3},{"damage":32,"enemies":"Centurion and Healer","floor":22,"turns":8},{"damage":4,"enemies":"3 Cultists","floor":28,"turns":5},{"damage":26,"enemies":"Champ","floor":33,"turns":10},{"damage":25,"enemies":"3 Shapes","floor":35,"turns":4},{"damage":0,"enemies":"Mind Bloom Boss Battle","floor":37,"turns":4},{"damage":15,"enemies":"Orb Walker","floor":39,"turns":4},{"damage":53,"enemies":"Giant Head","floor":40,"turns":10},{"damage":51,"enemies":"Reptomancer","floor":42,"turns":8},{"damage":6,"enemies":"3 Darklings","floor":45,"turns":5},{"damage":0,"enemies":"Nemesis","floor":46,"turns":13},{"damage":53,"enemies":"Time Eater","floor":50,"turns":20},{"damage":41,"enemies":"Donu and Deca","floor":51,"turns":13},{"damage":78,"enemies":"Shield and Spear","floor":55,"turns":8}],"seed_played":"1868900048397040610","potions_obtained":[{"floor":1,"key":"FocusPotion"},{"floor":4,"key":"Fire Potion"},{"floor":11,"key":"Swift Potion"},{"floor":16,"key":"SteroidPotion"},{"floor":22,"key":"Fruit Juice"},{"floor":33,"key":"Dexterity Potion"},{"floor":40,"key":"AttackPotion"},{"floor":46,"key":"PowerPotion"}],"is_trial":false,"path_per_floor":["M","?","M","M","M","R","E","R","T","E","M","R","$","M","R","B",null,"M","?","$","M","M","R","?","R","T","$","M","?","R","$","R","B",null,"M","?","?","?","M","E","R","E","T","R","M","E","R","$","R","B","B",null,"R","$","E"],"character_chosen":"DEFECT","items_purchased":["DataDisk","Cold Snap","Coolheaded","Compile Driver","Hologram","War Paint","Dexterity Potion","PowerPotion"],"campfire_rested":7,"item_purchase_floors":[13,13,13,27,48,48,54,54],"current_hp_per_floor":[60,60,59,52,47,47,7,28,28,28,25,25,25,14,14,15,57,42,42,42,33,6,28,28,50,50,50,46,46,46,46,46,45,68,43,43,68,68,53,38,60,9,9,31,25,25,47,47,47,19,3,58,76,76,0],"gold":18,"neow_bonus":"REMOVE_CARD","is_prod":false,"is_daily":false,"chose_seed":false,"campfire_upgraded":5,"win_rate":0,"timestamp":1547225274,"path_taken":["M","?","M","M","M","R","E","R","T","E","M","R","$","?","R","BOSS","M","?","$","?","M","R","?","R","T","?","M","?","R","$","R","BOSS","M","?","?","?","M","E","R","E","T","R","M","E","R","$","R","BOSS","BOSS","R","$","E"],"build_version":"2019-01-10","purchased_purges":4,"victory":false,"max_hp_per_floor":[71,71,71,71,71,71,71,71,71,71,71,71,71,71,71,71,71,71,71,71,71,76,76,76,76,76,76,76,76,76,76,76,76,76,76,76,76,76,76,76,76,76,76,76,76,76,76,76,76,76,76,76,76,76,76],"card_choices":[{"not_picked":["Skim","Redo"],"picked":"Leap","floor":1},{"not_picked":["Stack","Auto Shields","Force Field"],"picked":"SKIP","floor":3},{"not_picked":["Ball Lightning","Leap"],"picked":"Doom and Gloom","floor":4},{"not_picked":["Conserve Battery","Sweeping Beam"],"picked":"Ball Lightning","floor":5},{"not_picked":["Melter","Sweeping Beam"],"picked":"Creative AI","floor":7},{"not_picked":["Darkness","Recycle"],"picked":"Fusion","floor":10},{"not_picked":["Steam Power","Beam Cell","Redo"],"picked":"SKIP","floor":11},{"not_picked":["Conserve Battery","Barrage"],"picked":"Compile Driver","floor":14},{"not_picked":["Hyperbeam","Biased Cognition"],"picked":"Echo Form","floor":16},{"not_picked":["White Noise","Reinforced Body"],"picked":"Sunder+1","floor":18},{"not_picked":["Gash","Steam Power"],"picked":"Genetic Algorithm","floor":21},{"not_picked":["Stack","Turbo","Ball Lightning"],"picked":"SKIP","floor":22},{"not_picked":["Turbo","Stack"],"picked":"Conserve Battery","floor":28},{"not_picked":["Creative AI","Seek"],"picked":"Echo Form","floor":33},{"not_picked":["BootSequence","Coolheaded"],"picked":"Blizzard+1","floor":35},{"not_picked":["Forethought","Jack Of All Trades"],"picked":"Secret Technique","floor":36},{"not_picked":["Scrape","Turbo+1","Streamline"],"picked":"SKIP","floor":39},{"not_picked":["Glacier","Beam Cell","Hologram"],"picked":"SKIP","floor":39},{"not_picked":["Beam Cell","Hologram"],"picked":"Glacier","floor":39},{"not_picked":["Scrape","Turbo+1","Streamline"],"picked":"SKIP","floor":39},{"not_picked":["Genetic Algorithm","Gash","Barrage+1"],"picked":"SKIP","floor":40},{"not_picked":["Ball Lightning","Sweeping Beam"],"picked":"Meteor Strike","floor":42},{"not_picked":["Genetic Algorithm","Cold Snap"],"picked":"Stack+1","floor":45},{"not_picked":["Ball Lightning","Streamline","Lockon"],"picked":"SKIP","floor":45},{"not_picked":["Rebound","Scrape"],"picked":"Go for the Eyes+1","floor":46}],"player_experience":4054514,"relics_obtained":[{"floor":7,"key":"MawBank"},{"floor":9,"key":"Smiling Mask"},{"floor":10,"key":"Pantograph"},{"floor":26,"key":"Vajra"},{"floor":37,"key":"Prayer Wheel"},{"floor":40,"key":"Symbiotic Virus"},{"floor":42,"key":"Blue Candle"},{"floor":46,"key":"Orichalcum"}],"event_choices":[{"damage_healed":0,"gold_gain":0,"player_choice":"Upgraded","damage_taken":0,"max_hp_gain":0,"max_hp_loss":0,"event_name":"Upgrade Shrine","floor":2,"gold_loss":0,"cards_upgraded":["Zap"]},{"damage_healed":0,"gold_gain":0,"cards_transformed":["Strike_B"],"player_choice":"Transformed","damage_taken":0,"max_hp_gain":0,"max_hp_loss":0,"event_name":"Transmorgrifier","floor":19,"gold_loss":0,"cards_obtained":["Leap"]},{"damage_healed":0,"gold_gain":0,"cards_transformed":["Defend_B","Defend_B"],"player_choice":"Transformed Cards","damage_taken":0,"max_hp_gain":0,"max_hp_loss":0,"event_name":"Designer","floor":24,"gold_loss":75,"cards_obtained":["Beam Cell","Hello World"]},{"damage_healed":0,"gold_gain":0,"cards_transformed":["Defend_B","Strike_B"],"player_choice":"Became Test Subject","damage_taken":0,"max_hp_gain":0,"max_hp_loss":0,"event_name":"Drug Dealer","floor":29,"gold_loss":0,"cards_obtained":["Chaos","Double Energy"]},{"damage_healed":0,"gold_gain":0,"player_choice":"Memory 1","damage_taken":0,"max_hp_gain":0,"max_hp_loss":0,"event_name":"SensoryStone","floor":36,"gold_loss":0},{"damage_healed":0,"gold_gain":0,"player_choice":"Fight","damage_taken":0,"max_hp_gain":0,"max_hp_loss":0,"event_name":"MindBloom","floor":37,"gold_loss":0},{"damage_healed":0,"gold_gain":0,"player_choice":"Ignored","damage_taken":0,"max_hp_gain":0,"max_hp_loss":0,"event_name":"Tomb of Lord Red Mask","floor":38,"gold_loss":0}],"is_beta":false,"boss_relics":[{"not_picked":["Coffee Dripper","Cursed Key"],"picked":"Nuclear Battery"},{"not_picked":["Velvet Choker","White Beast Statue"],"picked":"Lizard Tail"}],"items_purged_floors":[13,20,48,54],"is_endless":false,"potions_floor_spawned":[1,4,11,14,16,18,22,33,39,40,46],"killed_by":"Shield and Spear","ascension_level":20}