{"gold_per_floor":[218,228,43,118,68,102,121,134,134,134,149,159,184,55,55,156,156,176,196,14,34,53,53,85,95,95,110,110,121,121,149,149,248,248,264,279,293,515,83,116,116,216,243,258,273,123,123,141,141,141],"floor_reached":50,"playtime":4279,"items_purged":["Strike_B","Strike_B","Shame","Pain"],"score":533,"play_id":"7d0b66a2-1e60-41c5-954c-6f65bbe84411","local_time":"20190210225234","is_ascension_mode":false,"campfire_choices":[{"data":"Apotheosis","floor":10,"key":"SMITH"},{"floor":15,"key":"REST"},{"floor":23,"key":"REST"},{"floor":28,"key":"REST"},{"data":"Hologram","floor":30,"key":"SMITH"},{"floor":32,"key":"REST"},{"floor":41,"key":"REST"},{"floor":47,"key":"REST"},{"data":"Defragment","floor":49,"key":"SMITH"}],"neow_cost":"NONE","seed_source_timestamp":854701696709209,"circlet_count":0,"master_deck":["Strike_B+1","Defend_B","Defend_B","Defend_B+1","Defend_B","Zap","Dualcast+1","Go for the Eyes+1","Redo","Apotheosis+1","Leap","Melter","Hologram+1","Machine Learning","Conserve Battery+1","Electrodynamics","Sunder+1","Loop","Fusion+1","Cold Snap+1","Chill+1","Ball Lightning+1","Seek+1","Defragment+1","Double Energy+1"],"relics":["Cracked Core","Regal Pillow","War Paint","Toxic Egg 2","Cursed Key","Lantern","Mummified Hand","Red Mask","Sozu","Mango","Vajra","Unceasing Top","Whetstone"],"potions_floor_usage":[],"damage_taken":[{"damage":1,"enemies":"Jaw Worm","floor":1,"turns":3},{"damage":0,"enemies":"2 Louse","floor":2,"turns":4},{"damage":15,"enemies":"Gremlin Nob","floor":6,"turns":4},{"damage":0,"enemies":"Small Slimes","floor":7,"turns":3},{"damage":7,"enemies":"Looter","floor":8,"turns":3},{"damage":0,"enemies":"2 Fungi Beasts","floor":11,"turns":3},{"damage":0,"enemies":"Large Slime","floor":12,"turns":4},{"damage":17,"enemies":"3 Sentries","floor":13,"turns":8},{"damage":34,"enemies":"Hexaghost","floor":16,"turns":11},{"damage":10,"enemies":"Spheric Guardian","floor":18,"turns":3},{"damage":7,"enemies":"Shell Parasite","floor":19,"turns":4},{"damage":20,"enemies":"Centurion and Healer","floor":21,"turns":5},{"damage":17,"enemies":"Snake Plant","floor":22,"turns":5},{"damage":19,"enemies":"Gremlin Leader","floor":24,"turns":5},{"damage":9,"enemies":"Snecko","floor":25,"turns":6},{"damage":0,"enemies":"Shelled Parasite and Fungi","floor":27,"turns":6},{"damage":6,"enemies":"3 Cultists","floor":29,"turns":5},{"damage":5,"enemies":"Masked Bandits","floor":31,"turns":3},{"damage":50,"enemies":"Champ","floor":33,"turns":14},{"damage":0,"enemies":"3 Darklings","floor":35,"turns":5},{"damage":30,"enemies":"3 Shapes","floor":36,"turns":4},{"damage":0,"enemies":"Maw","floor":37,"turns":8},{"damage":54,"enemies":"Giant Head","floor":40,"turns":9},{"damage":0,"enemies":"Mind Bloom Boss Battle","floor":42,"turns":6},{"damage":6,"enemies":"Spire Growth","floor":44,"turns":4},{"damage":3,"enemies":"3 Darklings","floor":45,"turns":4},{"damage":7,"enemies":"4 Shapes","floor":48,"turns":4},{"damage":76,"enemies":"Time Eater","floor":50,"turns":11}],"seed_played":"-6599409799243626532","potions_obtained":[{"floor":11,"key":"Strength Potion"},{"floor":16,"key":"SteroidPotion"},{"floor":21,"key":"SpeedPotion"},{"floor":24,"key":"Weak Potion"},{"floor":27,"key":"GamblersBrew"},{"floor":29,"key":"Dexterity Potion"}],"is_trial":false,"path_per_floor":["M","M","$","?","?","E","M","M","T","R","M","M","E","$","R","B",null,"M","M","$","M","M","R","E","M","T","M","R","M","R","?","R","B",null,"M","M","M","?","$","E","R","?","T","M","M","$","R","M","R","B"],"character_chosen":"DEFECT","items_purchased":["Apotheosis","Conserve Battery+1","Loop","Mango"],"campfire_rested":6,"item_purchase_floors":[3,14,20,39],"current_hp_per_floor":[74,74,74,63,63,48,48,41,41,41,41,41,24,24,61,27,75,65,58,58,38,21,58,39,30,30,30,67,61,61,56,75,25,75,75,45,45,45,59,5,46,46,46,40,37,37,78,71,71,0],"gold":141,"neow_bonus":"HUNDRED_GOLD","is_prod":false,"is_daily":false,"chose_seed":false,"campfire_upgraded":3,"win_rate":0.0,"timestamp":1549806754,"path_taken":["M","M","$","?","?","E","M","M","T","R","M","M","E","$","R","BOSS","M","M","$","M","M","R","E","M","T","M","R","M","R","?","R","BOSS","M","M","M","?","$","E","R","?","T","M","M","$","R","M","R","BOSS"],"build_version":"2019-01-23","purchased_purges":4,"victory":false,"max_hp_per_floor":[75,75,75,75,75,75,75,75,75,75,75,75,75,75,75,75,75,75,75,75,75,75,75,75,75,75,75,75,75,75,75,75,75,75,75,75,75,75,89,89,89,89,89,89,89,89,89,89,89,89],"card_choices":[{"not_picked":["Rebound","Cold Snap"],"picked":"Go for the Eyes","floor":1},{"not_picked":["Rebound","Beam Cell"],"picked":"Redo","floor":2},{"not_picked":["Gash","Sweeping Beam"],"picked":"Leap","floor":6},{"not_picked":["Reprogram","Steam"],"picked":"Melter","floor":7},{"not_picked":["Streamline","Redo","Turbo"],"picked":"SKIP","floor":8},{"not_picked":["Streamline","Heatsinks"],"picked":"Hologram","floor":11},{"not_picked":["Stack","Force Field","Sweeping Beam"],"picked":"SKIP","floor":12},{"not_picked":["Static Discharge","FTL"],"picked":"Machine Learning","floor":13},{"not_picked":["Creative AI","Thunder Strike"],"picked":"Electrodynamics","floor":16},{"not_picked":["Ball Lightning+1","Tempest+1"],"picked":"Sunder+1","floor":18},{"not_picked":["Streamline+1","Rip and Tear","Redo+1"],"picked":"SKIP","floor":19},{"not_picked":["Streamline","Force Field+1"],"picked":"Fusion+1","floor":21},{"not_picked":["Hologram+1","Darkness+1"],"picked":"Cold Snap+1","floor":22},{"not_picked":["Cold Snap","Tempest+1"],"picked":"Chill+1","floor":24},{"not_picked":["Hologram+1","Cold Snap","Leap+1"],"picked":"SKIP","floor":25},{"not_picked":["Rebound+1","Compile Driver","Redo+1"],"picked":"SKIP","floor":27},{"not_picked":["Steam+1","Cold Snap+1","Rebound"],"picked":"SKIP","floor":29},{"not_picked":["Fission+1","Barrage"],"picked":"Ball Lightning+1","floor":31},{"not_picked":["Buffer","Creative AI"],"picked":"Seek+1","floor":33},{"not_picked":["Stack+1","Turbo+1"],"picked":"Defragment","floor":35},{"not_picked":["Go for the Eyes","Genetic Algorithm+1","Sunder+1"],"picked":"SKIP","floor":36},{"not_picked":["Turbo+1","Sweeping Beam","Beam Cell"],"picked":"SKIP","floor":37},{"not_picked":["Scrape","Leap+1"],"picked":"Double Energy+1","floor":40},{"not_picked":["Skim+1","Hello World","Leap+1"],"picked":"SKIP","floor":44},{"not_picked":["Gash","Barrage+1","Melter"],"picked":"SKIP","floor":45},{"not_picked":["Conserve Battery+1","Loop+1","Coolheaded+1"],"picked":"SKIP","floor":48}],"player_experience":24148,"relics_obtained":[{"floor":6,"key":"Regal Pillow"},{"floor":9,"key":"War Paint"},{"floor":13,"key":"Toxic Egg 2"},{"floor":24,"key":"Lantern"},{"floor":26,"key":"Mummified Hand"},{"floor":31,"key":"Red Mask"},{"floor":40,"key":"Vajra"},{"floor":42,"key":"Unceasing Top"},{"floor":43,"key":"Whetstone"}],"event_choices":[{"damage_healed":0,"gold_gain":75,"player_choice":"Gather Gold","damage_taken":11,"max_hp_gain":0,"max_hp_loss":0,"event_name":"World of Goop","floor":4,"gold_loss":0},{"cards_removed":["Strike_B"],"damage_healed":0,"gold_gain":0,"player_choice":"Card Removal","damage_taken":0,"max_hp_gain":0,"max_hp_loss":0,"event_name":"The Cleric","floor":5,"gold_loss":50},{"damage_healed":0,"gold_gain":0,"player_choice":"Fought Bandits","damage_taken":0,"max_hp_gain":0,"max_hp_loss":0,"event_name":"Masked Bandits","floor":31,"gold_loss":0},{"damage_healed":0,"gold_gain":222,"player_choice":"Wore Mask","damage_taken":0,"max_hp_gain":0,"max_hp_loss":0,"event_name":"Tomb of Lord Red Mask","floor":38,"gold_loss":0},{"damage_healed":0,"gold_gain":0,"player_choice":"Fight","damage_taken":0,"max_hp_gain":0,"max_hp_loss":0,"event_name":"MindBloom","floor":42,"gold_loss":0}],"is_beta":false,"boss_relics":[{"not_picked":["Philosopher\u0027s Stone","Coffee Dripper"],"picked":"Cursed Key"},{"not_picked":["Busted Crown","Calling Bell"],"picked":"Sozu"}],"items_purged_floors":[14,20,39,46],"is_endless":false,"potions_floor_spawned":[11,12,16,21,24,27,29,31,33,37,44,45,48],"killed_by":"Time Eater","ascension_level":0}