{"gold_per_floor":[111,127,277,294,12,12,26,60,60,60,140,215,8,8,8,8],"floor_reached":16,"playtime":427,"items_purged":["Doubt","Strike_R"],"score":186,"play_id":"2852696e-6c5f-4548-a56c-3be209eca5b5","local_time":"20190317160802","is_ascension_mode":true,"campfire_choices":[{"data":"Rupture","floor":6.0,"key":"SMITH"},{"floor":10.0,"key":"REST"},{"floor":15.0,"key":"REST"}],"neow_cost":"NONE","seed_source_timestamp":238630911685201,"circlet_count":0,"master_deck":["AscendersBane","Strike_R","Strike_R","Strike_R","Strike_R","Defend_R","Defend_R","Defend_R","Defend_R","Bash+1","Carnage","Cleave","Warcry","Rupture+1","Metallicize","Second Wind","Trip"],"special_seed":0,"relics":["Burning Blood","PreservedInsect","Shuriken","Mummified Hand","Darkstone Periapt"],"potions_floor_usage":[],"damage_taken":[{"damage":11.0,"enemies":"2 Louse","floor":1.0,"turns":3.0},{"damage":18.0,"enemies":"Small Slimes","floor":2.0,"turns":4.0},{"damage":11.0,"enemies":"Jaw Worm","floor":4.0,"turns":4.0},{"damage":29.0,"enemies":"Exordium Thugs","floor":7.0,"turns":5.0},{"damage":17.0,"enemies":"Lagavulin","floor":8.0,"turns":5.0},{"damage":53,"enemies":"Slime Boss","floor":16,"turns":8}],"seed_played":"7585086705130104934","potions_obtained":[{"floor":4.0,"key":"EssenceOfSteel"}],"is_trial":false,"path_per_floor":["M","M","?","M","$","R","M","E","T","R","?","?","$","?","R","B"],"character_chosen":"IRONCLAD","items_purchased":["PreservedInsect","Rupture","Trip"],"campfire_rested":2,"item_purchase_floors":[5,5,13],"current_hp_per_floor":[63,51,51,46,46,46,23,12,12,34,34,23,23,18,40,0],"gold":8,"neow_bonus":"UPGRADE_CARD","is_prod":false,"is_daily":false,"chose_seed":false,"campfire_upgraded":1,"win_rate":0,"timestamp":1552806482,"path_taken":["M","M","?","M","$","R","M","E","T","R","?","?","$","?","R","BOSS"],"build_version":"2019-01-23","purchased_purges":2,"victory":false,"max_hp_per_floor":[75,75,75,75,75,75,75,75,75,75,75,75,75,75,75,75],"card_choices":[{"not_picked":["Heavy Blade","Searing Blow"],"picked":"Carnage","floor":1.0},{"not_picked":["Anger","Disarm"],"picked":"Cleave","floor":2.0},{"not_picked":["Twin Strike","Heavy Blade"],"picked":"Warcry","floor":4.0},{"not_picked":["Searing Blow","Clothesline"],"picked":"Metallicize","floor":7.0},{"not_picked":["Sword Boomerang","Bludgeon"],"picked":"Second Wind","floor":8.0}],"player_experience":344142,"relics_obtained":[{"floor":8.0,"key":"Shuriken"},{"floor":9.0,"key":"Mummified Hand"}],"event_choices":[{"damage_healed":0.0,"max_hp_gain":0.0,"max_hp_loss":0.0,"gold_gain":150.0,"event_name":"Liars Game","player_choice":"AGREE","floor":3.0,"gold_loss":0.0,"damage_taken":0.0,"cards_obtained":["Doubt"]},{"damage_healed":0.0,"max_hp_gain":0.0,"max_hp_loss":0.0,"gold_gain":80.0,"event_name":"Golden Wing","player_choice":"Gained Gold","floor":11.0,"gold_loss":0.0,"damage_taken":0.0},{"damage_healed":0.0,"max_hp_gain":0.0,"max_hp_loss":0.0,"gold_gain":75.0,"event_name":"World of Goop","player_choice":"Gather Gold","floor":12.0,"gold_loss":0.0,"damage_taken":11.0},{"damage_healed":0.0,"max_hp_gain":0.0,"max_hp_loss":0.0,"gold_gain":0.0,"event_name":"Scrap Ooze","player_choice":"Success","floor":14.0,"gold_loss":0.0,"damage_taken":5.0,"relics_obtained":["Darkstone Periapt"]}],"is_beta":false,"boss_relics":[],"items_purged_floors":[5,13],"is_endless":false,"potions_floor_spawned":[4],"killed_by":"Slime Boss","ascension_level":18}