{"gold_per_floor":[111,111,129,129,4,39,53,53,53,72,72,85,32,48,48,48],"floor_reached":16,"playtime":581,"items_purged":["Strike_B"],"score":204,"play_id":"c35b0e88-10cd-4443-b63c-3c79db987ac2","local_time":"20190217025049","is_ascension_mode":true,"campfire_choices":[{"floor":8,"key":"REST"},{"data":"Coolheaded","floor":11,"key":"SMITH"},{"data":"Zap","floor":15,"key":"SMITH"}],"neow_cost":"NONE","seed_source_timestamp":218137033787200,"circlet_count":0,"master_deck":["AscendersBane","Strike_B","Defend_B","Defend_B","Defend_B","Zap+1","Dualcast","Streamline","Chill","Streamline","Coolheaded+1","Fission","Hologram"],"relics":["Empty Cage","DataDisk","Ornamental Fan"],"potions_floor_usage":[],"damage_taken":[{"damage":18,"enemies":"Cultist","floor":1,"turns":5},{"damage":1,"enemies":"2 Louse","floor":3,"turns":3},{"damage":29,"enemies":"Gremlin Nob","floor":6,"turns":4},{"damage":1,"enemies":"Small Slimes","floor":7,"turns":4},{"damage":3,"enemies":"Looter","floor":10,"turns":4},{"damage":0,"enemies":"2 Fungi Beasts","floor":12,"turns":4},{"damage":3,"enemies":"Exordium Thugs","floor":14,"turns":4},{"damage":31,"enemies":"Hexaghost","floor":16,"turns":7}],"seed_played":"154237206860765250","potions_obtained":[{"floor":6,"key":"Ancient Potion"}],"is_trial":false,"path_per_floor":["M","T","M","?","$","E","M","R","T","M","R","M","$","M","R","B"],"character_chosen":"DEFECT","items_purchased":["Streamline","Hologram"],"campfire_rested":1,"item_purchase_floors":[5,13],"current_hp_per_floor":[46,46,45,45,45,16,15,36,36,33,33,33,33,30,30,0],"gold":48,"neow_bonus":"BOSS_RELIC","is_prod":false,"is_daily":false,"chose_seed":false,"campfire_upgraded":2,"win_rate":0,"timestamp":1550339449,"path_taken":["M","?","?","?","$","E","M","R","T","M","R","?","?","M","R","BOSS"],"build_version":"2019-01-23","purchased_purges":1,"victory":false,"max_hp_per_floor":[71,71,71,71,71,71,71,71,71,71,71,71,71,71,71,71],"card_choices":[{"not_picked":["Steam","Hello World"],"picked":"Streamline","floor":1},{"not_picked":["Streamline","Compile Driver"],"picked":"Chill","floor":3},{"not_picked":["Sunder","Double Energy"],"picked":"Coolheaded","floor":6},{"not_picked":["Double Energy","Steam Power","Gash"],"picked":"SKIP","floor":7},{"not_picked":["Ball Lightning","Sweeping Beam"],"picked":"Fission","floor":10},{"not_picked":["Blizzard","Streamline","Gash"],"picked":"SKIP","floor":12},{"not_picked":["Force Field","Loop","Glacier"],"picked":"SKIP","floor":14}],"player_experience":4315387,"relics_obtained":[{"floor":6,"key":"DataDisk"},{"floor":9,"key":"Ornamental Fan"}],"event_choices":[{"cards_removed":["Strike_B"],"damage_healed":0,"gold_gain":0,"player_choice":"Offered Basic","damage_taken":0,"max_hp_gain":0,"max_hp_loss":0,"event_name":"Bonfire Elementals","floor":4,"gold_loss":0}],"is_beta":false,"boss_relics":[],"items_purged_floors":[5],"is_endless":false,"potions_floor_spawned":[6],"killed_by":"Hexaghost","ascension_level":20}