{"gold_per_floor":[118,118,118,43,43,43,57,98,98,121,46,46,80,80,80,80],"floor_reached":16,"playtime":202,"items_purged":["Strike_B"],"score":262,"play_id":"e7c5c536-1982-4e98-afd1-e47008ccfd6c","local_time":"20190222002635","is_ascension_mode":true,"campfire_choices":[{"floor":6,"key":"REST"},{"data":"Zap","floor":15,"key":"SMITH"}],"neow_cost":"NONE","seed_source_timestamp":641864964265700,"circlet_count":0,"master_deck":["AscendersBane","Strike_B","Strike_B","Defend_B","Defend_B","Defend_B+1","Defend_B","Zap+1","Dualcast","Gash+1","Scrape","Rebound","Beam Cell","Leap"],"relics":["Cracked Core","NeowsBlessing","Golden Idol","Bronze Scales","Darkstone Periapt","Ancient Tea Set"],"potions_floor_usage":[16],"damage_taken":[{"damage":0,"enemies":"Small Slimes","floor":1,"turns":1},{"damage":0,"enemies":"2 Louse","floor":7,"turns":1},{"damage":0,"enemies":"Lagavulin","floor":8,"turns":1},{"damage":0,"enemies":"Jaw Worm","floor":10,"turns":3},{"damage":39,"enemies":"3 Sentries","floor":13,"turns":7},{"damage":18,"enemies":"Hexaghost","floor":16,"turns":4}],"seed_played":"-8578767616019319165","potions_obtained":[{"floor":8,"key":"SpeedPotion"},{"floor":13,"key":"PowerPotion"}],"is_trial":false,"path_per_floor":["M","?","?","?","$","R","M","E","T","M","$","?","E","?","R","B"],"character_chosen":"DEFECT","items_purchased":[],"campfire_rested":1,"item_purchase_floors":[],"current_hp_per_floor":[64,40,19,19,19,40,40,40,40,40,40,63,24,24,24,6],"gold":80,"neow_bonus":"THREE_ENEMY_KILL","is_prod":false,"is_daily":false,"chose_seed":false,"campfire_upgraded":1,"win_rate":0,"timestamp":1550762795,"path_taken":["M","?","?","?","?","R","M","E","T","M","$","?","E","?","R","BOSS"],"build_version":"2019-01-23","purchased_purges":1,"victory":false,"max_hp_per_floor":[71,71,71,71,71,71,71,71,71,71,71,77,77,74,74,74],"card_choices":[{"not_picked":["Skim","Leap"],"picked":"Gash","floor":1},{"not_picked":["Lockon","Reprogram"],"picked":"Scrape","floor":7},{"not_picked":["Auto Shields","Redo"],"picked":"Rebound","floor":8},{"not_picked":["Hello World","Sweeping Beam"],"picked":"Beam Cell","floor":10},{"not_picked":["Doom and Gloom","Turbo"],"picked":"Leap","floor":13}],"player_experience":4370964,"relics_obtained":[{"floor":8,"key":"Bronze Scales"},{"floor":9,"key":"Darkstone Periapt"},{"floor":13,"key":"Ancient Tea Set"}],"event_choices":[{"damage_healed":0,"gold_gain":0,"player_choice":"Take Damage","damage_taken":24,"relics_obtained":["Golden Idol"],"max_hp_gain":0,"max_hp_loss":0,"event_name":"Golden Idol","floor":2,"gold_loss":0},{"damage_healed":0,"gold_gain":0,"player_choice":"Entered Light","damage_taken":21,"max_hp_gain":0,"max_hp_loss":0,"event_name":"Shining Light","floor":3,"gold_loss":0,"cards_upgraded":["Defend_B","Gash"]},{"cards_removed":["Strike_B"],"damage_healed":0,"gold_gain":0,"player_choice":"Card Removal","damage_taken":0,"max_hp_gain":0,"max_hp_loss":0,"event_name":"The Cleric","floor":4,"gold_loss":75},{"damage_healed":17,"gold_gain":0,"player_choice":"Healed and dodged fight","damage_taken":0,"max_hp_gain":0,"max_hp_loss":0,"event_name":"Mushrooms","floor":12,"gold_loss":0,"cards_obtained":["Parasite"]},{"cards_removed":["Parasite"],"damage_healed":0,"gold_gain":0,"player_choice":"Removed Curses","damage_taken":0,"max_hp_gain":0,"max_hp_loss":0,"event_name":"Fountain of Cleansing","floor":14,"gold_loss":0}],"is_beta":false,"boss_relics":[],"items_purged_floors":[11],"is_endless":false,"potions_floor_spawned":[8,13],"killed_by":"Hexaghost","ascension_level":20}