{"gold_per_floor":[109,125,125,144,69,103,28,28,28,28,45,45,64,76,76,154,154,166,166,166],"floor_reached":20,"playtime":742,"items_purged":["Strike_R"],"score":348,"play_id":"c0755969-e426-46c2-91dd-abdbc464d261","local_time":"20190317070245","is_ascension_mode":true,"campfire_choices":[{"floor":8,"key":"REST"},{"data":"Bash","floor":10,"key":"SMITH"},{"data":"Spot Weakness","floor":12,"key":"SMITH"},{"data":"Heavy Blade","floor":15,"key":"SMITH"}],"neow_cost":"TEN_PERCENT_HP_LOSS","seed_source_timestamp":871728626513356,"circlet_count":0,"master_deck":["AscendersBane","Strike_R","Strike_R","Strike_R","Defend_R","Defend_R","Defend_R","Defend_R","Bash+1","Headbutt","Shrug It Off","Spot Weakness+1","Shrug It Off","Spot Weakness","Heavy Blade+1","Reaper","Battle Trance"],"relics":["Burning Blood","StoneCalendar","NlothsMask","Runic Pyramid"],"potions_floor_usage":[11,20],"damage_taken":[{"damage":6,"enemies":"2 Louse","floor":1,"turns":4},{"damage":2,"enemies":"Cultist","floor":2,"turns":4},{"damage":11,"enemies":"Jaw Worm","floor":4,"turns":5},{"damage":56,"enemies":"Gremlin Nob","floor":6,"turns":5},{"damage":14,"enemies":"Exordium Wildlife","floor":11,"turns":5},{"damage":10,"enemies":"Large Slime","floor":13,"turns":7},{"damage":0,"enemies":"Blue Slaver","floor":14,"turns":7},{"damage":25,"enemies":"Slime Boss","floor":16,"turns":7},{"damage":50,"enemies":"Shell Parasite","floor":18,"turns":6},{"damage":53,"enemies":"3 Byrds","floor":20,"turns":5}],"seed_played":"4253250603239797586","potions_obtained":[{"floor":1,"key":"Regen Potion"},{"floor":18,"key":"Energy Potion"}],"is_trial":false,"path_per_floor":["M","M","?","M","?","E","$","R","T","R","M","R","M","M","R","B",null,"M","?","M"],"character_chosen":"IRONCLAD","items_purchased":[],"campfire_rested":1,"item_purchase_floors":[],"current_hp_per_floor":[68,68,68,63,63,13,13,33,33,33,39,39,35,41,41,22,57,28,42,0],"gold":166,"neow_bonus":"ONE_RARE_RELIC","is_prod":false,"is_daily":false,"chose_seed":false,"campfire_upgraded":3,"win_rate":0,"timestamp":1552773765,"path_taken":["M","M","?","?","?","E","$","R","T","R","M","R","M","M","R","BOSS","M","?","M"],"build_version":"2019-01-23","purchased_purges":1,"victory":false,"max_hp_per_floor":[68,68,68,68,68,68,68,68,68,68,68,68,68,68,68,68,68,68,68,68],"card_choices":[{"not_picked":["Power Through","Intimidate"],"picked":"Headbutt","floor":1},{"not_picked":["Wild Strike","Twin Strike"],"picked":"Shrug It Off","floor":2},{"not_picked":["Body Slam","Heavy Blade","Intimidate"],"picked":"SKIP","floor":4},{"not_picked":["Searing Blow","Battle Trance"],"picked":"Spot Weakness","floor":6},{"not_picked":["Flex","Twin Strike"],"picked":"Shrug It Off","floor":11},{"not_picked":["Shrug It Off","Bloodletting"],"picked":"Spot Weakness","floor":13},{"not_picked":["Fire Breathing","Power Through"],"picked":"Heavy Blade","floor":14},{"not_picked":["Berserk","Feed"],"picked":"Reaper","floor":16},{"not_picked":["Body Slam","Clothesline"],"picked":"Battle Trance","floor":18}],"player_experience":719902,"relics_obtained":[],"event_choices":[{"damage_healed":0,"gold_gain":0,"player_choice":"Trade","damage_taken":0,"relics_obtained":["NlothsMask"],"max_hp_gain":0,"max_hp_loss":0,"event_name":"FaceTrader","floor":3,"gold_loss":0},{"cards_removed":["Strike_R"],"damage_healed":0,"gold_gain":0,"player_choice":"Card Removal","damage_taken":0,"max_hp_gain":0,"max_hp_loss":0,"event_name":"The Cleric","floor":5,"gold_loss":75},{"damage_healed":14,"gold_gain":0,"player_choice":"Heal","damage_taken":0,"max_hp_gain":0,"max_hp_loss":0,"event_name":"The Library","floor":19,"gold_loss":0}],"is_beta":false,"boss_relics":[{"not_picked":["Mark of Pain","Runic Cube"],"picked":"Runic Pyramid"}],"items_purged_floors":[7],"is_endless":false,"potions_floor_spawned":[1,18],"killed_by":"3 Byrds","ascension_level":20}