{"gold_per_floor":[113,113,133,133,208,208,242,272,284,256,268,280,310,350,362,448,460,489,501,438,1,13,13,13,13,37,37,48,48,61,61],"floor_reached":31,"playtime":1211,"items_purged":[],"score":492,"play_id":"49861930-01f6-445e-99a7-045f3f0a252c","local_time":"20190309222124","is_ascension_mode":true,"campfire_choices":[{"floor":6.0,"key":"REST"},{"data":"Entrench","floor":11.0,"key":"SMITH"},{"floor":15.0,"key":"REST"},{"data":"Heavy Blade","floor":23.0,"key":"SMITH"},{"data":"Power Through","floor":25.0,"key":"SMITH"},{"floor":29.0,"key":"REST"}],"neow_cost":"NONE","seed_source_timestamp":521323382973566,"circlet_count":0,"master_deck":["AscendersBane","Strike_R","Strike_R","Strike_R+1","Strike_R","Defend_R","Defend_R","Defend_R","Defend_R+1","Bash","Warcry+1","Headbutt","Power Through+1","Entrench+1","Hemokinesis","Pain","Double Tap","Barricade","Heavy Blade+1","Feel No Pain","Rupture","Enlightenment+1","Inflame","Exhume"],"special_seed":0,"relics":["Burning Blood","NeowsBlessing","MawBank","Paper Frog","WarpedTongs","PreservedInsect","Snecko Eye","Shuriken","War Paint"],"potions_floor_usage":[31],"damage_taken":[{"damage":0.0,"enemies":"2 Louse","floor":1.0,"turns":1.0},{"damage":0.0,"enemies":"Small Slimes","floor":3.0,"turns":1.0},{"damage":0.0,"enemies":"Lagavulin","floor":7.0,"turns":1.0},{"damage":9.0,"enemies":"Cultist","floor":8.0,"turns":4.0},{"damage":3.0,"enemies":"Looter","floor":10.0,"turns":4.0},{"damage":21.0,"enemies":"Exordium Wildlife","floor":13.0,"turns":4.0},{"damage":32.0,"enemies":"Gremlin Nob","floor":14.0,"turns":4.0},{"damage":50.0,"enemies":"Hexaghost","floor":16.0,"turns":8.0},{"damage":9.0,"enemies":"Chosen","floor":18.0,"turns":9.0},{"damage":9.0,"enemies":"2 Thieves","floor":22.0,"turns":4.0},{"damage":14.0,"enemies":"Cultist and Chosen","floor":28.0,"turns":9.0},{"damage":37.0,"enemies":"Snake Plant","floor":30.0,"turns":4.0},{"damage":54,"enemies":"Book of Stabbing","floor":31,"turns":3}],"seed_played":"6674659383164896287","potions_obtained":[{"floor":1.0,"key":"Weak Potion"},{"floor":8.0,"key":"SteroidPotion"},{"floor":14.0,"key":"Strength Potion"},{"floor":16.0,"key":"Fire Potion"},{"floor":28.0,"key":"Fire Potion"}],"is_trial":false,"path_per_floor":["M","?","M","?","?","R","E","M","T","M","R","?","M","E","R","B",null,"M","?","?","$","M","R","$","R","T","$","M","R","M","E"],"character_chosen":"IRONCLAD","items_purchased":["Rupture","Enlightenment","Shuriken"],"campfire_rested":3,"item_purchase_floors":[21,21,21],"current_hp_per_floor":[74,51,57,57,46,68,74,71,71,74,74,74,59,33,55,11,59,56,56,56,56,53,53,53,53,53,53,45,67,36,0],"gold":61,"neow_bonus":"THREE_ENEMY_KILL","is_prod":false,"is_daily":false,"chose_seed":false,"campfire_upgraded":3,"win_rate":0,"timestamp":1552137684,"path_taken":["M","?","M","?","?","R","E","M","T","M","R","?","M","E","R","BOSS","M","?","?","$","M","R","$","R","T","?","?","R","M","E"],"build_version":"2019-01-23","purchased_purges":0,"victory":false,"max_hp_per_floor":[75,75,75,75,75,75,75,75,75,75,75,75,75,75,75,75,75,75,75,75,75,75,75,75,75,75,75,75,75,75,75],"card_choices":[{"not_picked":["Pommel Strike","Thunderclap"],"picked":"Warcry","floor":1.0},{"not_picked":["Clash","Disarm"],"picked":"Headbutt","floor":3.0},{"not_picked":["Brutality","Headbutt"],"picked":"Power Through","floor":7.0},{"not_picked":["Battle Trance","Ghostly Armor"],"picked":"Entrench","floor":8.0},{"not_picked":["Clash","Iron Wave"],"picked":"Hemokinesis","floor":10.0},{"not_picked":["Anger","Disarm","Havoc"],"picked":"SKIP","floor":13.0},{"not_picked":["Flex","Twin Strike"],"picked":"Double Tap","floor":14.0},{"not_picked":["Double Tap","Limit Break"],"picked":"Barricade","floor":16.0},{"not_picked":["Havoc","Entrench"],"picked":"Heavy Blade","floor":18.0},{"not_picked":["Wild Strike","Flex"],"picked":"Inflame","floor":22.0},{"not_picked":["Shrug It Off","Headbutt"],"picked":"Exhume","floor":28.0},{"not_picked":["Thunderclap","Twin Strike","Headbutt"],"picked":"SKIP","floor":30.0}],"player_experience":276366,"relics_obtained":[{"floor":7.0,"key":"MawBank"},{"floor":9.0,"key":"Paper Frog"},{"floor":14.0,"key":"PreservedInsect"},{"floor":26.0,"key":"War Paint"}],"event_choices":[{"damage_healed":0.0,"max_hp_gain":0.0,"max_hp_loss":0.0,"gold_gain":0.0,"event_name":"Shining Light","player_choice":"Entered Light","floor":2.0,"gold_loss":0.0,"damage_taken":23.0,"cards_upgraded":["Defend_R","Strike_R"]},{"damage_healed":0.0,"max_hp_gain":0.0,"max_hp_loss":0.0,"gold_gain":0.0,"event_name":"Liars Game","player_choice":"Ignored","floor":4.0,"gold_loss":0.0,"damage_taken":0.0},{"damage_healed":0.0,"max_hp_gain":0.0,"max_hp_loss":0.0,"gold_gain":75.0,"event_name":"World of Goop","player_choice":"Gather Gold","floor":5.0,"gold_loss":0.0,"damage_taken":11.0},{"damage_healed":0.0,"max_hp_gain":0.0,"max_hp_loss":0.0,"gold_gain":0.0,"event_name":"Accursed Blacksmith","player_choice":"Rummage","floor":12.0,"gold_loss":0.0,"damage_taken":0.0,"relics_obtained":["WarpedTongs"],"cards_obtained":["Pain"]},{"damage_healed":0.0,"max_hp_gain":0.0,"max_hp_loss":0.0,"gold_gain":0.0,"event_name":"The Library","player_choice":"Read","floor":19.0,"gold_loss":0.0,"damage_taken":0.0,"cards_obtained":["Feel No Pain"]},{"cards_removed":["Strike_R"],"damage_healed":0.0,"max_hp_gain":0.0,"max_hp_loss":0.0,"gold_gain":0.0,"event_name":"Beggar","player_choice":"Gave Gold","floor":20.0,"gold_loss":75.0,"damage_taken":0.0}],"is_beta":false,"boss_relics":[{"not_picked":["Coffee Dripper","Philosopher\u0027s Stone"],"picked":"Snecko Eye"}],"items_purged_floors":[],"is_endless":false,"potions_floor_spawned":[1,8,14,16,28],"killed_by":"Book of Stabbing","ascension_level":17}