{"gold_per_floor":[115,40,59,76,92,92,17,17,73,89,113,113,132,147,147,147],"floor_reached":16,"playtime":784,"items_purged":["Strike_R"],"score":174,"play_id":"e77ae29d-03fd-416e-b4df-c577a1f2d325","local_time":"20190314131509","is_ascension_mode":true,"campfire_choices":[{"data":"Burning Pact","floor":6.0,"key":"SMITH"},{"data":"Dropkick","floor":8.0,"key":"SMITH"},{"data":"Thunderclap","floor":12.0,"key":"SMITH"},{"floor":15,"key":"REST"}],"neow_cost":"TEN_PERCENT_HP_LOSS","seed_source_timestamp":12079677679673,"circlet_count":0,"master_deck":["AscendersBane","Strike_R","Strike_R","Strike_R","Defend_R","Defend_R","Defend_R","Defend_R","Bash","Dropkick+1","Burning Pact+1","Thunderclap+1"],"special_seed":0,"relics":["Burning Blood","Thread and Needle","Tiny Chest","Odd Mushroom"],"potions_floor_usage":[16,16],"damage_taken":[{"damage":0.0,"enemies":"Jaw Worm","floor":1.0,"turns":5.0},{"damage":0.0,"enemies":"Small Slimes","floor":3.0,"turns":3.0},{"damage":0.0,"enemies":"2 Louse","floor":4.0,"turns":5.0},{"damage":19.0,"enemies":"Exordium Thugs","floor":5.0,"turns":5.0},{"damage":21.0,"enemies":"Large Slime","floor":10.0,"turns":8.0},{"damage":18.0,"enemies":"The Mushroom Lair","floor":11.0,"turns":5.0},{"damage":8.0,"enemies":"3 Louse","floor":13.0,"turns":4.0},{"damage":12,"enemies":"Exordium Wildlife","floor":14,"turns":5},{"damage":46,"enemies":"Hexaghost","floor":16,"turns":8}],"seed_played":"-9028668720825334887","potions_obtained":[{"floor":4.0,"key":"SteroidPotion"},{"floor":13.0,"key":"BloodPotion"},{"floor":14,"key":"Poison Potion"}],"is_trial":false,"path_per_floor":["M","?","M","M","M","R","$","R","T","M","?","R","M","M","R","B"],"character_chosen":"IRONCLAD","items_purchased":[],"campfire_rested":1,"item_purchase_floors":[],"current_hp_per_floor":[68,68,68,68,55,55,55,55,55,40,28,28,26,20,40,0],"gold":147,"neow_bonus":"ONE_RARE_RELIC","is_prod":false,"is_daily":false,"chose_seed":false,"campfire_upgraded":3,"win_rate":0,"timestamp":1552536909,"path_taken":["M","?","M","M","M","R","$","R","T","M","?","R","M","M","R","BOSS"],"build_version":"2019-01-23","purchased_purges":1,"victory":false,"max_hp_per_floor":[68,68,68,68,68,68,68,68,68,68,68,68,68,68,68,68],"card_choices":[{"not_picked":["Heavy Blade","Burning Pact"],"picked":"Dropkick","floor":1.0},{"not_picked":["Sword Boomerang","Disarm","Heavy Blade"],"picked":"SKIP","floor":3.0},{"not_picked":["Uppercut","Bloodletting"],"picked":"Burning Pact","floor":4.0},{"not_picked":["Anger","Clash","Havoc"],"picked":"SKIP","floor":5.0},{"not_picked":["Heavy Blade","Sentinel"],"picked":"Thunderclap","floor":10.0},{"not_picked":["Combust","Armaments","Cleave"],"picked":"SKIP","floor":13.0},{"not_picked":["Warcry","Perfected Strike","Pommel Strike"],"picked":"SKIP","floor":14}],"player_experience":314077,"relics_obtained":[{"floor":9.0,"key":"Tiny Chest"},{"floor":11.0,"key":"Odd Mushroom"}],"event_choices":[{"cards_removed":["Strike_R"],"damage_healed":0.0,"max_hp_gain":0.0,"max_hp_loss":0.0,"gold_gain":0.0,"event_name":"The Cleric","player_choice":"Card Removal","floor":2.0,"gold_loss":75.0,"damage_taken":0.0},{"damage_healed":0.0,"max_hp_gain":0.0,"max_hp_loss":0.0,"gold_gain":0.0,"event_name":"Mushrooms","player_choice":"Fought Mushrooms","floor":11.0,"gold_loss":0.0,"damage_taken":0.0}],"is_beta":false,"boss_relics":[],"items_purged_floors":[7],"is_endless":false,"potions_floor_spawned":[4,13,14],"killed_by":"Hexaghost","ascension_level":17}