{"gold_per_floor":[115,115,130,144,161,161,192,192,192,226,239,264,282,293,293,369,369,379,396,396,396,22,22,87,101,101,134,134,162,177,188,188,260,260,272,272,287,287,212,243,259,288,288,288,288,307,325,335,335,335,335,335,335,30,61,61],"floor_reached":57,"playtime":2667,"items_purged":["Strike_B","Strike_B"],"score":2967,"play_id":"6198f884-a0db-45de-8b01-416658b521cc","local_time":"20190115003951","is_ascension_mode":true,"campfire_choices":[{"data":"Ball Lightning","floor":6.0,"key":"SMITH"},{"floor":8.0,"key":"REST"},{"data":"Fusion","floor":15.0,"key":"SMITH"},{"data":"Hyperbeam","floor":23.0,"key":"SMITH"},{"floor":28.0,"key":"DIG"},{"data":"Defragment","floor":32.0,"key":"SMITH"},{"floor":45,"key":"DIG"},{"floor":49,"key":"RECALL"},{"floor":53,"key":"DIG"}],"neow_cost":"NONE","seed_source_timestamp":367902224301064,"circlet_count":0,"master_deck":["AscendersBane","Strike_B","Defend_B","Defend_B","Defend_B","Defend_B","Zap+1","Dualcast","Genetic Algorithm","Core Surge+1","Ball Lightning+1","Electrodynamics","Core Surge+1","Genetic Algorithm","Fusion+1","Self Repair","White Noise","Core Surge","Leap","Heatsinks+1","Skim","Self Repair","White Noise+1","Auto Shields","Defragment+1","Capacitor+1","Creative AI","Cold Snap","Capacitor+1","Conserve Battery+1","Turbo+1","Coolheaded","Glacier","Consume","Cold Snap","Coolheaded"],"special_seed":0,"relics":["Cracked Core","Torii","Shovel","Prayer Wheel","Bottled Flame","Meat on the Bone","Coffee Dripper","Mummified Hand","Tiny Chest","Pantograph","Regal Pillow","Singing Bowl","Blood Vial","Busted Crown","Whetstone","Calipers","Cables","Letter Opener","War Paint"],"potions_floor_usage":[42,55,56],"damage_taken":[{"damage":12.0,"enemies":"Small Slimes","floor":1.0,"turns":4.0},{"damage":1.0,"enemies":"Cultist","floor":3.0,"turns":3.0},{"damage":2.0,"enemies":"Jaw Worm","floor":4.0,"turns":4.0},{"damage":8.0,"enemies":"3 Louse","floor":5.0,"turns":4.0},{"damage":12.0,"enemies":"3 Sentries","floor":7.0,"turns":6.0},{"damage":21.0,"enemies":"Lagavulin","floor":10.0,"turns":6.0},{"damage":0.0,"enemies":"Lots of Slimes","floor":11.0,"turns":1.0},{"damage":11.0,"enemies":"3 Sentries","floor":12.0,"turns":4.0},{"damage":1.0,"enemies":"Looter","floor":13.0,"turns":3.0},{"damage":14.0,"enemies":"Exordium Thugs","floor":14.0,"turns":3.0},{"damage":0.0,"enemies":"Slime Boss","floor":16.0,"turns":5.0},{"damage":0.0,"enemies":"Chosen","floor":18.0,"turns":4.0},{"damage":1.0,"enemies":"Spheric Guardian","floor":19.0,"turns":3.0},{"damage":37.0,"enemies":"Slavers","floor":24.0,"turns":4.0},{"damage":11.0,"enemies":"Centurion and Healer","floor":25.0,"turns":6.0},{"damage":0.0,"enemies":"Gremlin Leader","floor":27.0,"turns":6.0},{"damage":59.0,"enemies":"Book of Stabbing","floor":29.0,"turns":5.0},{"damage":8.0,"enemies":"Snecko","floor":30.0,"turns":4.0},{"damage":0.0,"enemies":"Chosen and Byrds","floor":31.0,"turns":3.0},{"damage":24.0,"enemies":"Collector","floor":33.0,"turns":7.0},{"damage":19.0,"enemies":"3 Darklings","floor":35.0,"turns":4.0},{"damage":7.0,"enemies":"Orb Walker","floor":37.0,"turns":4.0},{"damage":47.0,"enemies":"Reptomancer","floor":40.0,"turns":7.0},{"damage":0.0,"enemies":"Maw","floor":41.0,"turns":7.0},{"damage":67,"enemies":"Nemesis","floor":42,"turns":7},{"damage":10,"enemies":"Writhing Mass","floor":46,"turns":5},{"damage":0,"enemies":"Sphere and 2 Shapes","floor":47,"turns":4},{"damage":0,"enemies":"Spire Growth","floor":48,"turns":4},{"damage":30,"enemies":"Donu and Deca","floor":50,"turns":11},{"damage":39,"enemies":"Time Eater","floor":51,"turns":14},{"damage":46,"enemies":"Shield and Spear","floor":55,"turns":8},{"damage":42,"enemies":"The Heart","floor":56,"turns":13}],"seed_played":"2715245011431366557","potions_obtained":[{"floor":5.0,"key":"Ancient Potion"},{"floor":11.0,"key":"Block Potion"},{"floor":12.0,"key":"Fire Potion"},{"floor":16.0,"key":"FearPotion"},{"floor":19.0,"key":"Strength Potion"},{"floor":24.0,"key":"SneckoOil"},{"floor":25.0,"key":"SteroidPotion"},{"floor":31.0,"key":"SpeedPotion"},{"floor":35.0,"key":"Explosive Potion"},{"floor":42,"key":"SkillPotion"},{"floor":48,"key":"Poison Potion"},{"floor":55,"key":"SteroidPotion"}],"is_trial":false,"path_per_floor":["M","?","M","M","M","R","E","R","T","E","M","E","M","M","R","B",null,"M","M","?","?","$","R","E","M","T","E","R","E","M","M","R","B",null,"M","?","M","?","$","E","M","E","T","?","R","M","M","M","R","B","B",null,"R","$","E","B",null],"character_chosen":"DEFECT","items_purchased":["Mummified Hand","Self Repair","Glacier","Consume","Cold Snap"],"campfire_rested":1,"item_purchase_floors":[22,22,54,54,54],"current_hp_per_floor":[59,59,58,56,48,48,36,59,59,38,38,27,38,36,36,55,72,78,77,55,55,55,55,44,59,59,73,73,40,55,61,61,78,86,87,103,105,100,100,67,85,48,48,48,48,70,90,99,99,96,87,106,106,106,76,75],"gold":61,"neow_bonus":"TEN_PERCENT_HP_BONUS","is_prod":false,"is_daily":false,"chose_seed":false,"campfire_upgraded":4,"win_rate":0,"timestamp":1547480391,"path_taken":["M","?","M","M","M","R","E","R","T","E","M","E","?","M","R","BOSS","M","M","?","?","$","R","E","M","T","E","R","E","M","M","R","BOSS","M","?","?","?","$","E","M","E","T","?","R","M","M","M","R","BOSS","BOSS","R","$","E","BOSS"],"build_version":"2019-01-10","purchased_purges":2,"victory":true,"max_hp_per_floor":[78,78,78,78,78,78,78,78,78,78,78,78,78,78,78,78,78,78,78,83,83,83,83,83,83,83,83,83,83,85,89,89,89,89,93,103,105,100,100,100,102,104,104,104,104,108,112,112,112,112,112,112,112,112,112,112],"card_choices":[{"not_picked":["Hologram","Redo"],"picked":"Gash","floor":1.0},{"not_picked":["Reprogram","Redo"],"picked":"Genetic Algorithm","floor":3.0},{"not_picked":["Redo","Darkness"],"picked":"Core Surge","floor":4.0},{"not_picked":["Stack","Cold Snap"],"picked":"Ball Lightning","floor":5.0},{"not_picked":["Glacier","Cold Snap"],"picked":"Electrodynamics","floor":7.0},{"not_picked":["Rebound","Double Energy"],"picked":"Core Surge","floor":10.0},{"not_picked":["Static Discharge","Beam Cell"],"picked":"Genetic Algorithm","floor":11.0},{"not_picked":["Go for the Eyes","Steam Power"],"picked":"Fusion","floor":11.0},{"not_picked":["Ball Lightning","Chaos"],"picked":"Hyperbeam","floor":12.0},{"not_picked":["Compile Driver","Gash"],"picked":"Self Repair","floor":13.0},{"not_picked":["Consume","Barrage","Double Energy"],"picked":"SKIP","floor":13.0},{"not_picked":["Gash","Streamline"],"picked":"White Noise","floor":14.0},{"not_picked":["Turbo","Streamline","Stack"],"picked":"SKIP","floor":14.0},{"not_picked":["Hyperbeam","Thunder Strike"],"picked":"Core Surge","floor":16.0},{"not_picked":["Glacier","Hello World"],"picked":"Leap","floor":18.0},{"not_picked":["Turbo","Rebound","Storm"],"picked":"SKIP","floor":18.0},{"not_picked":["Hologram","Stack"],"picked":"Heatsinks+1","floor":19.0},{"not_picked":["Chaos","Darkness","Barrage"],"picked":"SKIP","floor":19.0},{"not_picked":["Cold Snap+1","Storm"],"picked":"White Noise","floor":24.0},{"not_picked":["Reboot","Barrage"],"picked":"Auto Shields","floor":25.0},{"not_picked":["Cold Snap+1","Rebound","Ball Lightning"],"picked":"SKIP","floor":25.0},{"not_picked":["Sunder","Turbo","BootSequence"],"picked":"SKIP","floor":27.0},{"not_picked":["Ball Lightning","Sweeping Beam"],"picked":"Defragment","floor":29.0},{"not_picked":["Fusion","Rip and Tear+1","Beam Cell"],"picked":"Singing Bowl","floor":30.0},{"not_picked":["Conserve Battery+1","Redo+1"],"picked":"Capacitor+1","floor":30.0},{"not_picked":["Double Energy","Conserve Battery","Steam"],"picked":"Singing Bowl","floor":31.0},{"not_picked":["Ball Lightning+1","Sweeping Beam+1","Coolheaded"],"picked":"Singing Bowl","floor":31.0},{"not_picked":["Echo Form","Machine Learning"],"picked":"Creative AI","floor":33.0},{"not_picked":["Turbo"],"picked":"Singing Bowl","floor":35.0},{"not_picked":["Cold Snap"],"picked":"Singing Bowl","floor":35.0},{"not_picked":["Capacitor"],"picked":"Singing Bowl","floor":37.0},{"not_picked":[],"picked":"Cold Snap","floor":37.0},{"not_picked":[],"picked":"Capacitor+1","floor":40.0},{"not_picked":[],"picked":"Conserve Battery+1","floor":41.0},{"not_picked":["Static Discharge+1"],"picked":"Singing Bowl","floor":41.0},{"not_picked":["Meteor Strike"],"picked":"Singing Bowl","floor":42},{"not_picked":["Go for the Eyes"],"picked":"Singing Bowl","floor":46},{"not_picked":["Storm"],"picked":"Singing Bowl","floor":46},{"not_picked":["Go for the Eyes"],"picked":"Singing Bowl","floor":47},{"not_picked":["Loop"],"picked":"Singing Bowl","floor":47},{"not_picked":[],"picked":"Turbo+1","floor":48},{"not_picked":[],"picked":"Coolheaded","floor":48},{"not_picked":[],"picked":"Coolheaded","floor":55}],"player_experience":4077080,"relics_obtained":[{"floor":7.0,"key":"Shovel"},{"floor":9.0,"key":"Prayer Wheel"},{"floor":10.0,"key":"Bottled Flame"},{"floor":12.0,"key":"Meat on the Bone"},{"floor":24.0,"key":"Tiny Chest"},{"floor":26.0,"key":"Pantograph"},{"floor":27.0,"key":"Regal Pillow"},{"floor":28.0,"key":"Singing Bowl"},{"floor":29.0,"key":"Blood Vial"},{"floor":40.0,"key":"Whetstone"},{"floor":42,"key":"Calipers"},{"floor":45,"key":"Cables"},{"floor":53,"key":"Letter Opener"},{"floor":55,"key":"War Paint"}],"event_choices":[{"cards_removed":["Gash"],"damage_healed":0.0,"max_hp_gain":0.0,"max_hp_loss":0.0,"gold_gain":0.0,"event_name":"WeMeetAgain","player_choice":"Gave Card","floor":2.0,"gold_loss":0.0,"damage_taken":0.0,"relics_obtained":["Torii"]},{"damage_healed":0.0,"max_hp_gain":5.0,"max_hp_loss":0.0,"gold_gain":0.0,"event_name":"Forgotten Altar","player_choice":"Shed Blood","floor":20.0,"gold_loss":0.0,"damage_taken":27.0},{"damage_healed":0.0,"max_hp_gain":0.0,"max_hp_loss":0.0,"gold_gain":0.0,"event_name":"The Library","player_choice":"Read","floor":21.0,"gold_loss":0.0,"damage_taken":0.0,"cards_obtained":["Skim"]},{"cards_removed":["Hyperbeam"],"damage_healed":6.0,"max_hp_gain":10.0,"max_hp_loss":0.0,"gold_gain":0.0,"event_name":"Bonfire Elementals","player_choice":"Offered Rare","floor":36.0,"gold_loss":0.0,"damage_taken":0.0},{"damage_healed":0.0,"max_hp_gain":0.0,"max_hp_loss":5.0,"gold_gain":0.0,"event_name":"Winding Halls","player_choice":"Max HP","floor":38.0,"gold_loss":0.0,"damage_taken":0.0},{"cards_removed":["Strike_B"],"damage_healed":0,"gold_gain":0,"player_choice":"Removed Attack","damage_taken":0,"max_hp_gain":0,"max_hp_loss":0,"event_name":"Falling","floor":44,"gold_loss":0}],"is_beta":false,"boss_relics":[{"not_picked":["Fusion Hammer","Empty Cage"],"picked":"Coffee Dripper"},{"not_picked":["Snecko Eye","Sozu"],"picked":"Busted Crown"}],"items_purged_floors":[39,54],"is_endless":false,"potions_floor_spawned":[5,11,12,16,18,19,24,25,31,35,42,48,55],"ascension_level":20}