{"gold_per_floor":[117,131,141,154,174,207,207,222,222,222],"floor_reached":10,"playtime":350,"items_purged":[],"score":144,"play_id":"7e47ccf2-5f1d-45f1-ba76-77720e01c643","local_time":"20190217235335","is_ascension_mode":true,"campfire_choices":[{"data":"Dagger Spray","floor":7,"key":"SMITH"}],"neow_cost":"NONE","seed_source_timestamp":294135679249800,"circlet_count":0,"master_deck":["AscendersBane","Defend_G","Defend_G","Defend_G","Defend_G","Defend_G","Strike_G","Strike_G","Strike_G","Strike_G","Strike_G","Survivor","Neutralize","Flying Knee","Well Laid Plans","Quick Slash","Backflip","Slice","Dagger Throw","Dagger Spray+1","PiercingWail"],"relics":["Ring of the Snake","Pen Nib","Mercury Hourglass"],"potions_floor_usage":[5,6],"damage_taken":[{"damage":6,"enemies":"Jaw Worm","floor":1,"turns":6},{"damage":0,"enemies":"Small Slimes","floor":2,"turns":4},{"damage":0,"enemies":"Cultist","floor":3,"turns":3},{"damage":1,"enemies":"Exordium Wildlife","floor":4,"turns":6},{"damage":0,"enemies":"3 Louse","floor":5,"turns":2},{"damage":19,"enemies":"3 Sentries","floor":6,"turns":12},{"damage":32,"enemies":"Exordium Thugs","floor":8,"turns":6},{"damage":0,"enemies":"Gremlin Nob","floor":10,"turns":2}],"seed_played":"-9103067383815052943","potions_obtained":[{"floor":1,"key":"Dexterity Potion"},{"floor":3,"key":"FairyPotion"},{"floor":4,"key":"Explosive Potion"}],"is_trial":false,"path_per_floor":["M","M","M","M","M","E","R","M","T","E"],"character_chosen":"THE_SILENT","items_purchased":[],"campfire_rested":0,"item_purchase_floors":[],"current_hp_per_floor":[53,53,53,52,52,33,33,1,1,1],"gold":222,"neow_bonus":"THREE_CARDS","is_prod":false,"is_daily":false,"chose_seed":false,"campfire_upgraded":1,"win_rate":0,"timestamp":1550415215,"path_taken":["M","M","M","M","M","E","R","M","T","E"],"build_version":"2019-01-23","purchased_purges":0,"victory":false,"max_hp_per_floor":[66,66,66,66,66,66,66,66,66,66],"card_choices":[{"not_picked":["Concentrate","PiercingWail"],"picked":"Flying Knee","floor":0},{"not_picked":["Underhanded Strike","Setup"],"picked":"Well Laid Plans","floor":1},{"not_picked":["Endless Agony","Blur"],"picked":"Quick Slash","floor":2},{"not_picked":["Deflect","Dodge and Roll"],"picked":"Backflip","floor":3},{"not_picked":["Sucker Punch","Deflect"],"picked":"Slice","floor":4},{"not_picked":["Underhanded Strike","Dodge and Roll"],"picked":"Dagger Throw","floor":5},{"not_picked":["Deflect","Bullet Time"],"picked":"Dagger Spray","floor":6},{"not_picked":["Dagger Throw","Eviscerate"],"picked":"PiercingWail","floor":8}],"player_experience":4319022,"relics_obtained":[{"floor":6,"key":"Pen Nib"},{"floor":9,"key":"Mercury Hourglass"}],"event_choices":[],"is_beta":false,"boss_relics":[],"items_purged_floors":[],"is_endless":false,"potions_floor_spawned":[1,3,4],"killed_by":"Gremlin Nob","ascension_level":20}