{"gold_per_floor":[18,33,33,33,33,33,44,79,102,114,34,44,44,59,59,59],"floor_reached":16,"playtime":1024,"items_purged":[],"score":133,"play_id":"f3c49bc0-ebaf-4e28-90fa-62c5724a75c0","local_time":"20190221192435","is_ascension_mode":true,"campfire_choices":[{"data":"Bash","floor":6,"key":"SMITH"},{"data":"Entrench","floor":13,"key":"SMITH"},{"data":"Body Slam","floor":15,"key":"SMITH"}],"neow_cost":"NO_GOLD","seed_source_timestamp":33971881329365,"circlet_count":0,"master_deck":["Strike_R","Strike_R","Defend_R","Defend_R","Defend_R","Defend_R","Bash+1","Reckless Charge","Ghostly Armor","Body Slam+1","Shrug It Off","Entrench+1","Sentinel","Armaments"],"relics":["Burning Blood","Ancient Tea Set","Orichalcum"],"potions_floor_usage":[16,16,16],"damage_taken":[{"damage":1,"enemies":"Cultist","floor":1,"turns":3},{"damage":2,"enemies":"Jaw Worm","floor":2,"turns":3},{"damage":10,"enemies":"Small Slimes","floor":7,"turns":5},{"damage":40,"enemies":"3 Sentries","floor":8,"turns":16},{"damage":18,"enemies":"Exordium Wildlife","floor":10,"turns":4},{"damage":0,"enemies":"3 Louse","floor":12,"turns":5},{"damage":0,"enemies":"Red Slaver","floor":14,"turns":5},{"damage":56,"enemies":"Slime Boss","floor":16,"turns":12}],"seed_played":"-176705457932413108","potions_obtained":[{"floor":1,"key":"Block Potion"},{"floor":12,"key":"SkillPotion"},{"floor":14,"key":"EssenceOfSteel"}],"is_trial":false,"path_per_floor":["M","M","?","?","$","R","M","E","T","M","$","M","R","M","R","B"],"character_chosen":"IRONCLAD","items_purchased":["Entrench"],"campfire_rested":0,"item_purchase_floors":[11],"current_hp_per_floor":[77,80,80,85,85,85,81,47,47,35,35,41,41,47,47,0],"gold":59,"neow_bonus":"REMOVE_TWO","is_prod":false,"is_daily":false,"chose_seed":false,"campfire_upgraded":3,"win_rate":0,"timestamp":1550744675,"path_taken":["M","?","?","?","$","R","M","E","T","M","$","M","R","M","R","BOSS"],"build_version":"2019-01-23","purchased_purges":0,"victory":false,"max_hp_per_floor":[80,80,80,85,85,85,85,85,85,85,85,85,85,85,85,85],"card_choices":[{"not_picked":["Iron Wave","Pommel Strike"],"picked":"Reckless Charge","floor":1},{"not_picked":["Clothesline","Iron Wave"],"picked":"Ghostly Armor","floor":2},{"not_picked":["Seeing Red","Combust","Headbutt"],"picked":"SKIP","floor":7},{"not_picked":["Disarm","Heavy Blade"],"picked":"Body Slam","floor":8},{"not_picked":["Shockwave","Exhume"],"picked":"Shrug It Off","floor":10},{"not_picked":["Uppercut","Pommel Strike"],"picked":"Sentinel","floor":12},{"not_picked":["Warcry","Thunderclap"],"picked":"Armaments","floor":14}],"player_experience":169221,"relics_obtained":[{"floor":8,"key":"Ancient Tea Set"},{"floor":9,"key":"Orichalcum"}],"event_choices":[{"cards_removed":["Strike_R"],"damage_healed":0,"gold_gain":0,"player_choice":"Forget","damage_taken":0,"max_hp_gain":0,"max_hp_loss":0,"event_name":"Living Wall","floor":3,"gold_loss":0},{"damage_healed":0,"gold_gain":0,"player_choice":"Donut","damage_taken":0,"max_hp_gain":5,"max_hp_loss":0,"event_name":"Big Fish","floor":4,"gold_loss":0}],"is_beta":false,"boss_relics":[],"items_purged_floors":[],"is_endless":false,"potions_floor_spawned":[1,12,14],"killed_by":"Slime Boss","ascension_level":6}