{"gold_per_floor":[113,113,133,149,149,149,179,199,199,231,231,0,0,22,34,46],"floor_reached":16,"playtime":997,"items_purged":[],"score":149,"play_id":"28c0c5c9-3f68-4ab9-81a2-b3b6748e2ef0","local_time":"20190225125500","is_ascension_mode":true,"campfire_choices":[{"data":"Intimidate","floor":6,"key":"SMITH"},{"floor":11,"key":"REST"},{"data":"Seeing Red","floor":15,"key":"SMITH"}],"neow_cost":"NONE","seed_source_timestamp":10273689926943,"circlet_count":0,"master_deck":["Strike_R","Strike_R","Strike_R","Strike_R","Defend_R","Defend_R","Defend_R","Defend_R+1","Bash","Second Wind+1","Intimidate+1","Battle Trance","Ghostly Armor","Seeing Red+1","Warcry","Whirlwind"],"relics":["Burning Blood","NeowsBlessing","Ornamental Fan","Mummified Hand","The Courier","Lantern","MawBank"],"potions_floor_usage":[7,8,16],"damage_taken":[{"damage":0,"enemies":"2 Louse","floor":1,"turns":1},{"damage":0,"enemies":"Small Slimes","floor":3,"turns":1},{"damage":0,"enemies":"Jaw Worm","floor":4,"turns":1},{"damage":16,"enemies":"3 Sentries","floor":7,"turns":10},{"damage":6,"enemies":"Gremlin Gang","floor":8,"turns":6},{"damage":36,"enemies":"Lagavulin","floor":10,"turns":9},{"damage":5,"enemies":"Lots of Slimes","floor":14,"turns":7},{"damage":52,"enemies":"Hexaghost","floor":16,"turns":15}],"seed_played":"4833802528228037896","potions_obtained":[{"floor":1,"key":"Fire Potion"},{"floor":3,"key":"Fire Potion"},{"floor":8,"key":"PowerPotion"}],"is_trial":false,"path_per_floor":["M","?","M","M","?","R","E","M","T","E","R","$","?","M","R","B"],"character_chosen":"IRONCLAD","items_purchased":["Lantern","Double Tap"],"campfire_rested":1,"item_purchase_floors":[12,12],"current_hp_per_floor":[78,62,68,74,67,67,57,57,57,27,51,51,51,52,52,0],"gold":46,"neow_bonus":"THREE_ENEMY_KILL","is_prod":false,"is_daily":false,"chose_seed":false,"campfire_upgraded":2,"win_rate":0,"timestamp":1551066900,"path_taken":["M","?","M","M","?","R","E","M","T","E","R","$","?","M","R","BOSS"],"build_version":"2019-01-23","purchased_purges":0,"victory":false,"max_hp_per_floor":[80,80,80,80,80,80,80,80,80,80,80,80,80,80,80,80],"card_choices":[{"not_picked":["Disarm","Havoc"],"picked":"Second Wind","floor":1},{"not_picked":["Seeing Red","Clothesline"],"picked":"Intimidate","floor":3},{"not_picked":["Seeing Red","Wild Strike"],"picked":"Battle Trance","floor":4},{"not_picked":["Second Wind","Feed"],"picked":"Ghostly Armor","floor":7},{"not_picked":["Rupture","Burning Pact"],"picked":"Seeing Red","floor":8},{"not_picked":["Anger","Disarm"],"picked":"Warcry","floor":10},{"not_picked":["Burning Pact","Thunderclap"],"picked":"Whirlwind","floor":14}],"player_experience":181536,"relics_obtained":[{"floor":7,"key":"Ornamental Fan"},{"floor":9,"key":"Mummified Hand"},{"floor":10,"key":"The Courier"}],"event_choices":[{"damage_healed":0,"gold_gain":0,"player_choice":"Entered Light","damage_taken":16,"max_hp_gain":0,"max_hp_loss":0,"event_name":"Shining Light","floor":2,"gold_loss":0,"cards_upgraded":["Defend_R","Second Wind"]},{"cards_removed":["Strike_R"],"damage_healed":0,"gold_gain":0,"player_choice":"Card Removal","damage_taken":7,"max_hp_gain":0,"max_hp_loss":0,"event_name":"Golden Wing","floor":5,"gold_loss":0},{"cards_removed":["Double Tap"],"damage_healed":0,"gold_gain":0,"player_choice":"Gave Card","damage_taken":0,"relics_obtained":["MawBank"],"max_hp_gain":0,"max_hp_loss":0,"event_name":"WeMeetAgain","floor":13,"gold_loss":0}],"is_beta":false,"boss_relics":[],"items_purged_floors":[],"is_endless":false,"potions_floor_spawned":[1,3,8],"killed_by":"Hexaghost","ascension_level":7}