{"gold_per_floor":[115,42,217,217,230,259,259,291,314,314,330,347,375,400,400,501,501,501,170,170,170,170],"floor_reached":22,"playtime":1468,"items_purged":[],"score":250,"play_id":"208c1c86-d349-4ac2-a07b-5a792493b69c","local_time":"20181229212632","is_ascension_mode":true,"campfire_choices":[{"data":"Loop","floor":7,"key":"SMITH"},{"data":"Biased Cognition","floor":10,"key":"SMITH"},{"floor":15,"key":"REST"}],"neow_cost":"NONE","seed_source_timestamp":690104223848092,"circlet_count":0,"master_deck":["Strike_B","Strike_B","Strike_B","Strike_B","Defend_B","Defend_B","Defend_B","Defend_B","Zap","Dualcast","Ball Lightning","Loop+1","Biased Cognition+1","Go for the Eyes","Storm","Consume","Defragment","Reinforced Body","Seek","Ball Lightning","Loop","Amplify"],"relics":["Cracked Core","NeowsBlessing","Vajra","Pen Nib","PreservedInsect","Bag of Marbles","Odd Mushroom","Ectoplasm","Frozen Egg 2","MutagenicStrength"],"potions_floor_usage":[14,16,16],"damage_taken":[{"damage":0,"enemies":"Small Slimes","floor":1,"turns":1},{"damage":0,"enemies":"2 Louse","floor":5,"turns":1},{"damage":0,"enemies":"Gremlin Nob","floor":6,"turns":1},{"damage":21,"enemies":"Lagavulin","floor":8,"turns":5},{"damage":0,"enemies":"Cultist","floor":11,"turns":3},{"damage":9,"enemies":"Blue Slaver","floor":12,"turns":3},{"damage":9,"enemies":"3 Sentries","floor":13,"turns":3},{"damage":31,"enemies":"The Mushroom Lair","floor":14,"turns":3},{"damage":22,"enemies":"The Guardian","floor":16,"turns":7},{"damage":31,"enemies":"Shell Parasite","floor":18,"turns":5},{"damage":19,"enemies":"3 Byrds","floor":21,"turns":4},{"damage":34,"enemies":"Shelled Parasite and Fungi","floor":22,"turns":4}],"seed_played":"5378837729243313416","potions_obtained":[{"floor":1,"key":"LiquidBronze"},{"floor":5,"key":"Strength Potion"},{"floor":14,"key":"AttackPotion"}],"is_trial":false,"path_per_floor":["M","$","?","?","M","E","R","E","T","R","M","M","E","?","R","B",null,"M","$","?","M","M"],"character_chosen":"DEFECT","items_purchased":["Loop","Loop","Frozen Egg 2"],"campfire_rested":1,"item_purchase_floors":[2,19,19],"current_hp_per_floor":[75,75,75,75,75,75,75,54,54,54,54,45,36,5,27,5,75,44,44,44,25,0],"gold":170,"neow_bonus":"THREE_ENEMY_KILL","is_prod":false,"is_daily":false,"chose_seed":false,"campfire_upgraded":2,"win_rate":0,"timestamp":1546136792,"path_taken":["M","$","?","?","?","E","R","E","T","R","M","M","E","?","R","BOSS","M","$","?","M","M"],"build_version":"2018-12-20","purchased_purges":0,"victory":false,"max_hp_per_floor":[75,75,75,75,75,75,75,75,75,75,75,75,75,75,75,75,75,75,75,75,75,75],"card_choices":[{"not_picked":["Undo","Doom and Gloom"],"picked":"Ball Lightning","floor":1},{"not_picked":["Scrape","Turbo","Redo"],"picked":"SKIP","floor":5},{"not_picked":["Leap","Aggregate"],"picked":"Biased Cognition","floor":6},{"not_picked":["Barrage","Storm"],"picked":"Go for the Eyes","floor":8},{"not_picked":["Sweeping Beam","Lockon"],"picked":"Storm","floor":11},{"not_picked":["Undo","Gash"],"picked":"Consume","floor":12},{"not_picked":["Turbo","FTL"],"picked":"Defragment","floor":13},{"not_picked":["Steam","Gash"],"picked":"Reinforced Body","floor":14},{"not_picked":["Reboot","Thunder Strike"],"picked":"Seek","floor":16},{"not_picked":["Steam+1","Compile Driver"],"picked":"Ball Lightning","floor":18},{"not_picked":["Redo","Stack"],"picked":"Amplify","floor":21}],"player_experience":137279,"relics_obtained":[{"floor":6,"key":"Vajra"},{"floor":8,"key":"Pen Nib"},{"floor":9,"key":"PreservedInsect"},{"floor":13,"key":"Bag of Marbles"},{"floor":14,"key":"Odd Mushroom"}],"event_choices":[{"damage_healed":0,"gold_gain":175,"player_choice":"AGREE","damage_taken":0,"max_hp_gain":0,"max_hp_loss":0,"event_name":"Liars Game","floor":3,"gold_loss":0,"cards_obtained":["Doubt"]},{"cards_removed":["Doubt"],"damage_healed":0,"gold_gain":0,"player_choice":"Purged","damage_taken":0,"max_hp_gain":0,"max_hp_loss":0,"event_name":"Purifier","floor":4,"gold_loss":0},{"damage_healed":0,"gold_gain":0,"player_choice":"Fought Mushrooms","damage_taken":0,"max_hp_gain":0,"max_hp_loss":0,"event_name":"Mushrooms","floor":14,"gold_loss":0},{"damage_healed":0,"gold_gain":0,"player_choice":"Inject Mutagens","damage_taken":0,"relics_obtained":["MutagenicStrength"],"max_hp_gain":0,"max_hp_loss":0,"event_name":"Drug Dealer","floor":20,"gold_loss":0}],"is_beta":false,"boss_relics":[{"not_picked":["Velvet Choker","Eternal Feather"],"picked":"Ectoplasm"}],"items_purged_floors":[],"is_endless":false,"potions_floor_spawned":[1,5,14],"killed_by":"Shelled Parasite and Fungi","ascension_level":2}