{"gold_per_floor":[117,117,13,13,26,59,59,84,138,157,157,157,170,204,204,293,293,309,309,329,347,110,110,146,146,146,146,171,171,221,237,237,333,333,351,367,367,382,507,507,507,185,185,185,206,241,256,281,281,281,281],"floor_reached":52,"playtime":1917,"items_purged":["Strike_R","Writhe"],"score":1874,"play_id":"02ddaa3a-c62a-4cd5-8408-6c320fb892a7","local_time":"20190312023711","is_ascension_mode":true,"campfire_choices":[{"data":"Evolve","floor":7,"key":"SMITH"},{"data":"Demon Form","floor":12,"key":"SMITH"},{"data":"Battle Trance","floor":15,"key":"SMITH"},{"data":"True Grit","floor":23,"key":"SMITH"},{"data":"Body Slam","floor":25,"key":"SMITH"},{"data":"Entrench","floor":29,"key":"SMITH"},{"data":"Sword Boomerang","floor":32,"key":"SMITH"},{"data":"Limit Break","floor":40,"key":"SMITH"},{"floor":49,"key":"REST"}],"neow_cost":"NONE","seed_source_timestamp":376642247672400,"circlet_count":0,"master_deck":["AscendersBane","Strike_R+1","Defend_R+1","Defend_R+1","Defend_R+1","Defend_R+1","Bash","Anger","Evolve+1","Power Through","Seeing Red","Demon Form+1","Inflame","Battle Trance+1","True Grit+1","Impervious","Feel No Pain","Heavy Blade+1","Sword Boomerang+1","Body Slam+1","Entrench+1","Limit Break+1","Disarm+1","Sentinel+1","Burning Pact+1","Rage+1","Warcry+1","Feel No Pain","Demon Form"],"relics":["Burning Blood","NeowsBlessing","Golden Idol","Orichalcum","Bag of Preparation","Ancient Tea Set","Dodecahedron","Cursed Key","Centennial Puzzle","Vajra","Sundial","Astrolabe","Mango","Medical Kit","War Paint"],"potions_floor_usage":[24,24,33,46,50,51],"damage_taken":[{"damage":0,"enemies":"Small Slimes","floor":1,"turns":1},{"damage":0,"enemies":"2 Louse","floor":5,"turns":1},{"damage":0,"enemies":"3 Sentries","floor":6,"turns":2},{"damage":0,"enemies":"Cultist","floor":8,"turns":3},{"damage":5,"enemies":"Exordium Wildlife","floor":10,"turns":4},{"damage":9,"enemies":"Red Slaver","floor":13,"turns":4},{"damage":14,"enemies":"Lagavulin","floor":14,"turns":5},{"damage":23,"enemies":"Slime Boss","floor":16,"turns":4},{"damage":7,"enemies":"3 Byrds","floor":18,"turns":6},{"damage":11,"enemies":"Shell Parasite","floor":20,"turns":6},{"damage":24,"enemies":"Snake Plant","floor":21,"turns":6},{"damage":47,"enemies":"Gremlin Leader","floor":24,"turns":8},{"damage":7,"enemies":"Sentry and Sphere","floor":28,"turns":4},{"damage":0,"enemies":"Cultist and Chosen","floor":31,"turns":5},{"damage":62,"enemies":"Collector","floor":33,"turns":10},{"damage":37,"enemies":"3 Darklings","floor":35,"turns":5},{"damage":4,"enemies":"Orb Walker","floor":36,"turns":4},{"damage":18,"enemies":"Jaw Worm Horde","floor":38,"turns":4},{"damage":0,"enemies":"Mind Bloom Boss Battle","floor":39,"turns":6},{"damage":26,"enemies":"Spire Growth","floor":45,"turns":6},{"damage":43,"enemies":"Reptomancer","floor":46,"turns":5},{"damage":16,"enemies":"3 Darklings","floor":47,"turns":8},{"damage":8,"enemies":"Jaw Worm Horde","floor":48,"turns":7},{"damage":30,"enemies":"Time Eater","floor":50,"turns":8},{"damage":3,"enemies":"Donu and Deca","floor":51,"turns":7}],"seed_played":"4704710095321630636","potions_obtained":[{"floor":6,"key":"Poison Potion"},{"floor":8,"key":"Swift Potion"},{"floor":10,"key":"Regen Potion"},{"floor":18,"key":"Regen Potion"},{"floor":31,"key":"Regen Potion"},{"floor":33,"key":"Dexterity Potion"},{"floor":38,"key":"FearPotion"},{"floor":46,"key":"Ancient Potion"},{"floor":47,"key":"Strength Potion"},{"floor":48,"key":"Dexterity Potion"}],"is_trial":false,"path_per_floor":["M","?","$","?","M","E","R","M","T","M","?","R","M","E","R","B",null,"M","?","M","M","$","R","E","R","T","?","M","R","?","M","R","B",null,"M","M","?","M","?","R","T","$","T","?","M","E","M","M","R","B","B",null],"character_chosen":"IRONCLAD","items_purchased":["Evolve","Armaments","Vajra","Medical Kit"],"campfire_rested":1,"item_purchase_floors":[3,3,22,42],"current_hp_per_floor":[74,48,48,48,54,60,60,66,66,67,72,72,69,61,61,44,71,70,70,65,47,47,47,55,55,55,55,54,54,54,60,60,19,65,34,36,36,24,44,44,44,44,44,77,57,20,10,8,31,7,10],"gold":281,"neow_bonus":"THREE_ENEMY_KILL","is_prod":false,"is_daily":false,"chose_seed":false,"campfire_upgraded":8,"win_rate":0,"timestamp":1552325831,"path_taken":["M","?","$","?","M","E","R","?","T","M","?","R","M","E","R","BOSS","M","?","?","M","$","R","E","R","T","?","M","R","?","?","R","BOSS","M","M","?","M","?","R","?","$","T","?","M","E","M","M","R","BOSS","BOSS"],"build_version":"2019-01-23","purchased_purges":2,"victory":true,"max_hp_per_floor":[75,75,75,75,75,75,75,75,75,75,80,80,80,80,80,80,80,80,80,80,80,80,80,80,80,80,80,80,80,80,80,80,80,80,80,80,80,80,94,94,94,94,94,77,77,77,77,77,77,77,77],"card_choices":[{"not_picked":["Flex","Entrench"],"picked":"Anger","floor":1},{"not_picked":["Cleave","True Grit"],"picked":"Power Through","floor":5},{"not_picked":["Heavy Blade","Reckless Charge"],"picked":"Seeing Red","floor":6},{"not_picked":["Heavy Blade","Clothesline"],"picked":"Demon Form","floor":8},{"not_picked":["Thunderclap","Perfected Strike"],"picked":"Inflame","floor":10},{"not_picked":["Sword Boomerang","Clash"],"picked":"Battle Trance","floor":13},{"not_picked":["Clothesline","Infernal Blade"],"picked":"True Grit","floor":14},{"not_picked":["Berserk","Double Tap"],"picked":"Impervious","floor":16},{"not_picked":["Ghostly Armor","Searing Blow"],"picked":"Feel No Pain","floor":18},{"not_picked":["Flex","Headbutt"],"picked":"Heavy Blade+1","floor":20},{"not_picked":["Sword Boomerang","Headbutt","Sentinel"],"picked":"SKIP","floor":21},{"not_picked":["Headbutt","Sentinel"],"picked":"Sword Boomerang","floor":21},{"not_picked":["Wild Strike","Inflame+1"],"picked":"Body Slam","floor":24},{"not_picked":["Disarm","Shrug It Off"],"picked":"Entrench","floor":28},{"not_picked":["Hemokinesis","Sword Boomerang","Armaments"],"picked":"SKIP","floor":31},{"not_picked":["Berserk","Exhume"],"picked":"Limit Break","floor":33},{"not_picked":["Wild Strike","Rupture","Combust+1"],"picked":"SKIP","floor":35},{"not_picked":["True Grit","Headbutt"],"picked":"Rage","floor":36},{"not_picked":["Flex+1","Searing Blow","Evolve"],"picked":"SKIP","floor":38},{"not_picked":["Ghostly Armor","Thunderclap"],"picked":"Warcry","floor":39},{"not_picked":["Reckless Charge","Rampage","Rupture"],"picked":"SKIP","floor":45},{"not_picked":["Iron Wave","Evolve"],"picked":"Feel No Pain","floor":46},{"not_picked":["Evolve+1","Clothesline"],"picked":"Demon Form","floor":47},{"not_picked":["Anger","Cleave","Uppercut"],"picked":"SKIP","floor":48}],"player_experience":4514487,"relics_obtained":[{"floor":6,"key":"Bag of Preparation"},{"floor":9,"key":"Ancient Tea Set"},{"floor":14,"key":"Dodecahedron"},{"floor":19,"key":"Centennial Puzzle"},{"floor":24,"key":"Sundial"},{"floor":39,"key":"Mango"},{"floor":46,"key":"War Paint"}],"event_choices":[{"damage_healed":0,"gold_gain":0,"player_choice":"Take Damage","damage_taken":26,"relics_obtained":["Golden Idol"],"max_hp_gain":0,"max_hp_loss":0,"event_name":"Golden Idol","floor":2,"gold_loss":0},{"cards_removed":["Armaments"],"damage_healed":0,"gold_gain":0,"player_choice":"Gave Card","damage_taken":0,"relics_obtained":["Orichalcum"],"max_hp_gain":0,"max_hp_loss":0,"event_name":"WeMeetAgain","floor":4,"gold_loss":0},{"damage_healed":0,"gold_gain":0,"player_choice":"Donut","damage_taken":0,"max_hp_gain":5,"max_hp_loss":0,"event_name":"Big Fish","floor":11,"gold_loss":0},{"damage_healed":0,"gold_gain":0,"player_choice":"Relic","damage_taken":0,"max_hp_gain":0,"max_hp_loss":0,"event_name":"Wheel of Change","floor":19,"gold_loss":0},{"damage_healed":0,"gold_gain":0,"player_choice":"Simplicity","damage_taken":0,"max_hp_gain":0,"max_hp_loss":0,"event_name":"Back to Basics","floor":27,"gold_loss":0,"cards_upgraded":["Strike_R","Strike_R","Strike_R","Strike_R","Defend_R","Defend_R","Defend_R","Defend_R"]},{"damage_healed":0,"gold_gain":50,"player_choice":"Pray","damage_taken":0,"max_hp_gain":0,"max_hp_loss":0,"event_name":"Golden Shrine","floor":30,"gold_loss":0},{"damage_healed":0,"gold_gain":0,"player_choice":"Ignored","damage_taken":0,"max_hp_gain":0,"max_hp_loss":0,"event_name":"Tomb of Lord Red Mask","floor":37,"gold_loss":0},{"damage_healed":0,"gold_gain":0,"player_choice":"Fight","damage_taken":0,"max_hp_gain":0,"max_hp_loss":0,"event_name":"MindBloom","floor":39,"gold_loss":0},{"damage_healed":77,"gold_gain":0,"player_choice":"Heal","damage_taken":0,"max_hp_gain":0,"max_hp_loss":17,"event_name":"The Moai Head","floor":44,"gold_loss":0}],"is_beta":false,"boss_relics":[{"not_picked":["Philosopher\u0027s Stone","Lizard Tail"],"picked":"Cursed Key"},{"not_picked":["Velvet Choker","Fusion Hammer"],"picked":"Astrolabe"}],"items_purged_floors":[22,42],"is_endless":false,"potions_floor_spawned":[6,8,10,18,20,31,33,38,46,47,48],"ascension_level":20}