{"gold_per_floor":[115,115,115,128,128,153,165,179,227,227,227,13,13,13,25,25,125,125,141,160,85,85,85,85,51,51,78,78,78,92,92,192,218,218,318,318,334,234,254,254,254,254,269,269,295,295,51,151,177,189,25,25,25,25,25,25,59,59],"floor_reached":58,"playtime":1965,"items_purged":["Catalyst","Flechettes","Barrage+1"],"score":774,"play_id":"81de79fa-db3e-4108-83c1-6ff00c0caf07","local_time":"20190318033955","is_ascension_mode":false,"campfire_choices":[{"data":"Accuracy","floor":11,"key":"SMITH"},{"data":"Cloak And Dagger","floor":14,"key":"SMITH"},{"data":"Outmaneuver","floor":16,"key":"SMITH"},{"floor":24,"key":"RECALL"},{"floor":26,"key":"REST"},{"floor":29,"key":"REST"},{"floor":31,"key":"REST"},{"floor":34,"key":"REST"},{"floor":42,"key":"REST"},{"floor":52,"key":"REST"},{"floor":55,"key":"REST"}],"neow_cost":"NONE","seed_source_timestamp":357886628253100,"circlet_count":0,"master_deck":["Cloak And Dagger","PiercingWail","Dagger Spray+1","Dagger Spray+1","Well Laid Plans","Backflip","Backflip","Adrenaline","Cloak And Dagger+1","Accuracy+1","Adrenaline","Outmaneuver+1","Phantasmal Killer","Prepared+1","Footwork","Caltrops","Cloak And Dagger","Caltrops+1","Bullet Time","Sucker Punch","Cloak And Dagger","Footwork","Outmaneuver","Burning Pact+1","Footwork","Flex"],"relics":["Empty Cage","Blood Vial","Mango","Juzu Bracelet","Fusion Hammer","Enchiridion","Mercury Hourglass","Bag of Preparation","Tough Bandages","Pear","Whetstone","Busted Crown","PrismaticShard","Unceasing Top","Bottled Lightning","Bag of Marbles"],"potions_floor_usage":[53,58,58],"damage_taken":[{"damage":0,"enemies":"Jaw Worm","floor":1,"turns":3},{"damage":0,"enemies":"Small Slimes","floor":4,"turns":2},{"damage":31,"enemies":"Gremlin Nob","floor":6,"turns":5},{"damage":0,"enemies":"Cultist","floor":7,"turns":3},{"damage":1,"enemies":"Exordium Wildlife","floor":8,"turns":3},{"damage":0,"enemies":"Red Slaver","floor":15,"turns":2},{"damage":0,"enemies":"Slime Boss","floor":17,"turns":7},{"damage":4,"enemies":"Shell Parasite","floor":19,"turns":2},{"damage":0,"enemies":"Chosen","floor":20,"turns":3},{"damage":0,"enemies":"Shelled Parasite and Fungi","floor":30,"turns":2},{"damage":0,"enemies":"Colosseum Slavers","floor":32,"turns":2},{"damage":0,"enemies":"Colosseum Nobs","floor":32,"turns":2},{"damage":9,"enemies":"Gremlin Leader","floor":33,"turns":4},{"damage":11,"enemies":"Collector","floor":35,"turns":8},{"damage":0,"enemies":"3 Darklings","floor":37,"turns":2},{"damage":0,"enemies":"3 Shapes","floor":39,"turns":4},{"damage":0,"enemies":"Jaw Worm Horde","floor":43,"turns":3},{"damage":0,"enemies":"Mind Bloom Boss Battle","floor":48,"turns":4},{"damage":19,"enemies":"Nemesis","floor":49,"turns":7},{"damage":0,"enemies":"Spire Growth","floor":50,"turns":4},{"damage":17,"enemies":"Time Eater","floor":53,"turns":13},{"damage":29,"enemies":"Shield and Spear","floor":57,"turns":4},{"damage":69,"enemies":"The Heart","floor":58,"turns":3}],"seed_played":"-175499465868838071","potions_obtained":[{"floor":4,"key":"Energy Potion"},{"floor":7,"key":"Ancient Potion"},{"floor":15,"key":"LiquidBronze"},{"floor":20,"key":"AttackPotion"},{"floor":49,"key":"FearPotion"},{"floor":50,"key":"SpeedPotion"}],"is_trial":false,"path_per_floor":["M","?","T","M","?","E","M","M","T","T","R","$","?","R","M","R","B",null,"M","M","?","?","T","R","$","R","T","T","R","M","R","?","E","R","B",null,"M","$","M","?","?","R","M","?","T","T","$","?","E","M","$","R","B",null,"R","$","E","B"],"character_chosen":"THE_SILENT","items_purchased":["Adrenaline","Footwork","PrismaticShard","Footwork","Footwork"],"campfire_rested":7,"item_purchase_floors":[12,25,47,47,51],"current_hp_per_floor":[70,70,70,70,70,53,55,56,56,56,56,56,56,56,58,58,60,84,80,82,82,66,66,66,66,84,84,84,84,84,84,94,85,94,83,94,94,94,94,94,94,94,94,94,94,94,94,94,75,77,77,94,77,94,94,94,65,0],"gold":59,"neow_bonus":"BOSS_RELIC","is_prod":false,"is_daily":false,"chose_seed":false,"campfire_upgraded":3,"win_rate":0,"timestamp":1552847995,"path_taken":["M","?","?","M","?","E","?","M","T","R","$","?","R","M","R","BOSS","M","M","?","?","?","R","$","R","T","R","M","R","?","E","R","BOSS","M","$","M","?","?","R","M","?","T","$","?","E","M","?","R","BOSS","R","$","E","BOSS"],"build_version":"2019-01-23","purchased_purges":3,"victory":false,"max_hp_per_floor":[70,70,70,70,70,84,84,84,84,84,84,84,84,84,84,84,84,84,84,84,84,84,84,84,84,84,84,84,84,84,84,94,94,94,94,94,94,94,94,94,94,94,94,94,94,94,94,94,94,94,94,94,94,94,94,94,94,94],"card_choices":[{"not_picked":["Flechettes","Escape Plan"],"picked":"Cloak And Dagger","floor":1},{"not_picked":["Quick Slash","Dodge and Roll"],"picked":"Flying Knee","floor":4},{"not_picked":["Crippling Poison","Dodge and Roll"],"picked":"Catalyst","floor":6},{"not_picked":["Deadly Poison","Blur"],"picked":"Accuracy","floor":7},{"not_picked":["Dodge and Roll","Blur"],"picked":"Outmaneuver","floor":15},{"not_picked":["Wraith Form v2","Night Terror"],"picked":"Phantasmal Killer","floor":17},{"not_picked":["Flying Knee","Predator"],"picked":"Prepared+1","floor":19},{"not_picked":["Acrobatics+1","Sucker Punch"],"picked":"Deflect","floor":20},{"not_picked":["Underhanded Strike","Bane"],"picked":"Caltrops","floor":30},{"not_picked":["Underhanded Strike+1","Dagger Throw+1"],"picked":"Cloak And Dagger","floor":32},{"not_picked":["Calculated Gamble","Dodge and Roll"],"picked":"Caltrops+1","floor":33},{"not_picked":["Die Die Die","Adrenaline"],"picked":"Bullet Time","floor":35},{"not_picked":[],"picked":"Flechettes","floor":37},{"not_picked":[],"picked":"Sucker Punch","floor":39},{"not_picked":[],"picked":"Cloak And Dagger","floor":43},{"not_picked":[],"picked":"Outmaneuver","floor":48},{"not_picked":[],"picked":"Burning Pact+1","floor":49},{"not_picked":[],"picked":"Barrage+1","floor":50},{"not_picked":[],"picked":"Flex","floor":57}],"player_experience":4561505,"relics_obtained":[{"floor":3,"key":"Blood Vial"},{"floor":6,"key":"Mango"},{"floor":9,"key":"Juzu Bracelet"},{"floor":22,"key":"Enchiridion"},{"floor":23,"key":"Mercury Hourglass"},{"floor":27,"key":"Bag of Preparation"},{"floor":32,"key":"Tough Bandages"},{"floor":32,"key":"Pear"},{"floor":33,"key":"Whetstone"},{"floor":48,"key":"Unceasing Top"},{"floor":49,"key":"Bottled Lightning"},{"floor":57,"key":"Bag of Marbles"}],"event_choices":[{"damage_healed":0,"gold_gain":0,"player_choice":"Ignored","damage_taken":0,"max_hp_gain":0,"max_hp_loss":0,"event_name":"Liars Game","floor":2,"gold_loss":0},{"cards_removed":["Flying Knee"],"damage_healed":0,"gold_gain":0,"player_choice":"Purged","damage_taken":0,"max_hp_gain":0,"max_hp_loss":0,"event_name":"Purifier","floor":5,"gold_loss":0},{"damage_healed":0,"gold_gain":0,"player_choice":"Cursed","damage_taken":0,"max_hp_gain":0,"max_hp_loss":0,"event_name":"Wheel of Change","floor":13,"gold_loss":0,"cards_obtained":["Decay"]},{"cards_removed":["Decay"],"damage_healed":0,"gold_gain":0,"player_choice":"Gave Gold","damage_taken":0,"max_hp_gain":0,"max_hp_loss":0,"event_name":"Beggar","floor":21,"gold_loss":75},{"damage_healed":0,"gold_gain":0,"player_choice":"Obtained Book","damage_taken":16,"max_hp_gain":0,"max_hp_loss":0,"event_name":"Cursed Tome","floor":22,"gold_loss":0},{"damage_healed":0,"gold_gain":0,"player_choice":"Fight","damage_taken":0,"max_hp_gain":0,"max_hp_loss":0,"event_name":"Colosseum","floor":32,"gold_loss":0},{"damage_healed":0,"gold_gain":0,"player_choice":"Fought Nobs","damage_taken":0,"max_hp_gain":0,"max_hp_loss":0,"event_name":"Colosseum","floor":32,"gold_loss":0},{"damage_healed":0,"gold_gain":0,"player_choice":"Memory 1","damage_taken":0,"max_hp_gain":0,"max_hp_loss":0,"event_name":"SensoryStone","floor":40,"gold_loss":0},{"cards_removed":["Deflect"],"damage_healed":0,"gold_gain":0,"player_choice":"Purged","damage_taken":0,"max_hp_gain":0,"max_hp_loss":0,"event_name":"Purifier","floor":41,"gold_loss":0},{"damage_healed":0,"gold_gain":0,"player_choice":"Ignored","damage_taken":0,"max_hp_gain":0,"max_hp_loss":0,"event_name":"Tomb of Lord Red Mask","floor":44,"gold_loss":0},{"damage_healed":0,"gold_gain":0,"player_choice":"Fight","damage_taken":0,"max_hp_gain":0,"max_hp_loss":0,"event_name":"MindBloom","floor":48,"gold_loss":0}],"is_beta":false,"boss_relics":[{"not_picked":["Sozu","Lizard Tail"],"picked":"Fusion Hammer"},{"not_picked":["Runic Pyramid","Eternal Feather"],"picked":"Busted Crown"}],"items_purged_floors":[12,38,51],"is_endless":false,"potions_floor_spawned":[4,7,15,19,20,33,37,43,49,50],"killed_by":"The Heart","ascension_level":0}