{"gold_per_floor":[110,122,132,146,161,161,171,171,227,254,254,214,232,250,250,329,329,343,36,54,54,80,80],"floor_reached":23,"playtime":1124,"items_purged":["Strike_R"],"score":361,"play_id":"cbcbd077-897c-43fc-a6c1-be0dd72b1cfd","local_time":"20190314124541","is_ascension_mode":true,"campfire_choices":[{"data":"Fiend Fire","floor":6.0,"key":"SMITH"},{"data":"Perfected Strike","floor":8.0,"key":"SMITH"},{"data":"Barricade","floor":11.0,"key":"SMITH"},{"data":"Body Slam","floor":15.0,"key":"SMITH"}],"neow_cost":"PERCENT_DAMAGE","seed_source_timestamp":9756037554775,"circlet_count":0,"master_deck":["AscendersBane","Strike_R","Strike_R","Strike_R","Strike_R","Defend_R","Defend_R","Defend_R","Defend_R","Bash","Perfected Strike+1","Blood for Blood","Perfected Strike","Fiend Fire+1","Pommel Strike","Shrug It Off","Barricade+1","Body Slam+1","Impervious","Shrug It Off","Second Wind","True Grit","Trip","Ghostly Armor"],"special_seed":0,"relics":["Burning Blood","Tiny Chest","Regal Pillow","Sozu","Centennial Puzzle"],"potions_floor_usage":[],"damage_taken":[{"damage":6.0,"enemies":"Jaw Worm","floor":1.0,"turns":6.0},{"damage":1.0,"enemies":"Cultist","floor":2.0,"turns":3.0},{"damage":6.0,"enemies":"2 Louse","floor":3.0,"turns":2.0},{"damage":11.0,"enemies":"Blue Slaver","floor":4.0,"turns":3.0},{"damage":8.0,"enemies":"Exordium Wildlife","floor":5.0,"turns":2.0},{"damage":11.0,"enemies":"Looter","floor":7.0,"turns":2.0},{"damage":8.0,"enemies":"Gremlin Nob","floor":10.0,"turns":3.0},{"damage":14.0,"enemies":"Red Slaver","floor":13.0,"turns":2.0},{"damage":0.0,"enemies":"Large Slime","floor":14.0,"turns":1.0},{"damage":39.0,"enemies":"Hexaghost","floor":16.0,"turns":8.0},{"damage":36.0,"enemies":"3 Byrds","floor":18.0,"turns":6.0},{"damage":20.0,"enemies":"2 Thieves","floor":20.0,"turns":4.0},{"damage":25,"enemies":"Colosseum Slavers","floor":21,"turns":6},{"damage":15,"enemies":"Gremlin Leader","floor":23,"turns":2}],"seed_played":"-7242333363212432780","potions_obtained":[{"floor":2.0,"key":"Poison Potion"},{"floor":4.0,"key":"SteroidPotion"},{"floor":5.0,"key":"Strength Potion"},{"floor":12.0,"key":"Swift Potion"},{"floor":14.0,"key":"Swift Potion"},{"floor":16.0,"key":"Strength Potion"}],"is_trial":false,"path_per_floor":["M","M","M","M","M","R","M","R","T","E","R","?","M","M","R","B",null,"M","$","M","?","T","E"],"character_chosen":"IRONCLAD","items_purchased":["Second Wind","True Grit","Trip"],"campfire_rested":0,"item_purchase_floors":[19,19,19],"current_hp_per_floor":[64,69,69,64,62,62,57,57,57,55,55,55,47,53,53,20,72,42,42,28,9,9,0],"gold":80,"neow_bonus":"TWENTY_PERCENT_HP_BONUS","is_prod":false,"is_daily":false,"chose_seed":false,"campfire_upgraded":4,"win_rate":0,"timestamp":1552535141,"path_taken":["M","M","M","M","M","R","M","R","T","E","R","?","?","M","R","BOSS","M","$","?","?","?","E"],"build_version":"2019-01-23","purchased_purges":1,"victory":false,"max_hp_per_floor":[89,89,89,89,89,89,89,89,89,89,89,89,89,89,89,89,89,89,89,89,89,89,89],"card_choices":[{"not_picked":["Heavy Blade","Havoc"],"picked":"Perfected Strike","floor":1.0},{"not_picked":["Clash","Sword Boomerang"],"picked":"Blood for Blood","floor":2.0},{"not_picked":["Pommel Strike","Havoc"],"picked":"Perfected Strike","floor":3.0},{"not_picked":["Perfected Strike","Body Slam"],"picked":"Fiend Fire","floor":4.0},{"not_picked":["Anger","Twin Strike"],"picked":"Pommel Strike","floor":5.0},{"not_picked":["Rampage","Headbutt"],"picked":"Shrug It Off","floor":7.0},{"not_picked":["Spot Weakness","Pummel"],"picked":"Barricade","floor":10.0},{"not_picked":["Reckless Charge","Clash","Infernal Blade"],"picked":"SKIP","floor":13.0},{"not_picked":["Wild Strike","Fire Breathing"],"picked":"Body Slam","floor":14.0},{"not_picked":["Reaper","Limit Break"],"picked":"Impervious","floor":16.0},{"not_picked":["Searing Blow","Warcry+1"],"picked":"Shrug It Off","floor":18.0},{"not_picked":["Heavy Blade+1","Burning Pact+1"],"picked":"Ghostly Armor","floor":20.0}],"player_experience":312134,"relics_obtained":[{"floor":9.0,"key":"Tiny Chest"},{"floor":10.0,"key":"Regal Pillow"},{"floor":22,"key":"Centennial Puzzle"}],"event_choices":[{"damage_healed":0.0,"max_hp_gain":0.0,"max_hp_loss":0.0,"gold_gain":0.0,"event_name":"The Woman in Blue","player_choice":"Bought 3 Potions","floor":12.0,"gold_loss":0.0,"damage_taken":0.0},{"damage_healed":0,"gold_gain":0,"player_choice":"Fight","damage_taken":0,"max_hp_gain":0,"max_hp_loss":0,"event_name":"Colosseum","floor":21,"gold_loss":0},{"damage_healed":0,"gold_gain":0,"player_choice":"Fled From Nobs","damage_taken":0,"max_hp_gain":0,"max_hp_loss":0,"event_name":"Colosseum","floor":21,"gold_loss":0}],"is_beta":false,"boss_relics":[{"not_picked":["Orrery","White Beast Statue"],"picked":"Sozu"}],"items_purged_floors":[19],"is_endless":false,"potions_floor_spawned":[2,4,5,14,16,18,21],"killed_by":"Gremlin Leader","ascension_level":17}