{"gold_per_floor":[18,29,29,29,42,42,56,56,81,99,99,113,129,143,143,248,248,265,315,345,357,383,395,439,451,490,60,60,60,77,91,91,196,196,207,131,131,151,7,7,19,19,68,97,111,125,135,135,135,135],"floor_reached":51,"playtime":2063,"items_purged":[],"score":1077,"play_id":"606e2532-ae49-49b0-b789-5565e6521862","local_time":"20190305142156","is_ascension_mode":true,"campfire_choices":[{"data":"Rupture","floor":6.0,"key":"SMITH"},{"data":"Flame Barrier","floor":8.0,"key":"SMITH"},{"data":"Whirlwind","floor":11.0,"key":"SMITH"},{"data":"Burning Pact","floor":15.0,"key":"SMITH"},{"data":"Demon Form","floor":23.0,"key":"SMITH"},{"data":"Flame Barrier","floor":25.0,"key":"SMITH"},{"data":"Second Wind","floor":32.0,"key":"SMITH"},{"data":"Battle Trance","floor":40.0,"key":"SMITH"},{"data":"Heavy Blade","floor":42.0,"key":"SMITH"},{"data":"Exhume","floor":49,"key":"SMITH"}],"neow_cost":"NO_GOLD","seed_source_timestamp":14327425523703,"circlet_count":0,"master_deck":["AscendersBane","Defend_R","Defend_R","Defend_R","Defend_R","Bash+1","Flame Barrier+1","Seeing Red+1","Rupture+1","Flame Barrier+1","Whirlwind+1","Heavy Blade+1","Thunderclap","Burning Pact+1","Demon Form+1","Heavy Blade","Bite","Bite","Bite","Bite","Bite","Heavy Blade+1","Sentinel+1","Shame","Hemokinesis","Second Wind+1","Reaper","Intimidate+1","Battle Trance+1","Spot Weakness","Headbutt","Exhume+1","Pain"],"special_seed":0,"relics":["Burning Blood","Du-Vu Doll","Bag of Preparation","Sozu","MawBank","Oddly Smooth Stone","Orichalcum","Bottled Tornado","Chemical X","Mummified Hand","Velvet Choker","Blood Vial","Anchor","Pantograph","WarpedTongs"],"potions_floor_usage":[50],"damage_taken":[{"damage":6.0,"enemies":"Cultist","floor":1.0,"turns":3.0},{"damage":9.0,"enemies":"2 Louse","floor":2.0,"turns":3.0},{"damage":7.0,"enemies":"Jaw Worm","floor":5.0,"turns":2.0},{"damage":6.0,"enemies":"Looter","floor":7.0,"turns":4.0},{"damage":0.0,"enemies":"Blue Slaver","floor":10.0,"turns":2.0},{"damage":4.0,"enemies":"Red Slaver","floor":12.0,"turns":3.0},{"damage":0.0,"enemies":"Looter","floor":13.0,"turns":3.0},{"damage":0.0,"enemies":"Lots of Slimes","floor":14.0,"turns":1.0},{"damage":37.0,"enemies":"The Guardian","floor":16.0,"turns":11.0},{"damage":11.0,"enemies":"Spheric Guardian","floor":18.0,"turns":3.0},{"damage":0.0,"enemies":"3 Byrds","floor":20.0,"turns":3.0},{"damage":20.0,"enemies":"Snecko","floor":22.0,"turns":4.0},{"damage":20.0,"enemies":"Gremlin Leader","floor":24.0,"turns":4.0},{"damage":9.0,"enemies":"Chosen and Byrds","floor":30.0,"turns":4.0},{"damage":3.0,"enemies":"Snake Plant","floor":31.0,"turns":2.0},{"damage":42.0,"enemies":"Champ","floor":33.0,"turns":8.0},{"damage":0.0,"enemies":"3 Shapes","floor":35.0,"turns":3.0},{"damage":0.0,"enemies":"Orb Walker","floor":38.0,"turns":1.0},{"damage":14.0,"enemies":"Writhing Mass","floor":41.0,"turns":3.0},{"damage":48.0,"enemies":"Giant Head","floor":44.0,"turns":6.0},{"damage":0.0,"enemies":"Jaw Worm Horde","floor":45.0,"turns":1.0},{"damage":14.0,"enemies":"4 Shapes","floor":46.0,"turns":3.0},{"damage":1.0,"enemies":"3 Darklings","floor":47.0,"turns":3.0},{"damage":21,"enemies":"Time Eater","floor":50,"turns":5}],"seed_played":"-5962680774881434155","potions_obtained":[{"floor":5.0,"key":"Dexterity Potion"},{"floor":10.0,"key":"GamblersBrew"},{"floor":14.0,"key":"AttackPotion"},{"floor":16.0,"key":"Fire Potion"}],"is_trial":false,"path_per_floor":["M","M","?","?","M","R","M","R","T","M","R","M","M","M","R","B",null,"M","T","M","?","M","R","E","R","T","$","?","$","M","M","R","B",null,"M","$","?","M","$","R","M","R","T","E","M","M","M","?","R","B",null],"character_chosen":"IRONCLAD","items_purchased":["Bottled Tornado","Chemical X","Battle Trance","Blood Vial"],"campfire_rested":0,"item_purchase_floors":[27,27,36,39],"current_hp_per_floor":[72,69,53,53,52,52,52,52,52,58,58,60,66,72,72,41,70,65,65,71,56,44,44,36,36,36,36,36,36,41,52,52,24,48,56,56,56,56,56,56,48,48,48,28,36,56,56,56,56,45],"gold":135,"neow_bonus":"ONE_RARE_RELIC","is_prod":false,"is_daily":false,"chose_seed":false,"campfire_upgraded":10,"win_rate":0,"timestamp":1551763316,"path_taken":["M","M","?","?","M","R","M","R","T","M","R","M","M","M","R","BOSS","M","?","M","?","M","R","E","R","T","$","?","?","?","M","R","BOSS","M","$","?","M","$","R","M","R","T","E","M","M","M","?","R","BOSS"],"build_version":"2019-01-23","purchased_purges":0,"victory":true,"max_hp_per_floor":[80,80,80,80,80,80,80,80,80,80,80,80,80,80,80,80,80,80,80,80,56,56,56,56,56,56,56,56,56,56,56,56,56,56,56,56,56,56,56,56,56,56,56,56,56,56,56,56,56,56],"card_choices":[{"not_picked":["Clash","Dropkick"],"picked":"Flame Barrier","floor":1.0},{"not_picked":["Havoc","Heavy Blade"],"picked":"Seeing Red","floor":2.0},{"not_picked":["Sever Soul","Body Slam"],"picked":"Rupture","floor":5.0},{"not_picked":["Armaments","Pommel Strike"],"picked":"Flame Barrier","floor":7.0},{"not_picked":["Perfected Strike","Cleave"],"picked":"Whirlwind","floor":10.0},{"not_picked":["Clothesline","Dropkick"],"picked":"Heavy Blade","floor":12.0},{"not_picked":["Wild Strike","Anger"],"picked":"Thunderclap","floor":13.0},{"not_picked":["Hemokinesis","Clash"],"picked":"Burning Pact","floor":14.0},{"not_picked":["Exhume","Fiend Fire"],"picked":"Demon Form","floor":16.0},{"not_picked":["Sever Soul","Body Slam","Clash"],"picked":"SKIP","floor":18.0},{"not_picked":["Clash+1","Reckless Charge"],"picked":"Heavy Blade","floor":20.0},{"not_picked":["Twin Strike","Fire Breathing"],"picked":"Heavy Blade+1","floor":22.0},{"not_picked":["Sword Boomerang","Burning Pact+1"],"picked":"Sentinel+1","floor":24.0},{"not_picked":["Bludgeon","Perfected Strike"],"picked":"Hemokinesis","floor":30.0},{"not_picked":["Perfected Strike","Shockwave"],"picked":"Second Wind","floor":31.0},{"not_picked":["Feed","Impervious"],"picked":"Reaper","floor":33.0},{"not_picked":["Iron Wave","Shrug It Off+1"],"picked":"Intimidate+1","floor":35.0},{"not_picked":["Warcry","Ghostly Armor+1"],"picked":"Spot Weakness","floor":38.0},{"not_picked":["Twin Strike+1","Havoc+1"],"picked":"Headbutt","floor":41.0},{"not_picked":["Shrug It Off","Infernal Blade+1","Anger+1"],"picked":"SKIP","floor":44.0},{"not_picked":["Metallicize+1","Havoc+1","Perfected Strike+1"],"picked":"SKIP","floor":45.0},{"not_picked":["Wild Strike+1","Anger"],"picked":"Exhume","floor":46.0},{"not_picked":["Iron Wave+1","Havoc+1","Twin Strike"],"picked":"SKIP","floor":47.0}],"player_experience":234970,"relics_obtained":[{"floor":9.0,"key":"Bag of Preparation"},{"floor":19.0,"key":"MawBank"},{"floor":24.0,"key":"Oddly Smooth Stone"},{"floor":26.0,"key":"Orichalcum"},{"floor":43.0,"key":"Anchor"},{"floor":44.0,"key":"Pantograph"}],"event_choices":[{"damage_healed":0.0,"max_hp_gain":0.0,"max_hp_loss":0.0,"gold_gain":0.0,"event_name":"Shining Light","player_choice":"Entered Light","floor":3.0,"gold_loss":0.0,"damage_taken":16.0,"cards_upgraded":["Strike_R","Bash"]},{"damage_healed":0.0,"max_hp_gain":0.0,"max_hp_loss":0.0,"gold_gain":0.0,"event_name":"Upgrade Shrine","player_choice":"Upgraded","floor":4.0,"gold_loss":0.0,"damage_taken":0.0,"cards_upgraded":["Seeing Red"]},{"damage_healed":0.0,"max_hp_gain":0.0,"max_hp_loss":24.0,"gold_gain":0.0,"event_name":"Vampires","player_choice":"Became a vampire","floor":21.0,"gold_loss":0.0,"damage_taken":0.0,"cards_obtained":["Bite","Bite","Bite","Bite","Bite"]},{"damage_healed":0.0,"max_hp_gain":0.0,"max_hp_loss":0.0,"gold_gain":0.0,"event_name":"Addict","player_choice":"Stole Relic","floor":28.0,"gold_loss":0.0,"damage_taken":0.0,"relics_obtained":["Mummified Hand"],"cards_obtained":["Shame"]},{"damage_healed":0.0,"max_hp_gain":0.0,"max_hp_loss":0.0,"gold_gain":0.0,"event_name":"Tomb of Lord Red Mask","player_choice":"Ignored","floor":37.0,"gold_loss":0.0,"damage_taken":0.0},{"damage_healed":0,"gold_gain":0,"player_choice":"Rummage","damage_taken":0,"relics_obtained":["WarpedTongs"],"max_hp_gain":0,"max_hp_loss":0,"event_name":"Accursed Blacksmith","floor":48,"gold_loss":0,"cards_obtained":["Pain"]}],"is_beta":false,"boss_relics":[{"not_picked":["Calling Bell","Black Star"],"picked":"Sozu"},{"not_picked":["Fusion Hammer","Orrery"],"picked":"Velvet Choker"}],"items_purged_floors":[],"is_endless":false,"potions_floor_spawned":[5,10,14,16,22,30,31,33,35,41,47],"ascension_level":10}