{"gold_per_floor":[10,20,34,53,66,66,93,93,93,93,107,125,141,141,141,141],"floor_reached":16,"playtime":709,"items_purged":[],"score":196,"play_id":"d5fe0858-7a82-41d5-b338-2ddbaaddd244","local_time":"20190313191850","is_ascension_mode":true,"campfire_choices":[{"data":"Bash","floor":6.0,"key":"SMITH"},{"floor":8.0,"key":"REST"},{"data":"Exhume","floor":10.0,"key":"SMITH"},{"floor":15,"key":"REST"}],"neow_cost":"NO_GOLD","seed_source_timestamp":33612852639259,"circlet_count":0,"master_deck":["AscendersBane","Strike_R","Strike_R","Strike_R","Strike_R","Strike_R","Defend_R","Defend_R","Defend_R","Defend_R","Bash+1","Feel No Pain","Carnage","Thunderclap","Exhume+1","Dropkick"],"special_seed":0,"relics":["Burning Blood","FossilizedHelix","Sundial"],"potions_floor_usage":[16],"damage_taken":[{"damage":7.0,"enemies":"Cultist","floor":1.0,"turns":4.0},{"damage":18.0,"enemies":"Jaw Worm","floor":2.0,"turns":6.0},{"damage":10.0,"enemies":"2 Louse","floor":3.0,"turns":3.0},{"damage":6.0,"enemies":"2 Fungi Beasts","floor":4.0,"turns":4.0},{"damage":11.0,"enemies":"Looter","floor":5.0,"turns":4.0},{"damage":32.0,"enemies":"Gremlin Nob","floor":7.0,"turns":4.0},{"damage":28.0,"enemies":"Exordium Wildlife","floor":11.0,"turns":7.0},{"damage":19.0,"enemies":"3 Louse","floor":12.0,"turns":4.0},{"damage":9.0,"enemies":"Gremlin Gang","floor":13.0,"turns":4.0},{"damage":49,"enemies":"Hexaghost","floor":16,"turns":7}],"seed_played":"8534534649996652198","potions_obtained":[{"floor":4.0,"key":"FearPotion"},{"floor":11.0,"key":"FearPotion"},{"floor":12.0,"key":"SteroidPotion"}],"is_trial":false,"path_per_floor":["M","M","M","M","M","R","E","R","T","R","M","M","M","?","R","B"],"character_chosen":"IRONCLAD","items_purchased":[],"campfire_rested":2,"item_purchase_floors":[],"current_hp_per_floor":[81,69,65,65,60,60,34,60,60,60,38,25,22,22,48,0],"gold":141,"neow_bonus":"TWENTY_PERCENT_HP_BONUS","is_prod":false,"is_daily":false,"chose_seed":false,"campfire_upgraded":2,"win_rate":0,"timestamp":1552472330,"path_taken":["M","M","M","?","M","R","E","R","T","R","M","M","M","?","R","BOSS"],"build_version":"2019-01-23","purchased_purges":0,"victory":false,"max_hp_per_floor":[89,89,89,89,89,89,89,89,89,89,89,89,89,89,89,89],"card_choices":[{"not_picked":["Sword Boomerang","Flex"],"picked":"Feel No Pain","floor":1.0},{"not_picked":["Clash","Rampage"],"picked":"Carnage","floor":2.0},{"not_picked":["Searing Blow","Intimidate","Anger"],"picked":"SKIP","floor":3.0},{"not_picked":["Clash","Carnage","Rampage"],"picked":"SKIP","floor":4.0},{"not_picked":["Searing Blow","Havoc"],"picked":"Thunderclap","floor":5.0},{"not_picked":["Warcry","Infernal Blade"],"picked":"Exhume","floor":7.0},{"not_picked":["Wild Strike","Clothesline"],"picked":"Dropkick","floor":11.0},{"not_picked":["Havoc","Iron Wave","Body Slam"],"picked":"SKIP","floor":12.0},{"not_picked":["Body Slam","Headbutt","Thunderclap"],"picked":"SKIP","floor":13.0}],"player_experience":307514,"relics_obtained":[{"floor":7.0,"key":"FossilizedHelix"},{"floor":9.0,"key":"Sundial"}],"event_choices":[{"damage_healed":0,"gold_gain":0,"player_choice":"Fled","damage_taken":0,"max_hp_gain":0,"max_hp_loss":0,"event_name":"Scrap Ooze","floor":14,"gold_loss":0}],"is_beta":false,"boss_relics":[],"items_purged_floors":[],"is_endless":false,"potions_floor_spawned":[4,11,12],"killed_by":"Hexaghost","ascension_level":17}