{"gold_per_floor":[111,130,154,154,169,169,244,274,274,274,9,9,26,26,26,102,102,115,85,85],"floor_reached":20,"playtime":671,"items_purged":["Strike_R"],"score":318,"play_id":"1979ee96-2d66-489a-94e6-55e260dcb6c5","local_time":"20190313131133","is_ascension_mode":true,"campfire_choices":[{"data":"True Grit","floor":6,"key":"SMITH"},{"floor":10,"key":"REST"},{"data":"Whirlwind","floor":12,"key":"SMITH"},{"floor":15,"key":"REST"}],"neow_cost":"NONE","seed_source_timestamp":11630260518580,"circlet_count":0,"master_deck":["AscendersBane","Strike_R","Strike_R","Strike_R","Defend_R","Defend_R","Defend_R","Defend_R","Bash","Feel No Pain","Whirlwind+1","Iron Wave","True Grit+1","Carnage","Spot Weakness","Demon Form+1","Feel No Pain+1","Clothesline+1"],"relics":["Burning Blood","NeowsBlessing","Smiling Mask","Frozen Egg 2","Paper Frog","Juzu Bracelet","Mark of Pain"],"potions_floor_usage":[13,16,16,16,19],"damage_taken":[{"damage":0,"enemies":"Cultist","floor":1,"turns":1},{"damage":0,"enemies":"Jaw Worm","floor":2,"turns":1},{"damage":0,"enemies":"Small Slimes","floor":5,"turns":1},{"damage":47,"enemies":"Gremlin Nob","floor":8,"turns":6},{"damage":12,"enemies":"Exordium Thugs","floor":13,"turns":5},{"damage":53,"enemies":"Hexaghost","floor":16,"turns":11},{"damage":30,"enemies":"Spheric Guardian","floor":18,"turns":5},{"damage":11,"enemies":"2 Thieves","floor":19,"turns":4},{"damage":35,"enemies":"Centurion and Healer","floor":20,"turns":4}],"seed_played":"3283653590589741568","potions_obtained":[{"floor":1,"key":"SkillPotion"},{"floor":13,"key":"EntropicBrew"},{"floor":18,"key":"Block Potion"}],"is_trial":false,"path_per_floor":["M","M","T","?","M","R","?","E","T","R","$","R","M","$","R","B",null,"M","M","M"],"character_chosen":"IRONCLAD","items_purchased":["Juzu Bracelet","Weak Potion"],"campfire_rested":2,"item_purchase_floors":[11,11],"current_hp_per_floor":[74,75,75,75,75,75,64,23,23,45,45,45,39,39,61,14,60,36,31,0],"gold":85,"neow_bonus":"THREE_ENEMY_KILL","is_prod":false,"is_daily":false,"chose_seed":false,"campfire_upgraded":2,"win_rate":0,"timestamp":1552450293,"path_taken":["M","M","?","?","?","R","?","E","T","R","$","R","M","?","R","BOSS","M","M","M"],"build_version":"2019-01-23","purchased_purges":1,"victory":false,"max_hp_per_floor":[75,75,75,75,75,75,75,75,75,75,75,75,75,75,75,75,75,75,75,75],"card_choices":[{"not_picked":["Power Through","Iron Wave"],"picked":"Feel No Pain","floor":1},{"not_picked":["Sever Soul","Burning Pact"],"picked":"Whirlwind","floor":2},{"not_picked":["Bloodletting","Shrug It Off"],"picked":"True Grit","floor":5},{"not_picked":["Thunderclap","Shockwave"],"picked":"Carnage","floor":8},{"not_picked":["Blood for Blood","Shrug It Off"],"picked":"Spot Weakness","floor":13},{"not_picked":["Dark Embrace+1","Exhume"],"picked":"Demon Form+1","floor":16},{"not_picked":["Twin Strike","Body Slam"],"picked":"Feel No Pain+1","floor":18},{"not_picked":["Flex","Burning Pact"],"picked":"Clothesline+1","floor":19}],"player_experience":304480,"relics_obtained":[{"floor":3,"key":"Smiling Mask"},{"floor":8,"key":"Frozen Egg 2"},{"floor":9,"key":"Paper Frog"}],"event_choices":[{"damage_healed":0,"gold_gain":0,"cards_transformed":["Strike_R"],"player_choice":"Transformed","damage_taken":0,"max_hp_gain":0,"max_hp_loss":0,"event_name":"Transmorgrifier","floor":4,"gold_loss":0,"cards_obtained":["Iron Wave"]},{"damage_healed":0,"gold_gain":75,"player_choice":"Gather Gold","damage_taken":11,"max_hp_gain":0,"max_hp_loss":0,"event_name":"World of Goop","floor":7,"gold_loss":0}],"is_beta":false,"boss_relics":[{"not_picked":["Eternal Feather","Lizard Tail"],"picked":"Mark of Pain"}],"items_purged_floors":[11],"is_endless":false,"potions_floor_spawned":[1,13,18],"killed_by":"Centurion and Healer","ascension_level":17}