{"gold_per_floor":[112,126,126,141,158,158,191,191,191,204,233,36,1,36,36,136,136,152,152],"floor_reached":19,"playtime":1404,"items_purged":[],"score":252,"play_id":"b7047ed3-da1e-4bef-a855-dfdd88048226","local_time":"20190227120732","is_ascension_mode":true,"campfire_choices":[{"data":"True Grit","floor":6.0,"key":"SMITH"},{"floor":8.0,"key":"REST"},{"data":"Second Wind","floor":15.0,"key":"SMITH"}],"neow_cost":"TEN_PERCENT_HP_LOSS","seed_source_timestamp":7048068443837,"circlet_count":0,"master_deck":["Strike_R+1","Strike_R","Strike_R","Strike_R","Strike_R+1","Defend_R","Defend_R","Defend_R","Defend_R","Bash","Reckless Charge","Wild Strike","Sentinel","True Grit+1","Power Through","Wild Strike","Ghostly Armor","Second Wind+1","Demon Form","Wild Strike"],"special_seed":0,"relics":["Burning Blood","Thread and Needle","Boot","Pantograph","Mango","Medical Kit","Blood Vial","Mark of Pain"],"potions_floor_usage":[18,19],"damage_taken":[{"damage":0.0,"enemies":"Small Slimes","floor":1.0,"turns":3.0},{"damage":2.0,"enemies":"Jaw Worm","floor":2.0,"turns":5.0},{"damage":0.0,"enemies":"2 Louse","floor":4.0,"turns":2.0},{"damage":13.0,"enemies":"2 Fungi Beasts","floor":5.0,"turns":4.0},{"damage":26.0,"enemies":"3 Sentries","floor":7.0,"turns":9.0},{"damage":3.0,"enemies":"Gremlin Gang","floor":10.0,"turns":7.0},{"damage":28.0,"enemies":"Lagavulin","floor":11.0,"turns":6.0},{"damage":4.0,"enemies":"3 Sentries","floor":14.0,"turns":9.0},{"damage":88.0,"enemies":"Slime Boss","floor":16.0,"turns":19.0},{"damage":30,"enemies":"3 Byrds","floor":18,"turns":6},{"damage":49,"enemies":"Masked Bandits","floor":19,"turns":3}],"seed_played":"-6660412634086823530","potions_obtained":[{"floor":1.0,"key":"Energy Potion"},{"floor":2.0,"key":"SkillPotion"},{"floor":11.0,"key":"EntropicBrew"},{"floor":14.0,"key":"EssenceOfSteel"},{"floor":16.0,"key":"Block Potion"},{"floor":18,"key":"FearPotion"}],"is_trial":false,"path_per_floor":["M","M","?","M","M","R","E","R","T","M","E","$","?","E","R","B",null,"M","?"],"character_chosen":"IRONCLAD","items_purchased":["Medical Kit"],"campfire_rested":1,"item_purchase_floors":[12],"current_hp_per_floor":[72,72,58,64,57,57,37,58,58,61,53,53,74,76,76,19,69,47,0],"gold":152,"neow_bonus":"ONE_RARE_RELIC","is_prod":false,"is_daily":false,"chose_seed":false,"campfire_upgraded":2,"win_rate":0,"timestamp":1551236852,"path_taken":["M","M","?","M","M","R","E","R","T","M","E","$","?","E","R","BOSS","M","?"],"build_version":"2019-01-23","purchased_purges":0,"victory":false,"max_hp_per_floor":[72,72,72,72,72,72,72,72,72,72,86,86,86,86,86,86,86,86,86],"card_choices":[{"not_picked":["Sword Boomerang","Dropkick"],"picked":"Reckless Charge","floor":1.0},{"not_picked":["Perfected Strike","Clash"],"picked":"Wild Strike","floor":2.0},{"not_picked":["Iron Wave","Perfected Strike"],"picked":"Sentinel","floor":4.0},{"not_picked":["Fire Breathing","Bludgeon"],"picked":"True Grit","floor":5.0},{"not_picked":["Thunderclap","Fire Breathing"],"picked":"Power Through","floor":7.0},{"not_picked":["Dual Wield","Seeing Red"],"picked":"Wild Strike","floor":10.0},{"not_picked":["Armaments","Dropkick"],"picked":"Ghostly Armor","floor":11.0},{"not_picked":["Double Tap","Corruption"],"picked":"Second Wind","floor":14.0},{"not_picked":["Limit Break","Juggernaut"],"picked":"Demon Form","floor":16.0},{"not_picked":["Sever Soul+1","Iron Wave"],"picked":"Wild Strike","floor":18}],"player_experience":198710,"relics_obtained":[{"floor":7.0,"key":"Boot"},{"floor":9.0,"key":"Pantograph"},{"floor":11.0,"key":"Mango"},{"floor":14.0,"key":"Blood Vial"}],"event_choices":[{"damage_healed":0.0,"max_hp_gain":0.0,"max_hp_loss":0.0,"gold_gain":0.0,"event_name":"Shining Light","player_choice":"Entered Light","floor":3.0,"gold_loss":0.0,"damage_taken":14.0,"cards_upgraded":["Strike_R","Strike_R"]},{"damage_healed":21.0,"max_hp_gain":0.0,"max_hp_loss":0.0,"gold_gain":0.0,"event_name":"The Cleric","player_choice":"Healed","floor":13.0,"gold_loss":35.0,"damage_taken":0.0},{"damage_healed":0,"gold_gain":0,"player_choice":"Fought Bandits","damage_taken":0,"max_hp_gain":0,"max_hp_loss":0,"event_name":"Masked Bandits","floor":19,"gold_loss":0}],"is_beta":false,"boss_relics":[{"not_picked":["Pandora\u0027s Box","Calling Bell"],"picked":"Mark of Pain"}],"items_purged_floors":[],"is_endless":false,"potions_floor_spawned":[1,2,11,14,16,18],"killed_by":"Masked Bandits","ascension_level":7}