{"gold_per_floor":[114,114,138,138,138,182,197,197,221,259,259,90,121,136,136,136],"floor_reached":16,"playtime":408,"items_purged":["Strike_G"],"score":286,"play_id":"1c5fd34d-7937-4803-bf6d-cc070fbb5fc5","local_time":"20190313023110","is_ascension_mode":true,"campfire_choices":[{"floor":8,"key":"REST"},{"floor":11,"key":"REST"},{"data":"After Image","floor":15,"key":"SMITH"}],"neow_cost":"NONE","seed_source_timestamp":464202016221800,"circlet_count":0,"master_deck":["AscendersBane","Defend_G+1","Defend_G+1","Defend_G","Defend_G","Defend_G","Strike_G","Strike_G","Strike_G","Strike_G+1","Survivor+1","Neutralize+1","Underhanded Strike+1","Dagger Throw","Heel Hook","After Image+1","Purity","Adrenaline"],"relics":["Ring of the Snake","NeowsBlessing","Golden Idol","Whetstone","War Paint","Unceasing Top","The Specimen"],"potions_floor_usage":[10],"damage_taken":[{"damage":0,"enemies":"Cultist","floor":1,"turns":1},{"damage":0,"enemies":"Jaw Worm","floor":3,"turns":1},{"damage":0,"enemies":"Gremlin Nob","floor":6,"turns":1},{"damage":0,"enemies":"Small Slimes","floor":7,"turns":4},{"damage":34,"enemies":"3 Sentries","floor":10,"turns":11},{"damage":2,"enemies":"Lagavulin","floor":13,"turns":9},{"damage":0,"enemies":"Blue Slaver","floor":14,"turns":3},{"damage":24,"enemies":"Slime Boss","floor":16,"turns":6}],"seed_played":"225649187556246454","potions_obtained":[{"floor":3,"key":"Poison Potion"},{"floor":6,"key":"LiquidBronze"}],"is_trial":false,"path_per_floor":["M","?","M","?","?","E","M","R","T","E","R","$","E","M","R","B"],"character_chosen":"THE_SILENT","items_purchased":["Purity"],"campfire_rested":2,"item_purchase_floors":[12],"current_hp_per_floor":[59,36,36,16,21,21,21,42,42,8,29,29,27,27,27,3],"gold":136,"neow_bonus":"THREE_ENEMY_KILL","is_prod":false,"is_daily":false,"chose_seed":false,"campfire_upgraded":1,"win_rate":0,"timestamp":1552411870,"path_taken":["M","?","M","?","?","E","M","R","T","E","R","$","E","M","R","BOSS"],"build_version":"2019-01-23","purchased_purges":1,"victory":false,"max_hp_per_floor":[66,66,66,66,71,71,71,71,71,71,71,71,71,71,71,71],"card_choices":[{"not_picked":["Outmaneuver","Escape Plan"],"picked":"Underhanded Strike","floor":1},{"not_picked":["Prepared","Blade Dance"],"picked":"Dagger Throw","floor":3},{"not_picked":["Flying Knee","PiercingWail"],"picked":"Heel Hook","floor":6},{"not_picked":["Distraction","Flying Knee","Prepared"],"picked":"SKIP","floor":7},{"not_picked":["Blade Dance","Glass Knife"],"picked":"After Image","floor":10},{"not_picked":["Escape Plan","Deflect"],"picked":"Adrenaline","floor":13},{"not_picked":["Poisoned Stab","Reflex","Dagger Throw"],"picked":"SKIP","floor":14}],"player_experience":4527664,"relics_obtained":[{"floor":6,"key":"Whetstone"},{"floor":9,"key":"War Paint"},{"floor":10,"key":"Unceasing Top"},{"floor":13,"key":"The Specimen"}],"event_choices":[{"damage_healed":0,"gold_gain":0,"player_choice":"Take Damage","damage_taken":23,"relics_obtained":["Golden Idol"],"max_hp_gain":0,"max_hp_loss":0,"event_name":"Golden Idol","floor":2,"gold_loss":0},{"damage_healed":0,"gold_gain":0,"player_choice":"Entered Light","damage_taken":20,"max_hp_gain":0,"max_hp_loss":0,"event_name":"Shining Light","floor":4,"gold_loss":0,"cards_upgraded":["Defend_G","Underhanded Strike"]},{"damage_healed":0,"gold_gain":0,"player_choice":"Donut","damage_taken":0,"max_hp_gain":5,"max_hp_loss":0,"event_name":"Big Fish","floor":5,"gold_loss":0}],"is_beta":false,"boss_relics":[],"items_purged_floors":[12],"is_endless":false,"potions_floor_spawned":[3,6],"killed_by":"Slime Boss","ascension_level":20}