{"gold_per_floor":[109,127,144,30,105,105,138,138,138,138,151,183,193,193,193,193],"floor_reached":16,"playtime":378,"items_purged":["Normality"],"score":220,"play_id":"5ee1f8e1-4313-49da-ab23-4f0a56761102","local_time":"20190312030208","is_ascension_mode":true,"campfire_choices":[{"data":"Noxious Fumes","floor":6,"key":"SMITH"},{"floor":8,"key":"REST"},{"data":"Setup","floor":10,"key":"SMITH"},{"data":"Outmaneuver","floor":15,"key":"SMITH"}],"neow_cost":"CURSE","seed_source_timestamp":379688169305000,"circlet_count":0,"master_deck":["AscendersBane","Defend_G","Defend_G","Defend_G","Defend_G","Strike_G","Strike_G","Strike_G","Strike_G","Survivor","Neutralize","Setup+1","Riddle With Holes","Underhanded Strike","Acrobatics","Endless Agony","Noxious Fumes+1","Outmaneuver+1","PiercingWail","Cloak And Dagger","Acrobatics"],"relics":["Ring of the Snake","Ginger","Paper Crane","Blue Candle","CultistMask"],"potions_floor_usage":[12,16,16],"damage_taken":[{"damage":0,"enemies":"Cultist","floor":1,"turns":4},{"damage":5,"enemies":"2 Louse","floor":2,"turns":3},{"damage":0,"enemies":"Jaw Worm","floor":3,"turns":3},{"damage":30,"enemies":"3 Sentries","floor":7,"turns":7},{"damage":10,"enemies":"Exordium Thugs","floor":11,"turns":4},{"damage":3,"enemies":"Gremlin Nob","floor":12,"turns":3},{"damage":5,"enemies":"3 Louse","floor":13,"turns":4},{"damage":16,"enemies":"Slime Boss","floor":16,"turns":3}],"seed_played":"-1103627896998874750","potions_obtained":[{"floor":11,"key":"SteroidPotion"},{"floor":12,"key":"Strength Potion"},{"floor":13,"key":"SneckoOil"}],"is_trial":false,"path_per_floor":["M","M","M","$","?","R","E","R","T","R","M","E","M","?","R","B"],"character_chosen":"THE_SILENT","items_purchased":["Noxious Fumes"],"campfire_rested":1,"item_purchase_floors":[4],"current_hp_per_floor":[59,54,54,54,43,43,13,32,32,32,22,19,14,14,14,0],"gold":193,"neow_bonus":"TRANSFORM_TWO_CARDS","is_prod":false,"is_daily":false,"chose_seed":false,"campfire_upgraded":3,"win_rate":0,"timestamp":1552327328,"path_taken":["M","?","M","$","?","R","E","R","T","R","M","E","M","?","R","BOSS"],"build_version":"2019-01-23","purchased_purges":1,"victory":false,"max_hp_per_floor":[66,66,66,66,66,66,66,66,66,66,66,66,66,66,66,66],"card_choices":[{"not_picked":["Slice","Poisoned Stab"],"picked":"Underhanded Strike","floor":1},{"not_picked":["Underhanded Strike","Terror"],"picked":"Acrobatics","floor":2},{"not_picked":["Deflect","Outmaneuver"],"picked":"Endless Agony","floor":3},{"not_picked":["Deflect","Phantasmal Killer"],"picked":"Outmaneuver","floor":7},{"not_picked":["Flechettes","Deflect"],"picked":"PiercingWail","floor":11},{"not_picked":["Blade Dance","Dagger Spray"],"picked":"Cloak And Dagger","floor":12},{"not_picked":["Riddle With Holes","Finisher"],"picked":"Acrobatics","floor":13}],"player_experience":4517369,"relics_obtained":[{"floor":7,"key":"Ginger"},{"floor":9,"key":"Paper Crane"},{"floor":12,"key":"Blue Candle"}],"event_choices":[{"damage_healed":0,"gold_gain":75,"player_choice":"Gather Gold","damage_taken":11,"max_hp_gain":0,"max_hp_loss":0,"event_name":"World of Goop","floor":5,"gold_loss":0},{"damage_healed":0,"gold_gain":0,"player_choice":"Trade","damage_taken":0,"relics_obtained":["CultistMask"],"max_hp_gain":0,"max_hp_loss":0,"event_name":"FaceTrader","floor":14,"gold_loss":0}],"is_beta":false,"boss_relics":[],"items_purged_floors":[4],"is_endless":false,"potions_floor_spawned":[11,12,13],"killed_by":"Slime Boss","ascension_level":20}