{"gold_per_floor":[110,110,110,35,49,80,80,138,138,138,8,21,21,49,49,120,120,133,133,147,147,47,47,60,60,60,80,80,111,124,134,134,211,211,226,226,243,243,263,263,82,82,82,96,112,130,150,165,165,165,165],"floor_reached":51,"playtime":2329,"items_purged":["Strike_G","Strike_G","Parasite"],"score":1333,"play_id":"7060af8b-d013-4516-9f76-4a675b95c7c5","local_time":"20190318023626","is_ascension_mode":true,"campfire_choices":[{"data":"Envenom","floor":7,"key":"SMITH"},{"floor":10,"key":"REST"},{"data":"Deadly Poison","floor":15,"key":"SMITH"},{"floor":23,"key":"REST"},{"data":"Calculated Gamble","floor":25,"key":"SMITH"},{"floor":28,"key":"REST"},{"floor":32,"key":"REST"},{"data":"Tactician","floor":40,"key":"SMITH"},{"data":"Footwork","floor":42,"key":"SMITH"},{"floor":49,"key":"REST"}],"neow_cost":"NONE","seed_source_timestamp":353715783935900,"circlet_count":0,"master_deck":["AscendersBane","Defend_G","Defend_G","Defend_G","Defend_G","Strike_G","Strike_G","Strike_G","Survivor+1","Neutralize+1","Dagger Spray","Predator","Envenom+1","Flying Knee","Deadly Poison+1","Quick Slash","Dagger Spray","Backflip","PiercingWail","PiercingWail","Calculated Gamble+1","Backflip+1","Dash+1","Well Laid Plans","Prepared+1","Acrobatics+1","Crippling Poison","Escape Plan+1","Tactician+1","Adrenaline","Footwork+1","Backstab+1","Dodge and Roll+1","Deflect+1","Bouncing Flask+1","Deflect+1"],"relics":["Ring of the Snake","NeowsBlessing","Bottled Flame","Dream Catcher","Ornamental Fan","Cursed Key","Nilry\u0027s Codex","Torii","WristBlade"],"potions_floor_usage":[16,16,24,33,33,46,50,50],"damage_taken":[{"damage":0,"enemies":"2 Louse","floor":1,"turns":1},{"damage":0,"enemies":"Small Slimes","floor":5,"turns":1},{"damage":0,"enemies":"Gremlin Nob","floor":6,"turns":1},{"damage":24,"enemies":"Gremlin Nob","floor":8,"turns":4},{"damage":0,"enemies":"Jaw Worm","floor":12,"turns":3},{"damage":16,"enemies":"Lagavulin","floor":14,"turns":7},{"damage":15,"enemies":"The Guardian","floor":16,"turns":11},{"damage":13,"enemies":"2 Thieves","floor":18,"turns":4},{"damage":0,"enemies":"Chosen","floor":20,"turns":3},{"damage":3,"enemies":"Snake Plant","floor":24,"turns":4},{"damage":12,"enemies":"Cultist and Chosen","floor":27,"turns":6},{"damage":25,"enemies":"Slavers","floor":29,"turns":7},{"damage":20,"enemies":"Chosen and Byrds","floor":30,"turns":6},{"damage":0,"enemies":"Snake Plant","floor":31,"turns":5},{"damage":9,"enemies":"Automaton","floor":33,"turns":8},{"damage":7,"enemies":"3 Shapes","floor":35,"turns":6},{"damage":19,"enemies":"3 Darklings","floor":37,"turns":6},{"damage":17,"enemies":"Writhing Mass","floor":39,"turns":8},{"damage":0,"enemies":"4 Shapes","floor":44,"turns":7},{"damage":1,"enemies":"Maw","floor":45,"turns":8},{"damage":29,"enemies":"Transient","floor":46,"turns":6},{"damage":0,"enemies":"4 Shapes","floor":47,"turns":9},{"damage":0,"enemies":"3 Darklings","floor":48,"turns":4},{"damage":46,"enemies":"Awakened One","floor":50,"turns":22},{"damage":16,"enemies":"Time Eater","floor":51,"turns":4}],"seed_played":"-5342557142965284659","potions_obtained":[{"floor":12,"key":"PowerPotion"},{"floor":14,"key":"Energy Potion"},{"floor":16,"key":"GhostInAJar"},{"floor":18,"key":"Dexterity Potion"},{"floor":29,"key":"LiquidBronze"},{"floor":31,"key":"Strength Potion"},{"floor":37,"key":"GhostInAJar"},{"floor":45,"key":"Weak Potion"},{"floor":48,"key":"Energy Potion"}],"is_trial":false,"path_per_floor":["M","?","?","?","M","E","R","?","T","R","$","M","$","E","R","B",null,"M","?","M","?","$","R","M","R","T","M","R","E","M","M","R","B",null,"M","?","M","?","M","R","$","R","T","M","M","M","M","M","R","B","B"],"character_chosen":"THE_SILENT","items_purchased":["Quick Slash","PowerPotion"],"campfire_rested":5,"item_purchase_floors":[11,41],"current_hp_per_floor":[59,64,43,43,43,43,43,19,19,40,40,40,40,24,24,9,56,43,43,43,22,22,43,40,40,40,28,49,24,4,4,25,16,57,50,50,31,81,64,64,64,64,64,64,63,34,34,34,57,11,0],"gold":165,"neow_bonus":"THREE_ENEMY_KILL","is_prod":false,"is_daily":false,"chose_seed":false,"campfire_upgraded":5,"win_rate":0,"timestamp":1552844186,"path_taken":["M","?","?","?","M","E","R","?","T","R","?","M","$","E","R","BOSS","M","?","M","?","$","R","M","R","T","M","R","E","?","M","R","BOSS","M","?","M","?","M","R","$","R","T","?","?","M","M","M","R","BOSS","BOSS"],"build_version":"2019-01-23","purchased_purges":3,"victory":false,"max_hp_per_floor":[66,71,71,71,71,71,71,71,71,71,71,71,71,71,71,71,71,71,71,71,71,71,71,71,71,71,71,71,71,71,71,71,71,71,71,71,71,81,81,81,78,78,78,78,78,78,78,78,78,78,78],"card_choices":[{"not_picked":["Prepared","Poisoned Stab"],"picked":"Dagger Spray","floor":1},{"not_picked":["Footwork","Quick Slash"],"picked":"Predator","floor":5},{"not_picked":["Dagger Spray","Sucker Punch"],"picked":"Envenom","floor":6},{"not_picked":["Eviscerate","Setup"],"picked":"Flying Knee","floor":8},{"not_picked":["Choke","Distraction"],"picked":"Deadly Poison","floor":10},{"not_picked":["Finisher","Accuracy"],"picked":"Dagger Spray","floor":12},{"not_picked":["Flying Knee","Infinite Blades"],"picked":"Backflip","floor":14},{"not_picked":["Unload","Burst"],"picked":"Die Die Die","floor":16},{"not_picked":["Underhanded Strike","Accuracy"],"picked":"PiercingWail","floor":18},{"not_picked":["Masterful Stab","Dagger Throw"],"picked":"Calculated Gamble","floor":20},{"not_picked":["Bane","Caltrops"],"picked":"Backflip+1","floor":23},{"not_picked":["Underhanded Strike","Blur"],"picked":"Dash+1","floor":24},{"not_picked":["Quick Slash+1","Predator"],"picked":"Well Laid Plans","floor":27},{"not_picked":["Eviscerate","Predator"],"picked":"Prepared+1","floor":28},{"not_picked":["Bane","Unload"],"picked":"Acrobatics+1","floor":29},{"not_picked":["All Out Attack","Dagger Throw"],"picked":"Crippling Poison","floor":30},{"not_picked":["Riddle With Holes","Flying Knee"],"picked":"Escape Plan+1","floor":31},{"not_picked":["Outmaneuver","Endless Agony"],"picked":"Tactician","floor":32},{"not_picked":["Grand Finale","A Thousand Cuts"],"picked":"Adrenaline","floor":33},{"not_picked":["Outmaneuver","Sucker Punch","Quick Slash+1"],"picked":"SKIP","floor":35},{"not_picked":["Cloak And Dagger","Deadly Poison"],"picked":"Footwork","floor":37},{"not_picked":["Masterful Stab","Slice","Deadly Poison"],"picked":"SKIP","floor":39},{"not_picked":["Masterful Stab","Slice","Deadly Poison"],"picked":"SKIP","floor":39},{"not_picked":["Backflip","Eviscerate"],"picked":"Backstab+1","floor":44},{"not_picked":["Setup","Deflect+1"],"picked":"Dodge and Roll+1","floor":45},{"not_picked":["Prepared","Heel Hook","Sucker Punch"],"picked":"SKIP","floor":46},{"not_picked":["Poisoned Stab+1","Sucker Punch"],"picked":"Deflect+1","floor":47},{"not_picked":["Glass Knife","Blade Dance+1"],"picked":"Bouncing Flask+1","floor":48},{"not_picked":["Dodge and Roll","Deadly Poison"],"picked":"Deflect+1","floor":49}],"player_experience":4557989,"relics_obtained":[{"floor":6,"key":"Bottled Flame"},{"floor":8,"key":"Dream Catcher"},{"floor":9,"key":"Ornamental Fan"},{"floor":21,"key":"Nilry\u0027s Codex"},{"floor":29,"key":"Torii"}],"event_choices":[{"damage_healed":0,"gold_gain":0,"player_choice":"Donut","damage_taken":0,"max_hp_gain":5,"max_hp_loss":0,"event_name":"Big Fish","floor":2,"gold_loss":0},{"damage_healed":0,"gold_gain":0,"player_choice":"Entered Light","damage_taken":21,"max_hp_gain":0,"max_hp_loss":0,"event_name":"Shining Light","floor":3,"gold_loss":0,"cards_upgraded":["Survivor","Neutralize"]},{"cards_removed":["Defend_G"],"damage_healed":0,"gold_gain":0,"player_choice":"Card Removal","damage_taken":0,"max_hp_gain":0,"max_hp_loss":0,"event_name":"The Cleric","floor":4,"gold_loss":75},{"damage_healed":0,"gold_gain":0,"player_choice":"Searched \u00272\u0027 times","damage_taken":0,"max_hp_gain":0,"max_hp_loss":0,"event_name":"Dead Adventurer","floor":8,"gold_loss":0},{"damage_healed":0,"gold_gain":0,"player_choice":"Read","damage_taken":0,"max_hp_gain":0,"max_hp_loss":0,"event_name":"The Library","floor":19,"gold_loss":0,"cards_obtained":["PiercingWail"]},{"damage_healed":0,"gold_gain":0,"player_choice":"Obtained Book","damage_taken":21,"max_hp_gain":0,"max_hp_loss":0,"event_name":"Cursed Tome","floor":21,"gold_loss":0},{"damage_healed":0,"gold_gain":0,"player_choice":"Ignored","damage_taken":0,"max_hp_gain":0,"max_hp_loss":0,"event_name":"Mysterious Sphere","floor":36,"gold_loss":0},{"cards_removed":["Die Die Die"],"damage_healed":40,"gold_gain":0,"player_choice":"Offered Rare","damage_taken":0,"max_hp_gain":10,"max_hp_loss":0,"event_name":"Bonfire Elementals","floor":38,"gold_loss":0}],"is_beta":false,"boss_relics":[{"not_picked":["Velvet Choker","Ring of the Serpent"],"picked":"Cursed Key"},{"not_picked":["Runic Dome","Fusion Hammer"],"picked":"WristBlade"}],"items_purged_floors":[11,22,41],"is_endless":false,"potions_floor_spawned":[12,14,16,18,20,29,31,37,45,48],"killed_by":"Time Eater","ascension_level":20}