{"gold_per_floor":[116,134,144,164,33,33,60,60,87,87,137,172,189,205,205,205],"floor_reached":16,"playtime":564,"items_purged":["Strike_R"],"score":224,"play_id":"ca005106-c353-41ea-ae6a-00e3c337c621","local_time":"20190319101623","is_ascension_mode":true,"campfire_choices":[{"data":"Anger","floor":6,"key":"SMITH"},{"data":"Shockwave","floor":10,"key":"SMITH"},{"data":"Armaments","floor":15,"key":"SMITH"}],"neow_cost":"NONE","seed_source_timestamp":27237934202855,"circlet_count":0,"master_deck":["AscendersBane","Strike_R","Strike_R","Strike_R","Strike_R","Defend_R","Defend_R","Defend_R","Defend_R","Bash+1","Shockwave+1","Anger+1","Pummel","Armaments+1"],"relics":["Burning Blood","Boot","Omamori","Oddly Smooth Stone"],"potions_floor_usage":[7,16],"damage_taken":[{"damage":1,"enemies":"Cultist","floor":1,"turns":3},{"damage":9,"enemies":"Jaw Worm","floor":2,"turns":4},{"damage":1,"enemies":"Small Slimes","floor":3,"turns":3},{"damage":6,"enemies":"Looter","floor":4,"turns":3},{"damage":18,"enemies":"Lagavulin","floor":7,"turns":6},{"damage":30,"enemies":"3 Sentries","floor":12,"turns":8},{"damage":1,"enemies":"Blue Slaver","floor":13,"turns":3},{"damage":11,"enemies":"3 Louse","floor":14,"turns":4},{"damage":42,"enemies":"Hexaghost","floor":16,"turns":10}],"seed_played":"7632118284802183006","potions_obtained":[{"floor":3,"key":"Ancient Potion"},{"floor":14,"key":"GamblersBrew"}],"is_trial":false,"path_per_floor":["M","M","M","M","$","R","E","$","T","R","?","E","M","M","R","B"],"character_chosen":"IRONCLAD","items_purchased":["Block Potion"],"campfire_rested":0,"item_purchase_floors":[5],"current_hp_per_floor":[73,70,75,75,75,75,63,63,63,63,63,39,44,39,39,0],"gold":205,"neow_bonus":"UPGRADE_CARD","is_prod":false,"is_daily":false,"chose_seed":false,"campfire_upgraded":3,"win_rate":0,"timestamp":1552958183,"path_taken":["M","M","M","M","$","R","E","?","T","R","?","E","M","M","R","BOSS"],"build_version":"2019-01-23","purchased_purges":1,"victory":false,"max_hp_per_floor":[75,75,75,75,75,75,75,75,75,75,75,75,75,75,75,75],"card_choices":[{"not_picked":["Heavy Blade","True Grit"],"picked":"Shockwave","floor":1},{"not_picked":["Body Slam","Flex","Wild Strike"],"picked":"SKIP","floor":2},{"not_picked":["Clash","Warcry"],"picked":"Anger","floor":3},{"not_picked":["True Grit","Thunderclap","Perfected Strike"],"picked":"SKIP","floor":4},{"not_picked":["Barricade","Headbutt"],"picked":"Pummel","floor":7},{"not_picked":["Body Slam","Intimidate","Flame Barrier"],"picked":"SKIP","floor":12},{"not_picked":["Headbutt","Flex"],"picked":"Armaments","floor":13},{"not_picked":["Clothesline","Anger","Wild Strike"],"picked":"SKIP","floor":14}],"player_experience":750124,"relics_obtained":[{"floor":7,"key":"Boot"},{"floor":9,"key":"Omamori"},{"floor":12,"key":"Oddly Smooth Stone"}],"event_choices":[{"damage_healed":0,"gold_gain":50,"player_choice":"Pray","damage_taken":0,"max_hp_gain":0,"max_hp_loss":0,"event_name":"Golden Shrine","floor":11,"gold_loss":0}],"is_beta":false,"boss_relics":[],"items_purged_floors":[5],"is_endless":false,"potions_floor_spawned":[3,14],"killed_by":"Hexaghost","ascension_level":20}