{"gold_per_floor":[117,130,130,430,440,440,460,460,460,43,78,78,88,105,105,182,182,199,214,114,130,130,130,130,130,130,130,180,198,198,210,210,287,287,302,402,453,87,87,116,135,0,0,0,0,27,27,56,56,56,56],"floor_reached":51,"playtime":2195,"items_purged":["Strike_B","Strike_B","Zap"],"score":1462,"play_id":"52b02412-692a-4133-afde-1dbb4f8d40e1","local_time":"20190113001427","is_ascension_mode":true,"campfire_choices":[{"floor":8.0,"key":"REST"},{"data":"Rainbow","floor":15.0,"key":"SMITH"},{"floor":23,"key":"REST"},{"floor":27,"key":"REST"},{"floor":30,"key":"REST"},{"floor":32,"key":"REST"},{"floor":47,"key":"REST"},{"floor":49,"key":"REST"}],"neow_cost":"NONE","seed_source_timestamp":194180163819779,"circlet_count":0,"master_deck":["AscendersBane","Defend_B","Defend_B","Defend_B","Dualcast","Doom and Gloom","Capacitor","Force Field","Doom and Gloom","Rainbow+1","Streamline","Rainbow","Necronomicurse","Glacier","Biased Cognition","Glacier","Bandage Up","Glacier","Electrodynamics"],"special_seed":0,"relics":["Snecko Eye","Old Coin","Pocketwatch","PreservedInsect","StoneCalendar","Inserter","Necronomicon","The Courier","Sozu","Incense Burner","Medical Kit","Lantern","Red Mask","Ginger","Anchor"],"potions_floor_usage":[29,31,33,51,51],"damage_taken":[{"damage":9.0,"enemies":"2 Louse","floor":1.0,"turns":2.0},{"damage":14.0,"enemies":"Jaw Worm","floor":2.0,"turns":4.0},{"damage":1.0,"enemies":"Cultist","floor":5.0,"turns":3.0},{"damage":21.0,"enemies":"Exordium Thugs","floor":7.0,"turns":4.0},{"damage":0.0,"enemies":"3 Sentries","floor":11.0,"turns":2.0},{"damage":8.0,"enemies":"3 Louse","floor":13.0,"turns":6.0},{"damage":0.0,"enemies":"Looter","floor":14.0,"turns":3.0},{"damage":22.0,"enemies":"Slime Boss","floor":16.0,"turns":6.0},{"damage":14.0,"enemies":"3 Byrds","floor":18.0,"turns":5.0},{"damage":9.0,"enemies":"Shell Parasite","floor":19.0,"turns":4.0},{"damage":2.0,"enemies":"Snake Plant","floor":21.0,"turns":3.0},{"damage":8,"enemies":"3 Cultists","floor":29,"turns":3},{"damage":8,"enemies":"Centurion and Healer","floor":31,"turns":6},{"damage":39,"enemies":"Collector","floor":33,"turns":8},{"damage":0,"enemies":"3 Shapes","floor":35,"turns":5},{"damage":1,"enemies":"Mind Bloom Boss Battle","floor":36,"turns":7},{"damage":44,"enemies":"2 Orb Walkers","floor":37,"turns":4},{"damage":4,"enemies":"Giant Head","floor":40,"turns":8},{"damage":3,"enemies":"3 Darklings","floor":41,"turns":6},{"damage":13,"enemies":"Reptomancer","floor":46,"turns":5},{"damage":8,"enemies":"Giant Head","floor":48,"turns":8},{"damage":25,"enemies":"Donu and Deca","floor":50,"turns":12},{"damage":38,"enemies":"Time Eater","floor":51,"turns":13}],"seed_played":"5959677357030360447","potions_obtained":[{"floor":1.0,"key":"Dexterity Potion"},{"floor":2.0,"key":"SkillPotion"},{"floor":11.0,"key":"Regen Potion"},{"floor":12.0,"key":"EntropicBrew"},{"floor":14.0,"key":"SpeedPotion"},{"floor":33,"key":"Energy Potion"}],"is_trial":false,"path_per_floor":["M","M","?","?","M","?","M","R","T","$","E","?","M","M","R","B",null,"M","M","$","M","?","R","?","?","T","R","?","M","R","M","R","B",null,"M","?","?","$","?","E","M","?","T","?","?","E","R","E","R","B","B"],"character_chosen":"DEFECT","items_purchased":["Doom and Gloom","Rainbow","PreservedInsect","Bandage Up","Medical Kit"],"campfire_rested":7,"item_purchase_floors":[10,10,10,38,38],"current_hp_per_floor":[55,41,41,30,29,29,8,29,29,29,29,29,36,36,36,14,57,43,34,34,32,11,32,32,12,12,34,34,26,48,40,62,23,63,63,62,18,18,18,18,19,19,19,19,19,6,28,24,46,25,0],"gold":56,"neow_bonus":"BOSS_RELIC","is_prod":false,"is_daily":false,"chose_seed":false,"campfire_upgraded":1,"win_rate":0,"timestamp":1547306067,"path_taken":["M","M","?","?","M","?","?","R","T","?","E","?","M","M","R","BOSS","M","M","$","M","?","R","?","?","T","R","?","M","R","M","R","BOSS","M","?","?","$","?","E","?","?","T","?","?","E","R","E","R","BOSS","BOSS"],"build_version":"2019-01-10","purchased_purges":3,"victory":false,"max_hp_per_floor":[71,71,71,71,71,71,71,71,71,71,71,71,71,71,71,71,71,71,71,71,71,71,71,71,76,76,76,76,76,76,76,76,76,76,76,76,76,76,76,76,76,76,76,76,76,76,76,76,76,76,76],"card_choices":[{"not_picked":["Reprogram","Gash","Conserve Battery"],"picked":"SKIP","floor":1.0},{"not_picked":["Ball Lightning","Sweeping Beam"],"picked":"Doom and Gloom","floor":2.0},{"not_picked":["White Noise","Rebound","Gash"],"picked":"SKIP","floor":5.0},{"not_picked":["Ball Lightning","Loop"],"picked":"Force Field","floor":7.0},{"not_picked":["Biased Cognition","Hologram","Redo"],"picked":"SKIP","floor":11.0},{"not_picked":["Beam Cell","Conserve Battery","Hello World"],"picked":"SKIP","floor":13.0},{"not_picked":["Beam Cell","Leap"],"picked":"Streamline","floor":14.0},{"not_picked":["Fission","Amplify"],"picked":"Rainbow","floor":16.0},{"not_picked":["Steam Power","Gash","Coolheaded"],"picked":"SKIP","floor":18.0},{"not_picked":["Ball Lightning","Double Energy+1","Leap"],"picked":"SKIP","floor":19.0},{"not_picked":["Scrape","Turbo","Genetic Algorithm"],"picked":"SKIP","floor":21.0},{"not_picked":["Chill","Double Energy"],"picked":"Glacier","floor":29},{"not_picked":["Hello World","Gash","Streamline"],"picked":"SKIP","floor":31},{"not_picked":["Hello World","Gash","Streamline"],"picked":"SKIP","floor":31},{"not_picked":["Seek","Fission"],"picked":"Biased Cognition","floor":33},{"not_picked":["Melter","Undo"],"picked":"Glacier","floor":35},{"not_picked":["Capacitor","Compile Driver","Tempest"],"picked":"SKIP","floor":40},{"not_picked":["Gash","Melter","Double Energy"],"picked":"SKIP","floor":41},{"not_picked":["Rip and Tear+1","Storm"],"picked":"Electrodynamics","floor":46},{"not_picked":["Hologram","Go for the Eyes","Steam"],"picked":"SKIP","floor":48}],"player_experience":4061418,"relics_obtained":[{"floor":9.0,"key":"Pocketwatch"},{"floor":11.0,"key":"StoneCalendar"},{"floor":22,"key":"Necronomicon"},{"floor":26,"key":"The Courier"},{"floor":36,"key":"Incense Burner"},{"floor":40,"key":"Lantern"},{"floor":46,"key":"Ginger"},{"floor":48,"key":"Anchor"}],"event_choices":[{"damage_healed":0.0,"max_hp_gain":0.0,"max_hp_loss":0.0,"gold_gain":0.0,"cards_transformed":["Strike_B"],"event_name":"Living Wall","player_choice":"Change","floor":3.0,"gold_loss":0.0,"damage_taken":0.0,"cards_obtained":["Capacitor"]},{"damage_healed":0.0,"max_hp_gain":0.0,"max_hp_loss":0.0,"gold_gain":0.0,"event_name":"Scrap Ooze","player_choice":"Success","floor":4.0,"gold_loss":0.0,"damage_taken":11.0,"relics_obtained":["Old Coin"]},{"cards_removed":["Strike_B"],"damage_healed":0.0,"max_hp_gain":0.0,"max_hp_loss":0.0,"gold_gain":0.0,"event_name":"Purifier","player_choice":"Purged","floor":6.0,"gold_loss":0.0,"damage_taken":0.0},{"damage_healed":0.0,"max_hp_gain":0.0,"max_hp_loss":0.0,"gold_gain":0.0,"event_name":"Lab","player_choice":"Got Potions","floor":12.0,"gold_loss":0.0,"damage_taken":0.0},{"damage_healed":0,"gold_gain":0,"player_choice":"Obtained Book","damage_taken":21,"max_hp_gain":0,"max_hp_loss":0,"event_name":"Cursed Tome","floor":22,"gold_loss":0},{"damage_healed":0,"gold_gain":0,"player_choice":"Ignored","damage_taken":0,"max_hp_gain":0,"max_hp_loss":0,"event_name":"The Mausoleum","floor":24,"gold_loss":0},{"damage_healed":0,"gold_gain":0,"player_choice":"Shed Blood","damage_taken":25,"max_hp_gain":5,"max_hp_loss":0,"event_name":"Forgotten Altar","floor":25,"gold_loss":0},{"damage_healed":0,"gold_gain":50,"player_choice":"Stole From Cult","damage_taken":0,"max_hp_gain":0,"max_hp_loss":0,"event_name":"Nest","floor":28,"gold_loss":0},{"damage_healed":0,"gold_gain":0,"player_choice":"Fight","damage_taken":0,"max_hp_gain":0,"max_hp_loss":0,"event_name":"MindBloom","floor":36,"gold_loss":0},{"damage_healed":0,"gold_gain":0,"player_choice":"Fight","damage_taken":0,"max_hp_gain":0,"max_hp_loss":0,"event_name":"Mysterious Sphere","floor":37,"gold_loss":0},{"damage_healed":0,"gold_gain":0,"player_choice":"Copied","damage_taken":0,"max_hp_gain":0,"max_hp_loss":0,"event_name":"Duplicator","floor":39,"gold_loss":0,"cards_obtained":["Glacier"]},{"damage_healed":0,"gold_gain":0,"player_choice":"Paid","damage_taken":0,"relics_obtained":["Red Mask"],"max_hp_gain":0,"max_hp_loss":0,"event_name":"Tomb of Lord Red Mask","floor":42,"gold_loss":135},{"damage_healed":0,"gold_gain":0,"player_choice":"Memory 1","damage_taken":0,"max_hp_gain":0,"max_hp_loss":0,"event_name":"SensoryStone","floor":44,"gold_loss":0},{"cards_removed":["Defend_B"],"damage_healed":0,"gold_gain":0,"player_choice":"Removed Skill","damage_taken":0,"max_hp_gain":0,"max_hp_loss":0,"event_name":"Falling","floor":45,"gold_loss":0}],"is_beta":false,"boss_relics":[{"not_picked":["Nuclear Battery","Eternal Feather"],"picked":"Inserter"},{"not_picked":["Empty Cage","Coffee Dripper"],"picked":"Sozu"}],"items_purged_floors":[10,20,38],"is_endless":false,"potions_floor_spawned":[1,2,11,14,18,31,33,36,40,48],"killed_by":"Time Eater","ascension_level":20}