{"gold_per_floor":[114,127,141,160,173,201,211,211,266,266,332,297,297,297,297,297],"floor_reached":16,"playtime":370,"items_purged":[],"score":204,"play_id":"092209f3-dd11-4fab-acbc-72a7d19f564a","local_time":"20190212023350","is_ascension_mode":true,"campfire_choices":[{"data":"Searing Blow","floor":8,"key":"SMITH"},{"data":"Searing Blow+1","floor":10,"key":"SMITH"},{"data":"Searing Blow+2","floor":15,"key":"SMITH"}],"neow_cost":"NONE","seed_source_timestamp":1064681390767799,"circlet_count":0,"master_deck":["AscendersBane","Strike_R","Strike_R","Strike_R","Strike_R","Strike_R","Defend_R","Defend_R","Defend_R","Defend_R","Bash","Whirlwind","Searing Blow+3","Armaments","Infernal Blade","Havoc","Headbutt","Warcry"],"relics":["Burning Blood","Question Card","Potion Belt"],"potions_floor_usage":[4,5],"damage_taken":[{"damage":12,"enemies":"Small Slimes","floor":1,"turns":5},{"damage":7,"enemies":"2 Louse","floor":2,"turns":4},{"damage":11,"enemies":"Jaw Worm","floor":3,"turns":7},{"damage":11,"enemies":"Lots of Slimes","floor":4,"turns":4},{"damage":13,"enemies":"Large Slime","floor":5,"turns":4},{"damage":63,"enemies":"Gremlin Nob","floor":6,"turns":5},{"damage":6,"enemies":"Looter","floor":7,"turns":4},{"damage":75,"enemies":"Slime Boss","floor":16,"turns":8}],"seed_played":"957049182806535474","potions_obtained":[{"floor":2,"key":"FairyPotion"},{"floor":3,"key":"Block Potion"},{"floor":4,"key":"Poison Potion"}],"is_trial":false,"path_per_floor":["M","M","M","M","M","E","M","R","T","R","?","?","?","?","R","B"],"character_chosen":"IRONCLAD","items_purchased":[],"campfire_rested":0,"item_purchase_floors":[],"current_hp_per_floor":[69,68,63,58,51,14,14,14,14,14,14,34,34,61,61,0],"gold":297,"neow_bonus":"TEN_PERCENT_HP_BONUS","is_prod":false,"is_daily":false,"chose_seed":false,"campfire_upgraded":3,"win_rate":0,"timestamp":1549906430,"path_taken":["M","M","M","M","M","E","M","R","T","R","?","?","?","?","R","BOSS"],"build_version":"2019-01-23","purchased_purges":0,"victory":false,"max_hp_per_floor":[82,82,82,82,82,82,82,82,82,82,82,82,82,82,82,82],"card_choices":[{"not_picked":["True Grit","Cleave"],"picked":"Whirlwind","floor":1},{"not_picked":["Fire Breathing","Perfected Strike"],"picked":"Searing Blow","floor":2},{"not_picked":["Inflame","Anger"],"picked":"Armaments","floor":3},{"not_picked":["Clothesline","Uppercut"],"picked":"Infernal Blade","floor":4},{"not_picked":["Clash","Sever Soul"],"picked":"Havoc","floor":5},{"not_picked":["Inflame","Reckless Charge"],"picked":"Headbutt","floor":6},{"not_picked":["Sentinel","True Grit","Combust"],"picked":"Warcry","floor":7}],"player_experience":4268818,"relics_obtained":[{"floor":6,"key":"Question Card"},{"floor":9,"key":"Potion Belt"}],"event_choices":[{"damage_healed":0,"gold_gain":66,"player_choice":"Gained Gold","damage_taken":0,"max_hp_gain":0,"max_hp_loss":0,"event_name":"Golden Wing","floor":11,"gold_loss":0},{"damage_healed":20,"gold_gain":0,"player_choice":"Healed","damage_taken":0,"max_hp_gain":0,"max_hp_loss":0,"event_name":"The Cleric","floor":12,"gold_loss":35},{"damage_healed":0,"gold_gain":0,"player_choice":"Searched \u00271\u0027 times","damage_taken":0,"max_hp_gain":0,"max_hp_loss":0,"event_name":"Dead Adventurer","floor":13,"gold_loss":0},{"damage_healed":27,"gold_gain":0,"player_choice":"Banana","damage_taken":0,"max_hp_gain":0,"max_hp_loss":0,"event_name":"Big Fish","floor":14,"gold_loss":0}],"is_beta":false,"boss_relics":[],"items_purged_floors":[],"is_endless":false,"potions_floor_spawned":[2,3,4],"killed_by":"Slime Boss","ascension_level":20}