{"gold_per_floor":[113,133,146,146,157,157,174,174,174,203,203,222,242,22,22,96,96,114,131,31,31,42,42,42],"floor_reached":24,"playtime":968,"items_purged":["Strike_R","Strike_R"],"score":400,"play_id":"05b1975f-ac36-485b-92fe-09f5529bbc81","local_time":"20190315121940","is_ascension_mode":true,"campfire_choices":[{"data":"Shockwave","floor":6,"key":"SMITH"},{"data":"Uppercut","floor":8,"key":"SMITH"},{"data":"Bludgeon","floor":11,"key":"SMITH"},{"data":"Clothesline","floor":15,"key":"SMITH"},{"floor":23,"key":"REST"}],"neow_cost":"NONE","seed_source_timestamp":717716225107355,"circlet_count":0,"master_deck":["AscendersBane","Defend_R+1","Defend_R","Defend_R","Defend_R","Bash","Exhume+1","Warcry","Clothesline+1","Headbutt","Uppercut+1","Shockwave+1","Seeing Red","Bludgeon+1","Spot Weakness","Shrug It Off","Immolate","Battle Trance"],"relics":["Burning Blood","PreservedInsect","War Paint","Empty Cage"],"potions_floor_usage":[10,13,16,16,22,24],"damage_taken":[{"damage":7,"enemies":"Cultist","floor":1,"turns":4},{"damage":11,"enemies":"Small Slimes","floor":2,"turns":4},{"damage":0,"enemies":"2 Louse","floor":3,"turns":2},{"damage":14,"enemies":"Exordium Thugs","floor":5,"turns":5},{"damage":20,"enemies":"Large Slime","floor":7,"turns":6},{"damage":8,"enemies":"Gremlin Nob","floor":10,"turns":3},{"damage":10,"enemies":"3 Louse","floor":12,"turns":5},{"damage":35,"enemies":"Gremlin Gang","floor":13,"turns":5},{"damage":31,"enemies":"Hexaghost","floor":16,"turns":8},{"damage":8,"enemies":"Chosen","floor":18,"turns":5},{"damage":25,"enemies":"Shell Parasite","floor":19,"turns":4},{"damage":12,"enemies":"3 Cultists","floor":22,"turns":5},{"damage":38,"enemies":"Slavers","floor":24,"turns":3}],"seed_played":"-5629922604690641897","potions_obtained":[{"floor":2,"key":"Poison Potion"},{"floor":5,"key":"Regen Potion"},{"floor":12,"key":"Energy Potion"},{"floor":13,"key":"SpeedPotion"},{"floor":19,"key":"AttackPotion"},{"floor":22,"key":"GamblersBrew"}],"is_trial":false,"path_per_floor":["M","M","M","?","M","R","M","R","T","E","R","M","M","$","R","B",null,"M","M","$","?","M","R","E"],"character_chosen":"IRONCLAD","items_purchased":["Shrug It Off","Regen Potion"],"campfire_rested":1,"item_purchase_floors":[14,14],"current_hp_per_floor":[67,62,68,68,60,60,46,46,46,44,44,40,25,25,25,15,60,58,39,39,39,33,55,17],"gold":42,"neow_bonus":"ONE_RANDOM_RARE_CARD","is_prod":false,"is_daily":false,"chose_seed":false,"campfire_upgraded":4,"win_rate":0,"timestamp":1552619980,"path_taken":["M","?","?","?","M","R","M","R","T","E","R","?","M","$","R","BOSS","M","M","$","?","M","R","E"],"build_version":"2019-01-23","purchased_purges":2,"victory":false,"max_hp_per_floor":[75,75,75,75,75,75,75,75,75,75,75,75,75,75,75,75,75,75,75,75,75,75,75,75],"card_choices":[{"not_picked":["Clash","Havoc"],"picked":"Warcry","floor":1},{"not_picked":["Evolve","Wild Strike"],"picked":"Clothesline","floor":2},{"not_picked":["Bloodletting","Havoc"],"picked":"Headbutt","floor":3},{"not_picked":["Flex","Perfected Strike"],"picked":"Shockwave","floor":5},{"not_picked":["Dual Wield","Armaments"],"picked":"Seeing Red","floor":7},{"not_picked":["Thunderclap","Battle Trance"],"picked":"Bludgeon","floor":10},{"not_picked":["Inflame","Flex"],"picked":"Spot Weakness","floor":12},{"not_picked":["Thunderclap","Inflame","Clothesline"],"picked":"SKIP","floor":13},{"not_picked":["Demon Form","Double Tap"],"picked":"Immolate","floor":16},{"not_picked":["Warcry","Body Slam","Perfected Strike"],"picked":"SKIP","floor":18},{"not_picked":["Flex","Clash+1"],"picked":"Battle Trance","floor":19},{"not_picked":["Clash","Wild Strike","Pommel Strike"],"picked":"SKIP","floor":22}],"player_experience":707583,"relics_obtained":[{"floor":9,"key":"PreservedInsect"},{"floor":10,"key":"War Paint"}],"event_choices":[{"damage_healed":0,"gold_gain":0,"cards_transformed":["Strike_R"],"player_choice":"Transformed","damage_taken":0,"max_hp_gain":0,"max_hp_loss":0,"event_name":"Transmorgrifier","floor":4,"gold_loss":0,"cards_obtained":["Uppercut"]},{"damage_healed":0,"gold_gain":0,"player_choice":"Ignored","damage_taken":0,"max_hp_gain":0,"max_hp_loss":0,"event_name":"The Mausoleum","floor":21,"gold_loss":0}],"is_beta":false,"boss_relics":[{"not_picked":["Runic Pyramid","Black Star"],"picked":"Empty Cage"}],"items_purged_floors":[14,20],"is_endless":false,"potions_floor_spawned":[2,5,12,13,19,22],"killed_by":"Slavers","ascension_level":20}