{"gold_per_floor":[119,137,147,159,34,34,52,52,52,65,65,76,76,110,110,189,189,207,207,207,1,1,1,18,36,36,36,54,81,81,108,108,182,182,193,213,20,32,46,95,95,129,152,167,167,167,197,43,43,43],"floor_reached":51,"playtime":3012,"items_purged":["Defend_R"],"score":1357,"play_id":"9bab170b-cb85-4d10-91ad-bdbfa71b6f22","local_time":"20190307222619","is_ascension_mode":true,"campfire_choices":[{"data":"Bash","floor":6.0,"key":"SMITH"},{"floor":8.0,"key":"REST"},{"data":"Perfected Strike","floor":13.0,"key":"SMITH"},{"floor":15.0,"key":"REST"},{"data":"Demon Form","floor":23.0,"key":"SMITH"},{"data":"RitualDagger","floor":30.0,"key":"SMITH"},{"data":"Second Wind","floor":32.0,"key":"SMITH"},{"data":"Perfected Strike","floor":41.0,"key":"SMITH"},{"floor":46.0,"key":"REST"},{"floor":49.0,"key":"REST"}],"neow_cost":"PERCENT_DAMAGE","seed_source_timestamp":0,"circlet_count":0,"master_deck":["AscendersBane","Strike_R","Strike_R+1","Strike_R","Defend_R","Defend_R","Defend_R","Bash+1","Pommel Strike","Shrug It Off","Shrug It Off","Evolve","Perfected Strike+1","Perfected Strike+1","Perfected Strike+1","Wild Strike","Perfected Strike","Demon Form+1","RitualDagger+1","Armaments+1","Wild Strike+1","Heavy Blade","Second Wind+1","Barricade","Rage","Disarm+1","Armaments+1","Thunderclap","Regret","Burning Pact","Decay","Feel No Pain"],"special_seed":0,"relics":["Burning Blood","Self Forming Clay","Centennial Puzzle","Snecko Eye","Pen Nib","Du-Vu Doll","MutagenicStrength","Paper Frog","Anchor","Cursed Key","Sling","Magic Flower","Mercury Hourglass","Whetstone","Art of War","Mummified Hand","Red Skull"],"potions_floor_usage":[50],"damage_taken":[{"damage":7.0,"enemies":"2 Louse","floor":1.0,"turns":4.0},{"damage":4.0,"enemies":"Small Slimes","floor":2.0,"turns":4.0},{"damage":15.0,"enemies":"Jaw Worm","floor":3.0,"turns":4.0},{"damage":15.0,"enemies":"Exordium Wildlife","floor":4.0,"turns":5.0},{"damage":16.0,"enemies":"Blue Slaver","floor":7.0,"turns":4.0},{"damage":2.0,"enemies":"3 Louse","floor":10.0,"turns":4.0},{"damage":3.0,"enemies":"2 Fungi Beasts","floor":12.0,"turns":3.0},{"damage":29.0,"enemies":"Lagavulin","floor":14.0,"turns":4.0},{"damage":30.0,"enemies":"Slime Boss","floor":16.0,"turns":10.0},{"damage":4.0,"enemies":"Chosen","floor":18.0,"turns":2.0},{"damage":0.0,"enemies":"Spheric Guardian","floor":24.0,"turns":1.0},{"damage":7.0,"enemies":"Cultist and Chosen","floor":25.0,"turns":4.0},{"damage":2.0,"enemies":"Snecko","floor":28.0,"turns":4.0},{"damage":2.0,"enemies":"Slavers","floor":29.0,"turns":3.0},{"damage":0.0,"enemies":"Gremlin Leader","floor":31.0,"turns":1.0},{"damage":30.0,"enemies":"Collector","floor":33.0,"turns":3.0},{"damage":13.0,"enemies":"3 Darklings","floor":35.0,"turns":4.0},{"damage":0.0,"enemies":"Orb Walker","floor":36.0,"turns":1.0},{"damage":1.0,"enemies":"Writhing Mass","floor":38.0,"turns":4.0},{"damage":20.0,"enemies":"Transient","floor":39.0,"turns":5.0},{"damage":24.0,"enemies":"2 Orb Walkers","floor":40.0,"turns":5.0},{"damage":45.0,"enemies":"Nemesis","floor":42.0,"turns":3.0},{"damage":5.0,"enemies":"4 Shapes","floor":44.0,"turns":6.0},{"damage":15.0,"enemies":"Giant Head","floor":47.0,"turns":5.0},{"damage":42,"enemies":"Awakened One","floor":50,"turns":6}],"seed_played":"7423657913132322211","potions_obtained":[{"floor":3.0,"key":"Strength Potion"},{"floor":4.0,"key":"Ancient Potion"},{"floor":7.0,"key":"SkillPotion"},{"floor":14.0,"key":"Energy Potion"},{"floor":24.0,"key":"Energy Potion"},{"floor":33.0,"key":"Regen Potion"},{"floor":42.0,"key":"Ancient Potion"}],"is_trial":false,"path_per_floor":["M","M","M","M","$","R","M","R","T","M","$","M","R","E","R","B",null,"M","?","?","$","?","R","M","M","T","?","M","E","R","E","R","B",null,"M","M","$","M","M","?","R","E","T","M","T","R","E","$","R","B",null],"character_chosen":"IRONCLAD","items_purchased":["Perfected Strike","Pen Nib","Energy Potion","Sling","Red Skull"],"campfire_rested":4,"item_purchase_floors":[5,21,21,37,48],"current_hp_per_floor":[49,51,42,33,33,33,23,45,45,49,49,52,52,29,51,27,63,65,65,65,65,59,59,65,64,64,64,68,72,72,75,75,51,69,62,68,68,73,59,50,50,14,14,18,18,40,34,34,56,23],"gold":43,"neow_bonus":"REMOVE_TWO","is_prod":false,"is_daily":false,"chose_seed":false,"campfire_upgraded":6,"win_rate":0,"timestamp":1551965179,"path_taken":["M","M","M","M","$","R","M","R","T","M","$","M","R","E","R","BOSS","M","?","?","$","?","R","?","M","T","?","M","E","R","E","R","BOSS","M","M","$","M","M","?","R","E","T","M","?","R","E","$","R","BOSS"],"build_version":"2019-01-23","purchased_purges":1,"victory":true,"max_hp_per_floor":[75,75,75,75,75,75,75,75,75,75,75,75,75,75,75,75,75,75,75,75,75,75,75,75,75,75,75,75,75,75,75,75,75,75,75,75,75,75,75,75,75,75,75,75,75,75,75,75,75,75],"card_choices":[{"not_picked":["Sword Boomerang","Body Slam"],"picked":"Pommel Strike","floor":1.0},{"not_picked":["Havoc","Armaments"],"picked":"Shrug It Off","floor":2.0},{"not_picked":["Dropkick","Thunderclap"],"picked":"Shrug It Off","floor":3.0},{"not_picked":["Wild Strike","Cleave"],"picked":"Evolve","floor":4.0},{"not_picked":["Seeing Red","Disarm"],"picked":"Perfected Strike","floor":7.0},{"not_picked":["Seeing Red","Blood for Blood"],"picked":"Perfected Strike","floor":10.0},{"not_picked":["Barricade","Havoc"],"picked":"Wild Strike","floor":12.0},{"not_picked":["Sentinel","Clothesline"],"picked":"Perfected Strike","floor":14.0},{"not_picked":["Berserk","Exhume"],"picked":"Demon Form","floor":16.0},{"not_picked":["Clash","Headbutt","Flex"],"picked":"SKIP","floor":18.0},{"not_picked":["Metallicize","Warcry"],"picked":"Armaments+1","floor":24.0},{"not_picked":["Iron Wave","Infernal Blade"],"picked":"Wild Strike+1","floor":25.0},{"not_picked":["Flex","Body Slam+1","Infernal Blade"],"picked":"SKIP","floor":28.0},{"not_picked":["Warcry","Disarm"],"picked":"Heavy Blade","floor":29.0},{"not_picked":["Flex+1","True Grit"],"picked":"Second Wind","floor":31.0},{"not_picked":["Bludgeon","Impervious"],"picked":"Barricade","floor":33.0},{"not_picked":["Headbutt+1","Carnage"],"picked":"Rage","floor":35.0},{"not_picked":["Evolve","Shrug It Off+1"],"picked":"Disarm+1","floor":36.0},{"not_picked":["Anger","Shrug It Off"],"picked":"Armaments+1","floor":38.0},{"not_picked":["Clash","Iron Wave","True Grit"],"picked":"SKIP","floor":39.0},{"not_picked":["Disarm","Flex"],"picked":"Thunderclap","floor":40.0},{"not_picked":["Fiend Fire","Cleave+1","Iron Wave"],"picked":"SKIP","floor":42.0},{"not_picked":["Intimidate+1","Rage"],"picked":"Burning Pact","floor":44.0},{"not_picked":["Sword Boomerang","Combust"],"picked":"Feel No Pain","floor":47.0}],"player_experience":257176,"relics_obtained":[{"floor":9.0,"key":"Self Forming Clay"},{"floor":14.0,"key":"Centennial Puzzle"},{"floor":26.0,"key":"Du-Vu Doll"},{"floor":29.0,"key":"Paper Frog"},{"floor":31.0,"key":"Anchor"},{"floor":40.0,"key":"Magic Flower"},{"floor":42.0,"key":"Mercury Hourglass"},{"floor":43.0,"key":"Whetstone"},{"floor":45.0,"key":"Art of War"},{"floor":47.0,"key":"Mummified Hand"}],"event_choices":[{"damage_healed":0.0,"max_hp_gain":0.0,"max_hp_loss":0.0,"gold_gain":0.0,"event_name":"Vampires","player_choice":"Ignored","floor":19.0,"gold_loss":0.0,"damage_taken":0.0},{"damage_healed":0.0,"max_hp_gain":0.0,"max_hp_loss":0.0,"gold_gain":0.0,"event_name":"Ghosts","player_choice":"Ignored","floor":20.0,"gold_loss":0.0,"damage_taken":0.0},{"damage_healed":0.0,"max_hp_gain":0.0,"max_hp_loss":0.0,"gold_gain":0.0,"event_name":"Nest","player_choice":"Joined the Cult","floor":22.0,"gold_loss":0.0,"damage_taken":6.0,"cards_obtained":["RitualDagger"]},{"damage_healed":0.0,"max_hp_gain":0.0,"max_hp_loss":0.0,"gold_gain":0.0,"event_name":"Drug Dealer","player_choice":"Inject Mutagens","floor":27.0,"gold_loss":0.0,"damage_taken":0.0,"relics_obtained":["MutagenicStrength"]},{"damage_healed":0.0,"max_hp_gain":0.0,"max_hp_loss":0.0,"gold_gain":0.0,"event_name":"Mysterious Sphere","player_choice":"Fight","floor":40.0,"gold_loss":0.0,"damage_taken":0.0}],"is_beta":false,"boss_relics":[{"not_picked":["Runic Pyramid","Lizard Tail"],"picked":"Snecko Eye"},{"not_picked":["Coffee Dripper","Astrolabe"],"picked":"Cursed Key"}],"items_purged_floors":[5],"is_endless":false,"potions_floor_spawned":[3,4,7,14,24,33,36,42],"ascension_level":15}