{"gold_per_floor":[12,12,32,32,48,48,78,78,78,78,97,97,129,142,142,142],"floor_reached":16,"playtime":462,"items_purged":[],"score":209,"play_id":"903ba133-0449-4b31-8363-062953171a90","local_time":"20190317210433","is_ascension_mode":true,"campfire_choices":[{"data":"Cleave","floor":6.0,"key":"SMITH"},{"floor":8.0,"key":"REST"},{"data":"Rage","floor":10.0,"key":"SMITH"},{"data":"Wild Strike","floor":12.0,"key":"SMITH"},{"data":"Dark Embrace","floor":15.0,"key":"SMITH"}],"neow_cost":"NO_GOLD","seed_source_timestamp":256366303337029,"circlet_count":0,"master_deck":["AscendersBane","Strike_R","Strike_R","Strike_R","Strike_R","Strike_R","Defend_R","Defend_R","Defend_R","Defend_R","Bash","Cleave+1","Pain","Sever Soul","Rage+1","Wild Strike+1","Dark Embrace+1","Ghostly Armor"],"special_seed":0,"relics":["Burning Blood","WarpedTongs","Paper Frog","Kunai","Orichalcum"],"potions_floor_usage":[16],"damage_taken":[{"damage":5.0,"enemies":"2 Louse","floor":1.0,"turns":4.0},{"damage":6.0,"enemies":"Cultist","floor":3.0,"turns":4.0},{"damage":4.0,"enemies":"Small Slimes","floor":5.0,"turns":3.0},{"damage":48.0,"enemies":"Lagavulin","floor":7.0,"turns":4.0},{"damage":0.0,"enemies":"2 Fungi Beasts","floor":11.0,"turns":2.0},{"damage":30.0,"enemies":"3 Sentries","floor":13.0,"turns":8.0},{"damage":1.0,"enemies":"Exordium Wildlife","floor":14.0,"turns":2.0},{"damage":57,"enemies":"The Guardian","floor":16,"turns":6}],"seed_played":"-4424721597753246672","potions_obtained":[{"floor":1.0,"key":"SmokeBomb"},{"floor":3.0,"key":"PowerPotion"}],"is_trial":false,"path_per_floor":["M","?","M","$","M","R","E","R","T","R","M","R","E","M","R","B"],"character_chosen":"IRONCLAD","items_purchased":[],"campfire_rested":1,"item_purchase_floors":[],"current_hp_per_floor":[83,83,83,83,85,85,43,69,69,69,75,75,51,56,56,0],"gold":142,"neow_bonus":"TWENTY_PERCENT_HP_BONUS","is_prod":false,"is_daily":false,"chose_seed":false,"campfire_upgraded":4,"win_rate":0,"timestamp":1552824273,"path_taken":["M","?","M","$","?","R","E","R","T","R","M","R","E","M","R","BOSS"],"build_version":"2019-01-23","purchased_purges":0,"victory":false,"max_hp_per_floor":[89,89,89,89,89,89,89,89,89,89,89,89,89,89,89,89],"card_choices":[{"not_picked":["Entrench","Anger"],"picked":"Cleave","floor":1.0},{"not_picked":["Anger","Thunderclap"],"picked":"Sever Soul","floor":3.0},{"not_picked":["Iron Wave","Headbutt"],"picked":"Rage","floor":5.0},{"not_picked":["Headbutt","Perfected Strike"],"picked":"Wild Strike","floor":7.0},{"not_picked":["Fire Breathing","Armaments","Pummel"],"picked":"SKIP","floor":11.0},{"not_picked":["Wild Strike","Iron Wave"],"picked":"Dark Embrace","floor":13.0},{"not_picked":["Bloodletting","Clash"],"picked":"Ghostly Armor","floor":14.0}],"player_experience":347212,"relics_obtained":[{"floor":7.0,"key":"Paper Frog"},{"floor":9.0,"key":"Kunai"},{"floor":13.0,"key":"Orichalcum"}],"event_choices":[{"damage_healed":0.0,"max_hp_gain":0.0,"max_hp_loss":0.0,"gold_gain":0.0,"event_name":"Accursed Blacksmith","player_choice":"Rummage","floor":2.0,"gold_loss":0.0,"damage_taken":0.0,"relics_obtained":["WarpedTongs"],"cards_obtained":["Pain"]}],"is_beta":false,"boss_relics":[],"items_purged_floors":[],"is_endless":false,"potions_floor_spawned":[1,3,13],"killed_by":"The Guardian","ascension_level":18}