{"gold_per_floor":[111,128,139,154,79,79,113,125,161,98,110,197,223,235,247,334,346,374,386,273,273,273,273,283,283,333,364,376,396,396],"floor_reached":30,"playtime":827,"items_purged":["Strike_B","Static Discharge+1"],"score":496,"play_id":"5a64e542-d176-4f5a-a533-12459ab148ba","local_time":"20190109020425","is_ascension_mode":true,"campfire_choices":[{"data":"Sunder","floor":6.0,"key":"SMITH"},{"data":"Conserve Battery","floor":8.0,"key":"SMITH"},{"data":"Dualcast","floor":11.0,"key":"SMITH"},{"data":"Scrape","floor":15.0,"key":"SMITH"},{"data":"Coolheaded","floor":23,"key":"SMITH"},{"floor":25,"key":"REST"}],"neow_cost":"TEN_PERCENT_HP_LOSS","seed_source_timestamp":604437762514510,"circlet_count":0,"master_deck":["AscendersBane","Defend_B","Dualcast+1","Sunder+1","Gash","Gash","Gash","Conserve Battery+1","Scrape+1","Fusion+1","Machine Learning+1","Chill","Coolheaded+1","Reprogram","Compile Driver","All For One"],"special_seed":0,"relics":["Cracked Core","MawBank","Blood Vial","Astrolabe","MutagenicStrength","Pen Nib","Bronze Scales"],"potions_floor_usage":[16],"damage_taken":[{"damage":2.0,"enemies":"Jaw Worm","floor":1.0,"turns":4.0},{"damage":0.0,"enemies":"2 Louse","floor":2.0,"turns":1.0},{"damage":0.0,"enemies":"Small Slimes","floor":3.0,"turns":2.0},{"damage":13.0,"enemies":"3 Louse","floor":4.0,"turns":4.0},{"damage":10.0,"enemies":"3 Sentries","floor":7.0,"turns":5.0},{"damage":7.0,"enemies":"Large Slime","floor":13.0,"turns":3.0},{"damage":12,"enemies":"The Guardian","floor":16,"turns":9},{"damage":22,"enemies":"3 Byrds","floor":18,"turns":4},{"damage":19,"enemies":"Shell Parasite","floor":24,"turns":3},{"damage":11,"enemies":"Gremlin Leader","floor":27,"turns":4},{"damage":7,"enemies":"Centurion and Healer","floor":28,"turns":4},{"damage":0,"enemies":"3 Cultists","floor":29,"turns":3},{"damage":31,"enemies":"Snake Plant","floor":30,"turns":2}],"seed_played":"5786813132853026890","potions_obtained":[{"floor":1.0,"key":"Strength Potion"},{"floor":4.0,"key":"LiquidBronze"},{"floor":7.0,"key":"SteroidPotion"},{"floor":16,"key":"Poison Potion"},{"floor":18,"key":"SteroidPotion"}],"is_trial":false,"path_per_floor":["M","M","M","M","$","R","E","R","T","?","R","?","M","?","R","B",null,"M","?","$","?","?","R","M","R","T","E","M","M","M"],"character_chosen":"DEFECT","items_purchased":["Coolheaded"],"campfire_rested":1,"item_purchase_floors":[20],"current_hp_per_floor":[62,62,62,49,49,49,39,39,39,39,39,28,23,28,28,18,56,36,36,36,36,36,36,19,39,39,30,25,27,0],"gold":396,"neow_bonus":"REMOVE_TWO","is_prod":false,"is_daily":false,"chose_seed":false,"campfire_upgraded":5,"win_rate":0,"timestamp":1546967065,"path_taken":["M","M","M","M","$","R","E","R","T","?","R","?","?","?","R","BOSS","M","?","$","?","?","R","M","R","T","E","M","?","M"],"build_version":"2019-01-03v4","purchased_purges":2,"victory":false,"max_hp_per_floor":[64,64,64,64,64,64,64,64,64,64,64,64,64,69,69,69,69,69,69,69,69,69,69,69,69,69,69,69,69,69],"card_choices":[{"not_picked":["Stack","Go for the Eyes"],"picked":"Sunder","floor":1.0},{"not_picked":["Beam Cell","Steam"],"picked":"Gash","floor":2.0},{"not_picked":["Steam Power","Force Field"],"picked":"Gash","floor":3.0},{"not_picked":["Stack","Sweeping Beam"],"picked":"Gash","floor":4.0},{"not_picked":["Stack","Amplify"],"picked":"Conserve Battery","floor":7.0},{"not_picked":["Darkness","Conserve Battery"],"picked":"Scrape","floor":13.0},{"not_picked":["Glacier","Blizzard"],"picked":"Chill","floor":18},{"not_picked":["Static Discharge","Leap"],"picked":"Compile Driver","floor":24},{"not_picked":["Streamline+1","Steam","Cold Snap+1"],"picked":"SKIP","floor":27},{"not_picked":["Leap+1","Steam"],"picked":"All For One","floor":28},{"not_picked":["Hologram","Go for the Eyes","Steam"],"picked":"SKIP","floor":29}],"player_experience":4023200,"relics_obtained":[{"floor":7.0,"key":"MawBank"},{"floor":9.0,"key":"Blood Vial"},{"floor":26,"key":"Pen Nib"},{"floor":27,"key":"Bronze Scales"}],"event_choices":[{"cards_removed":["Strike_B"],"damage_healed":0.0,"max_hp_gain":0.0,"max_hp_loss":0.0,"gold_gain":0.0,"event_name":"The Cleric","player_choice":"Card Removal","floor":10.0,"gold_loss":75.0,"damage_taken":0.0},{"damage_healed":0.0,"max_hp_gain":0.0,"max_hp_loss":0.0,"gold_gain":75.0,"event_name":"World of Goop","player_choice":"Gather Gold","floor":12.0,"gold_loss":0.0,"damage_taken":11.0},{"damage_healed":0.0,"max_hp_gain":5.0,"max_hp_loss":0.0,"gold_gain":0.0,"event_name":"Big Fish","player_choice":"Donut","floor":14.0,"gold_loss":0.0,"damage_taken":0.0},{"damage_healed":0,"gold_gain":0,"player_choice":"Ignored","damage_taken":0,"max_hp_gain":0,"max_hp_loss":0,"event_name":"Vampires","floor":19,"gold_loss":0},{"damage_healed":0,"gold_gain":0,"player_choice":"Inject Mutagens","damage_taken":0,"relics_obtained":["MutagenicStrength"],"max_hp_gain":0,"max_hp_loss":0,"event_name":"Drug Dealer","floor":21,"gold_loss":0},{"damage_healed":0,"gold_gain":0,"cards_transformed":["Defend_B"],"player_choice":"Transformed","damage_taken":0,"max_hp_gain":0,"max_hp_loss":0,"event_name":"Transmorgrifier","floor":22,"gold_loss":0,"cards_obtained":["Reprogram"]}],"is_beta":false,"boss_relics":[{"not_picked":["Runic Dome","Lizard Tail"],"picked":"Astrolabe"}],"items_purged_floors":[5,20],"is_endless":false,"potions_floor_spawned":[1,4,7,13,16,18,29],"killed_by":"Snake Plant","ascension_level":20}