{"gold_per_floor":[20,31,50,62,78,78,107,107,107,107,165,182,200,200,200,273,273,284,284,297,307,19,47,47,73,73,83,96,114,148,12,12,91,91,109,109,9,25,37,37,72,172,197,224,224,224,259,278,278,278,278,278,278,7,39,39],"floor_reached":57,"playtime":2978,"items_purged":["Strike_R","Strike_R"],"score":3033,"play_id":"e09e23d3-04e8-4641-bc20-a3a5d0b10886","local_time":"20190131014811","is_ascension_mode":true,"campfire_choices":[{"data":"Flex","floor":6.0,"key":"SMITH"},{"floor":10.0,"key":"REST"},{"floor":15.0,"key":"REST"},{"floor":24.0,"key":"REST"},{"floor":32.0,"key":"REST"},{"floor":40,"key":"REST"},{"floor":45,"key":"RECALL"},{"data":"Writhe","floor":49,"key":"PURGE"},{"data":"Strike_R","floor":53,"key":"PURGE"}],"neow_cost":"NO_GOLD","seed_source_timestamp":22371550920800,"circlet_count":0,"master_deck":["AscendersBane","Strike_R","Strike_R","Defend_R","Defend_R","Defend_R","Defend_R","Bash","Feed","Clash","Shrug It Off","Flex+1","Twin Strike","Shrug It Off","Dual Wield","Infernal Blade","Barricade","Seeing Red","Warcry","Havoc","Sever Soul","Shrug It Off","Ghostly Armor","Infernal Blade","Disarm+1","Feel No Pain","Demon Form","True Grit","Offering","True Grit","Corruption","Corruption","Warcry+1"],"special_seed":0,"relics":["Burning Blood","Sundial","Dead Branch","Fusion Hammer","Ancient Tea Set","Pantograph","Du-Vu Doll","Meat on the Bone","Red Skull","Cursed Key","Oddly Smooth Stone","Peace Pipe","Centennial Puzzle","Art of War","ClockworkSouvenir","Mummified Hand"],"potions_floor_usage":[33,39,39,51,55,56],"damage_taken":[{"damage":11.0,"enemies":"2 Louse","floor":1.0,"turns":4.0},{"damage":9.0,"enemies":"Small Slimes","floor":2.0,"turns":4.0},{"damage":1.0,"enemies":"Cultist","floor":3.0,"turns":3.0},{"damage":25.0,"enemies":"Large Slime","floor":4.0,"turns":6.0},{"damage":12.0,"enemies":"Looter","floor":5.0,"turns":5.0},{"damage":35.0,"enemies":"3 Sentries","floor":7.0,"turns":10.0},{"damage":1.0,"enemies":"Lots of Slimes","floor":12.0,"turns":4.0},{"damage":2.0,"enemies":"Exordium Wildlife","floor":13.0,"turns":6.0},{"damage":46.0,"enemies":"The Guardian","floor":16.0,"turns":15.0},{"damage":16.0,"enemies":"3 Byrds","floor":18.0,"turns":5.0},{"damage":16.0,"enemies":"Chosen","floor":20.0,"turns":6.0},{"damage":4.0,"enemies":"Centurion and Healer","floor":21.0,"turns":6.0},{"damage":21.0,"enemies":"Slavers","floor":23.0,"turns":5.0},{"damage":25.0,"enemies":"Gremlin Leader","floor":25.0,"turns":7.0},{"damage":23.0,"enemies":"Snake Plant","floor":27.0,"turns":4.0},{"damage":49.0,"enemies":"Shelled Parasite and Fungi","floor":28.0,"turns":5.0},{"damage":0.0,"enemies":"Centurion and Healer","floor":29.0,"turns":3.0},{"damage":32.0,"enemies":"Slavers","floor":30.0,"turns":4.0},{"damage":87,"enemies":"Collector","floor":33,"turns":13},{"damage":24,"enemies":"3 Darklings","floor":35,"turns":7},{"damage":5,"enemies":"Orb Walker","floor":38,"turns":3},{"damage":23,"enemies":"Transient","floor":39,"turns":6},{"damage":6,"enemies":"Giant Head","floor":41,"turns":7},{"damage":0,"enemies":"Mind Bloom Boss Battle","floor":42,"turns":3},{"damage":6,"enemies":"Reptomancer","floor":44,"turns":3},{"damage":6,"enemies":"Nemesis","floor":47,"turns":3},{"damage":0,"enemies":"4 Shapes","floor":48,"turns":3},{"damage":30,"enemies":"Awakened One","floor":50,"turns":12},{"damage":41,"enemies":"Time Eater","floor":51,"turns":6},{"damage":53,"enemies":"Shield and Spear","floor":55,"turns":10},{"damage":16,"enemies":"The Heart","floor":56,"turns":5}],"seed_played":"-7506090352135120947","potions_obtained":[{"floor":2.0,"key":"EssenceOfSteel"},{"floor":3.0,"key":"BloodPotion"},{"floor":5.0,"key":"Dexterity Potion"},{"floor":18.0,"key":"SkillPotion"},{"floor":19.0,"key":"SteroidPotion"},{"floor":19.0,"key":"SteroidPotion"},{"floor":23.0,"key":"Regen Potion"},{"floor":27.0,"key":"Dexterity Potion"},{"floor":33,"key":"Ancient Potion"},{"floor":38,"key":"SteroidPotion"},{"floor":42,"key":"Block Potion"},{"floor":47,"key":"LiquidBronze"},{"floor":48,"key":"SpeedPotion"}],"is_trial":false,"path_per_floor":["M","M","M","M","M","R","E","?","T","R","?","M","M","?","R","B",null,"M","?","M","M","$","E","R","E","T","M","M","M","E","$","R","B",null,"M","?","$","M","M","R","E","?","T","E","R","?","E","M","R","B","B",null,"R","$","E","B",null],"character_chosen":"IRONCLAD","items_purchased":["Ancient Tea Set","Sever Soul","Feel No Pain","Strength Potion","ClockworkSouvenir","Weak Potion"],"campfire_rested":5,"item_purchase_floors":[22,22,31,31,54,54],"current_hp_per_floor":[66,66,74,58,63,63,37,2,2,29,29,37,44,44,73,33,83,73,73,63,65,65,53,83,79,79,62,34,52,38,38,69,25,85,70,70,70,74,69,102,102,111,111,114,114,114,114,117,117,96,85,111,111,111,76,91],"gold":39,"neow_bonus":"THREE_RARE_CARDS","is_prod":false,"is_daily":false,"chose_seed":false,"campfire_upgraded":1,"win_rate":0,"timestamp":1548866891,"path_taken":["M","M","M","M","M","R","E","?","T","R","?","M","M","?","R","BOSS","M","?","M","M","$","E","R","E","T","M","M","M","E","$","R","BOSS","M","?","$","M","M","R","E","?","T","E","R","?","E","?","R","BOSS","BOSS","R","$","E","BOSS"],"build_version":"2019-01-23","purchased_purges":2,"victory":true,"max_hp_per_floor":[78,81,84,87,90,90,93,93,93,93,93,96,99,99,99,99,99,99,99,99,99,99,102,102,102,102,102,105,105,105,105,105,105,105,108,108,108,111,111,111,111,111,111,114,114,114,114,117,117,120,120,120,120,120,120,120],"card_choices":[{"not_picked":["Impervious","Demon Form"],"picked":"Feed","floor":0.0},{"not_picked":["Iron Wave","Warcry"],"picked":"Clash","floor":1.0},{"not_picked":["Wild Strike","Pommel Strike"],"picked":"Anger","floor":2.0},{"not_picked":["Clothesline","Havoc"],"picked":"Shrug It Off","floor":3.0},{"not_picked":["Havoc","Anger"],"picked":"Flex","floor":4.0},{"not_picked":["Corruption","Warcry"],"picked":"Twin Strike","floor":5.0},{"not_picked":["Entrench","Sentinel"],"picked":"Shrug It Off","floor":7.0},{"not_picked":["Whirlwind","Flex"],"picked":"Dual Wield","floor":12.0},{"not_picked":["Warcry","Ghostly Armor"],"picked":"Infernal Blade","floor":13.0},{"not_picked":["Juggernaut","Dark Embrace"],"picked":"Barricade","floor":16.0},{"not_picked":["Perfected Strike","Wild Strike"],"picked":"Seeing Red","floor":18.0},{"not_picked":["Clothesline","True Grit"],"picked":"Warcry","floor":20.0},{"not_picked":["Sword Boomerang+1","Pommel Strike"],"picked":"Havoc","floor":21.0},{"not_picked":["Heavy Blade","Pommel Strike"],"picked":"Shrug It Off","floor":23.0},{"not_picked":["Warcry","Spot Weakness+1"],"picked":"Ghostly Armor","floor":25.0},{"not_picked":["Twin Strike","Dual Wield","Dark Embrace"],"picked":"SKIP","floor":27.0},{"not_picked":["Iron Wave","Evolve"],"picked":"Infernal Blade","floor":28.0},{"not_picked":["Perfected Strike+1","Body Slam"],"picked":"Disarm+1","floor":29.0},{"not_picked":["Armaments","Cleave","Dark Embrace"],"picked":"SKIP","floor":30.0},{"not_picked":["Barricade","Brutality"],"picked":"Demon Form","floor":33},{"not_picked":["Sword Boomerang","Headbutt"],"picked":"True Grit","floor":35},{"not_picked":["Second Wind","Warcry"],"picked":"Offering","floor":38},{"not_picked":["Shrug It Off+1","Heavy Blade"],"picked":"True Grit","floor":39},{"not_picked":["Rampage","Whirlwind"],"picked":"Corruption","floor":41},{"not_picked":["Dropkick","Dual Wield","Intimidate"],"picked":"SKIP","floor":44},{"not_picked":["Bloodletting","Cleave+1"],"picked":"Warcry+1","floor":47},{"not_picked":["Body Slam","Sword Boomerang","Feed"],"picked":"SKIP","floor":48},{"not_picked":["Sword Boomerang","Hemokinesis+1","Anger"],"picked":"SKIP","floor":55}],"player_experience":4175771,"relics_obtained":[{"floor":7.0,"key":"Sundial"},{"floor":9.0,"key":"Dead Branch"},{"floor":23.0,"key":"Pantograph"},{"floor":25.0,"key":"Du-Vu Doll"},{"floor":26.0,"key":"Meat on the Bone"},{"floor":30.0,"key":"Red Skull"},{"floor":41,"key":"Oddly Smooth Stone"},{"floor":42,"key":"Peace Pipe"},{"floor":44,"key":"Centennial Puzzle"},{"floor":47,"key":"Art of War"},{"floor":55,"key":"Mummified Hand"}],"event_choices":[{"damage_healed":0.0,"max_hp_gain":0.0,"max_hp_loss":0.0,"gold_gain":0.0,"event_name":"Scrap Ooze","player_choice":"Fled","floor":8.0,"gold_loss":0.0,"damage_taken":35.0},{"damage_healed":0.0,"max_hp_gain":0.0,"max_hp_loss":0.0,"gold_gain":58.0,"event_name":"Golden Wing","player_choice":"Gained Gold","floor":11.0,"gold_loss":0.0,"damage_taken":0.0},{"damage_healed":0.0,"max_hp_gain":0.0,"max_hp_loss":0.0,"gold_gain":0.0,"event_name":"Liars Game","player_choice":"Ignored","floor":14.0,"gold_loss":0.0,"damage_taken":0.0},{"damage_healed":0.0,"max_hp_gain":0.0,"max_hp_loss":0.0,"gold_gain":0.0,"event_name":"Lab","player_choice":"Got Potions","floor":19.0,"gold_loss":0.0,"damage_taken":0.0},{"cards_removed":["Anger"],"damage_healed":0,"gold_gain":0,"player_choice":"Removed Attack","damage_taken":0,"max_hp_gain":0,"max_hp_loss":0,"event_name":"Falling","floor":36,"gold_loss":0},{"damage_healed":0,"gold_gain":0,"player_choice":"Fight","damage_taken":0,"max_hp_gain":0,"max_hp_loss":0,"event_name":"MindBloom","floor":42,"gold_loss":0},{"damage_healed":0,"gold_gain":0,"player_choice":"Copied","damage_taken":0,"max_hp_gain":0,"max_hp_loss":0,"event_name":"Duplicator","floor":46,"gold_loss":0,"cards_obtained":["Corruption"]}],"is_beta":false,"boss_relics":[{"not_picked":["Black Blood","Busted Crown"],"picked":"Fusion Hammer"},{"not_picked":["Runic Pyramid","Runic Dome"],"picked":"Cursed Key"}],"items_purged_floors":[22,37],"is_endless":false,"potions_floor_spawned":[2,3,5,18,21,23,27,33,38,42,47,48],"ascension_level":20}