{"gold_per_floor":[114,132,147,161,161,189,189,208,232,250,275,275,275,308,320,436,448,450,387,411,433,49,49,68,68,68,68],"floor_reached":27,"playtime":1909,"items_purged":[],"score":259,"play_id":"d4f87a04-406e-4d16-9d16-6dca13eda145","local_time":"20190317230535","is_ascension_mode":true,"campfire_choices":[{"floor":7,"key":"REST"},{"floor":12,"key":"REST"},{"floor":15,"key":"REST"},{"floor":23,"key":"REST"},{"floor":25,"key":"REST"}],"neow_cost":"NONE","seed_source_timestamp":22832474774300,"circlet_count":0,"master_deck":["Defend_G","Defend_G","Defend_G","Defend_G","Defend_G","Strike_G+1","Strike_G","Survivor","Neutralize","Infinite Blades","Crippling Poison","Flying Knee","Poisoned Stab+1","Envenom","Bouncing Flask","Noxious Fumes","Blade Dance","Calculated Gamble","Die Die Die","Poisoned Stab+1","Riddle With Holes","Accuracy","Blur"],"relics":["Ring of the Snake","Blood Vial","Ancient Tea Set","Bag of Preparation","MawBank","Lizard Tail","Matryoshka","Whetstone","Bottled Flame"],"potions_floor_usage":[6,11,16,16,18,24],"damage_taken":[{"damage":0,"enemies":"Small Slimes","floor":1,"turns":3},{"damage":0,"enemies":"Cultist","floor":2,"turns":4},{"damage":5,"enemies":"Jaw Worm","floor":3,"turns":5},{"damage":4,"enemies":"Looter","floor":4,"turns":4},{"damage":12,"enemies":"3 Sentries","floor":6,"turns":8},{"damage":5,"enemies":"Blue Slaver","floor":8,"turns":5},{"damage":16,"enemies":"Exordium Thugs","floor":10,"turns":5},{"damage":35,"enemies":"Gremlin Nob","floor":11,"turns":5},{"damage":16,"enemies":"3 Sentries","floor":14,"turns":7},{"damage":10,"enemies":"The Guardian","floor":16,"turns":8},{"damage":31,"enemies":"2 Thieves","floor":18,"turns":5},{"damage":43,"enemies":"Spheric Guardian","floor":20,"turns":6},{"damage":36,"enemies":"Snake Plant","floor":21,"turns":4},{"damage":38,"enemies":"Snecko","floor":24,"turns":6},{"damage":26,"enemies":"Centurion and Healer","floor":27,"turns":5}],"seed_played":"8868091290017433878","potions_obtained":[{"floor":1,"key":"Explosive Potion"},{"floor":4,"key":"SteroidPotion"},{"floor":8,"key":"SpeedPotion"},{"floor":11,"key":"SpeedPotion"},{"floor":14,"key":"SteroidPotion"},{"floor":20,"key":"Strength Potion"}],"is_trial":false,"path_per_floor":["M","M","M","M","?","E","R","M","T","M","E","R","?","E","R","B",null,"M","?","M","M","$","R","M","R","T","M"],"character_chosen":"THE_SILENT","items_purchased":["Matryoshka","Accuracy","Blur"],"campfire_rested":5,"item_purchase_floors":[22,22,22],"current_hp_per_floor":[77,77,72,68,61,49,72,69,69,55,22,45,45,31,54,46,77,46,46,5,14,14,37,1,24,24,0],"gold":68,"neow_bonus":"TEN_PERCENT_HP_BONUS","is_prod":false,"is_daily":false,"chose_seed":false,"campfire_upgraded":0,"win_rate":0,"timestamp":1552860335,"path_taken":["M","M","M","M","?","E","R","M","T","M","E","R","?","E","R","BOSS","M","?","M","M","$","R","M","R","T","M"],"build_version":"2019-01-23","purchased_purges":0,"victory":false,"max_hp_per_floor":[77,77,77,77,77,77,77,77,77,77,77,77,77,77,77,77,77,77,77,77,77,77,77,77,77,77,77],"card_choices":[{"not_picked":["PiercingWail","Underhanded Strike"],"picked":"Infinite Blades","floor":1},{"not_picked":["Acrobatics","Skewer"],"picked":"Crippling Poison","floor":2},{"not_picked":["Calculated Gamble","Wraith Form v2"],"picked":"Flying Knee","floor":3},{"not_picked":["Predator","Dash"],"picked":"Poisoned Stab","floor":4},{"not_picked":["Dagger Spray","Slice"],"picked":"Envenom","floor":6},{"not_picked":["Prepared","Deadly Poison"],"picked":"Bouncing Flask","floor":8},{"not_picked":["Underhanded Strike","Blade Dance"],"picked":"Noxious Fumes","floor":10},{"not_picked":["Prepared","Night Terror"],"picked":"Blade Dance","floor":11},{"not_picked":["Slice","Dodge and Roll"],"picked":"Calculated Gamble","floor":14},{"not_picked":["Wraith Form v2","Grand Finale"],"picked":"Die Die Die","floor":16},{"not_picked":["Blade Dance","Slice","Dagger Spray"],"picked":"SKIP","floor":18},{"not_picked":["Sucker Punch","Underhanded Strike+1"],"picked":"Poisoned Stab+1","floor":20},{"not_picked":["Dagger Spray+1","Prepared"],"picked":"Riddle With Holes","floor":21},{"not_picked":["Sucker Punch","Caltrops","Deadly Poison"],"picked":"SKIP","floor":24}],"player_experience":382904,"relics_obtained":[{"floor":6,"key":"Blood Vial"},{"floor":9,"key":"Ancient Tea Set"},{"floor":11,"key":"Bag of Preparation"},{"floor":14,"key":"MawBank"},{"floor":26,"key":"Whetstone"},{"floor":26,"key":"Bottled Flame"}],"event_choices":[{"cards_removed":["Strike_G"],"damage_healed":0,"gold_gain":0,"player_choice":"Card Removal","damage_taken":7,"max_hp_gain":0,"max_hp_loss":0,"event_name":"Golden Wing","floor":5,"gold_loss":0},{"cards_removed":["Strike_G"],"damage_healed":0,"gold_gain":0,"player_choice":"Offered Basic","damage_taken":0,"max_hp_gain":0,"max_hp_loss":0,"event_name":"Bonfire Elementals","floor":13,"gold_loss":0},{"cards_removed":["Strike_G"],"damage_healed":0,"gold_gain":0,"player_choice":"Gave Gold","damage_taken":0,"max_hp_gain":0,"max_hp_loss":0,"event_name":"Beggar","floor":19,"gold_loss":75}],"is_beta":false,"boss_relics":[{"not_picked":["Astrolabe","Eternal Feather"],"picked":"Lizard Tail"}],"items_purged_floors":[],"is_endless":false,"potions_floor_spawned":[1,4,8,11,14,20],"killed_by":"Centurion and Healer","ascension_level":2}