{"gold_per_floor":[114,129,129,129,148,186,186,186,236,236,11,30,49,68,68,193,193,212,231,38,38,57,57,95,95,170,189,208,227,227,246,246,371,371,390,390,409,409,428,428,447,447,447,485,21,40,40,59,59,59],"floor_reached":51,"playtime":5460,"items_purged":["Injury","Night Terror"],"score":778,"play_id":"3d8b64eb-0ff0-44c0-9623-a9da4b437563","local_time":"20190126134440","daily_mods":["Shiny","Uncertain Future","Terminal"],"is_ascension_mode":false,"campfire_choices":[{"data":"After Image","floor":7.0,"key":"SMITH"},{"data":"A Thousand Cuts","floor":10.0,"key":"SMITH"},{"data":"Adrenaline","floor":15.0,"key":"SMITH"},{"data":"Wraith Form v2","floor":23.0,"key":"SMITH"},{"floor":30.0,"key":"REST"},{"data":"Madness","floor":32.0,"key":"SMITH"},{"data":"After Image","floor":40.0,"key":"SMITH"},{"floor":42.0,"key":"REST"},{"floor":49,"key":"REST"}],"neow_cost":"","seed_source_timestamp":0,"circlet_count":0,"master_deck":["Venomology","Corpse Explosion","Malaise","Phantasmal Killer","Die Die Die+1","Adrenaline+1","Envenom","Doppelganger","Burst","Wraith Form v2+1","Tools of the Trade","Unload+1","After Image+1","Bullet Time","Storm of Steel","Glass Knife","A Thousand Cuts+1","Grand Finale","Accuracy","Concentrate","Noxious Fumes","Glass Knife","Well Laid Plans","Crippling Poison","Madness+1","RitualDagger","Escape Plan","Calculated Gamble","After Image+1","Blade Dance+1","Leg Sweep","Parasite","Catalyst","Noxious Fumes","Madness","Madness","Parasite","Skewer+1"],"special_seed":17922,"relics":["Ring of the Snake","Golden Idol","Mercury Hourglass","Anchor","Whetstone","StoneCalendar","Nloth\u0027s Gift","Meat on the Bone","Turnip","Tough Bandages","Chemical X","Ancient Tea Set"],"potions_floor_usage":[44,50,50],"damage_taken":[{"damage":0.0,"enemies":"2 Louse","floor":1.0,"turns":2.0},{"damage":0.0,"enemies":"Jaw Worm","floor":2.0,"turns":2.0},{"damage":0.0,"enemies":"Small Slimes","floor":5.0,"turns":3.0},{"damage":0.0,"enemies":"Lagavulin","floor":6.0,"turns":6.0},{"damage":0.0,"enemies":"Red Slaver","floor":12.0,"turns":3.0},{"damage":0.0,"enemies":"Blue Slaver","floor":13.0,"turns":2.0},{"damage":0.0,"enemies":"2 Fungi Beasts","floor":14.0,"turns":2.0},{"damage":19.0,"enemies":"The Guardian","floor":16.0,"turns":9.0},{"damage":3.0,"enemies":"2 Thieves","floor":18.0,"turns":4.0},{"damage":0.0,"enemies":"3 Byrds","floor":19.0,"turns":3.0},{"damage":0.0,"enemies":"Cultist and Chosen","floor":22.0,"turns":3.0},{"damage":14.0,"enemies":"Slavers","floor":24.0,"turns":2.0},{"damage":0.0,"enemies":"Centurion and Healer","floor":27.0,"turns":4.0},{"damage":5.0,"enemies":"Snecko","floor":28.0,"turns":4.0},{"damage":0.0,"enemies":"Cultist and Chosen","floor":29.0,"turns":3.0},{"damage":0.0,"enemies":"3 Cultists","floor":31.0,"turns":5.0},{"damage":10.0,"enemies":"Automaton","floor":33.0,"turns":8.0},{"damage":0.0,"enemies":"3 Darklings","floor":35.0,"turns":3.0},{"damage":0.0,"enemies":"3 Shapes","floor":37.0,"turns":3.0},{"damage":1.0,"enemies":"Writhing Mass","floor":39.0,"turns":6.0},{"damage":22.0,"enemies":"Maw","floor":41.0,"turns":8.0},{"damage":31,"enemies":"Reptomancer","floor":44,"turns":5},{"damage":0,"enemies":"Jaw Worm Horde","floor":46,"turns":3},{"damage":0,"enemies":"Writhing Mass","floor":48,"turns":7},{"damage":0,"enemies":"Donu and Deca","floor":50,"turns":6}],"seed_played":"8774462537706310572","potions_obtained":[{"floor":5.0,"key":"Fruit Juice"},{"floor":6.0,"key":"SteroidPotion"},{"floor":19.0,"key":"Strength Potion"},{"floor":31.0,"key":"Swift Potion"},{"floor":39.0,"key":"Strength Potion"},{"floor":46,"key":"SpeedPotion"}],"is_trial":false,"path_per_floor":["M","M","?","?","M","E","R","T","T","R","$","M","M","M","R","B",null,"M","M","$","?","M","R","E","?","T","M","M","M","R","M","R","B",null,"M","?","M","?","M","R","M","R","T","E","$","M","?","M","R","B",null],"character_chosen":"THE_SILENT","items_purchased":["Whetstone","Madness","Chemical X","Regen Potion","Ancient Tea Set","Noxious Fumes"],"campfire_rested":3,"item_purchase_floors":[11,20,45,45,45,45],"current_hp_per_floor":[68,67,66,65,64,75,74,73,72,71,70,69,68,67,66,47,64,61,61,61,55,55,55,41,41,41,41,36,36,51,50,49,39,47,46,45,44,43,42,41,24,36,36,17,17,29,25,25,32,31],"gold":59,"neow_bonus":"","is_prod":false,"is_daily":true,"chose_seed":false,"campfire_upgraded":6,"win_rate":0,"timestamp":1548506680,"path_taken":["M","M","?","?","M","E","R","?","T","R","$","M","M","M","R","BOSS","M","M","$","?","M","R","E","?","T","?","M","M","R","M","R","BOSS","M","?","M","?","M","R","M","R","T","E","$","M","?","M","R","BOSS"],"build_version":"2019-01-23","purchased_purges":2,"victory":true,"max_hp_per_floor":[68,67,66,65,64,75,74,73,72,71,70,69,68,67,66,65,64,63,62,61,60,59,58,57,56,55,54,53,52,51,50,49,48,47,46,45,44,43,42,41,40,39,38,37,36,35,34,33,32,31],"card_choices":[{"not_picked":["Prepared","Dagger Spray","Slice"],"picked":"SKIP","floor":1.0},{"not_picked":["Poisoned Stab","Deadly Poison"],"picked":"Accuracy","floor":2.0},{"not_picked":["Wraith Form v2","Backstab"],"picked":"Concentrate","floor":5.0},{"not_picked":["Sucker Punch","Slice"],"picked":"Noxious Fumes","floor":6.0},{"not_picked":["Backstab","Blade Dance","Prepared"],"picked":"SKIP","floor":12.0},{"not_picked":["PiercingWail","Deflect","Venomology"],"picked":"SKIP","floor":13.0},{"not_picked":["Flying Knee","Dagger Spray","Outmaneuver"],"picked":"SKIP","floor":14.0},{"not_picked":["Doppelganger","Wraith Form v2"],"picked":"Glass Knife","floor":16.0},{"not_picked":["Deflect","Expertise"],"picked":"Well Laid Plans","floor":18.0},{"not_picked":["PiercingWail","Flechettes"],"picked":"Crippling Poison","floor":19.0},{"not_picked":["Dagger Throw+1","Accuracy"],"picked":"Riddle With Holes+1","floor":22.0},{"not_picked":["Flechettes","Bane","Deadly Poison"],"picked":"SKIP","floor":24.0},{"not_picked":["Bane","Corpse Explosion"],"picked":"Escape Plan","floor":27.0},{"not_picked":["Reflex","Slice+1"],"picked":"Calculated Gamble","floor":28.0},{"not_picked":["Dagger Spray+1","All Out Attack","Quick Slash+1"],"picked":"SKIP","floor":29.0},{"not_picked":["Poisoned Stab","Sucker Punch","Slice"],"picked":"SKIP","floor":31.0},{"not_picked":["Unload","A Thousand Cuts"],"picked":"After Image","floor":33.0},{"not_picked":["Concentrate","Prepared+1"],"picked":"Blade Dance+1","floor":35.0},{"not_picked":["Quick Slash","Prepared+1"],"picked":"Leg Sweep","floor":37.0},{"not_picked":["Underhanded Strike+1","Burst","PiercingWail+1"],"picked":"SKIP","floor":39.0},{"not_picked":["Quick Slash+1","Slice+1"],"picked":"Catalyst","floor":41.0},{"not_picked":["Dodge and Roll+1","Expertise+1","Glass Knife"],"picked":"SKIP","floor":44},{"not_picked":["Underhanded Strike","Dash","Poisoned Stab"],"picked":"SKIP","floor":46},{"not_picked":["Phantasmal Killer","Underhanded Strike"],"picked":"Skewer+1","floor":48}],"player_experience":274949,"relics_obtained":[{"floor":6.0,"key":"Strawberry"},{"floor":8.0,"key":"Mercury Hourglass"},{"floor":9.0,"key":"Anchor"},{"floor":24.0,"key":"StoneCalendar"},{"floor":26.0,"key":"Meat on the Bone"},{"floor":43.0,"key":"Turnip"},{"floor":44,"key":"Tough Bandages"}],"event_choices":[{"damage_healed":0.0,"max_hp_gain":0.0,"max_hp_loss":0.0,"gold_gain":0.0,"event_name":"Liars Game","player_choice":"Ignored","floor":3.0,"gold_loss":0.0,"damage_taken":0.0},{"damage_healed":0.0,"max_hp_gain":0.0,"max_hp_loss":0.0,"gold_gain":0.0,"event_name":"Golden Idol","player_choice":"Take Wound","floor":4.0,"gold_loss":0.0,"damage_taken":0.0,"relics_obtained":["Golden Idol"],"cards_obtained":["Injury"]},{"damage_healed":0.0,"max_hp_gain":0.0,"max_hp_loss":0.0,"gold_gain":0.0,"event_name":"Nest","player_choice":"Joined the Cult","floor":21.0,"gold_loss":0.0,"damage_taken":6.0,"cards_obtained":["RitualDagger"]},{"damage_healed":0.0,"max_hp_gain":0.0,"max_hp_loss":0.0,"gold_gain":0.0,"event_name":"N\u0027loth","player_choice":"Traded Relic","floor":25.0,"relics_lost":["Strawberry"],"gold_loss":0.0,"damage_taken":0.0,"relics_obtained":["Nloth\u0027s Gift"]},{"damage_healed":0.0,"max_hp_gain":0.0,"max_hp_loss":0.0,"gold_gain":0.0,"event_name":"Mysterious Sphere","player_choice":"Ignored","floor":36.0,"gold_loss":0.0,"damage_taken":0.0},{"cards_removed":["Riddle With Holes"],"damage_healed":0.0,"max_hp_gain":0.0,"max_hp_loss":0.0,"gold_gain":0.0,"event_name":"Falling","player_choice":"Removed Attack","floor":38.0,"gold_loss":0.0,"damage_taken":0.0},{"damage_healed":0,"gold_gain":0,"player_choice":"Embrace Madness","damage_taken":4,"max_hp_gain":0,"max_hp_loss":0,"event_name":"Winding Halls","floor":47,"gold_loss":0,"cards_obtained":["Madness","Madness"]}],"is_beta":false,"boss_relics":[{"not_picked":["Sozu","Fusion Hammer","HoveringKite"]},{"not_picked":["Cursed Key","Astrolabe","Runic Dome"]}],"items_purged_floors":[11,20],"is_endless":false,"potions_floor_spawned":[5,6,13,14,19,24,31,33,39,46],"ascension_level":0}