{"gold_per_floor":[218,218,228,140,140,174,174,185,185,196,224,224,242,242],"floor_reached":14,"playtime":444,"items_purged":[],"score":190,"play_id":"eaf3551f-a361-4ed5-890d-e986a058494d","local_time":"20190306225246","is_ascension_mode":true,"campfire_choices":[{"floor":7.0,"key":"REST"},{"floor":12.0,"key":"REST"}],"neow_cost":"NONE","seed_source_timestamp":441180404213133,"circlet_count":0,"master_deck":["AscendersBane","Strike_B","Strike_B","Strike_B","Strike_B","Defend_B","Defend_B","Defend_B","Defend_B","Zap","Dualcast","Loop","Rebound","Capacitor","Ball Lightning","Go for the Eyes","Sunder","Sweeping Beam","Auto Shields"],"special_seed":0,"relics":["Cracked Core","Dodecahedron","Pantograph","Bottled Tornado"],"potions_floor_usage":[],"damage_taken":[{"damage":13.0,"enemies":"Small Slimes","floor":1.0,"turns":4.0},{"damage":1.0,"enemies":"Cultist","floor":3.0,"turns":3.0},{"damage":8.0,"enemies":"Gremlin Nob","floor":6.0,"turns":3.0},{"damage":5.0,"enemies":"2 Louse","floor":8.0,"turns":2.0},{"damage":13.0,"enemies":"Large Slime","floor":10.0,"turns":5.0},{"damage":30.0,"enemies":"Lagavulin","floor":11.0,"turns":7.0},{"damage":6.0,"enemies":"Lots of Slimes","floor":13.0,"turns":2.0},{"damage":36,"enemies":"Gremlin Nob","floor":14,"turns":4}],"seed_played":"-7889953812972408525","potions_obtained":[{"floor":1.0,"key":"FocusPotion"},{"floor":3.0,"key":"Explosive Potion"},{"floor":8.0,"key":"Dexterity Potion"},{"floor":11.0,"key":"Strength Potion"}],"is_trial":false,"path_per_floor":["M","$","M","$","?","E","R","M","T","M","E","R","M","E"],"character_chosen":"DEFECT","items_purchased":["Capacitor","Ball Lightning"],"campfire_rested":2,"item_purchase_floors":[4,4],"current_hp_per_floor":[51,51,50,50,50,42,63,58,58,45,15,36,30,0],"gold":242,"neow_bonus":"HUNDRED_GOLD","is_prod":false,"is_daily":false,"chose_seed":false,"campfire_upgraded":0,"win_rate":0,"timestamp":1551930766,"path_taken":["M","$","M","$","?","E","R","M","T","M","E","R","?","E"],"build_version":"2019-01-23","purchased_purges":0,"victory":false,"max_hp_per_floor":[71,71,71,71,71,71,71,71,71,71,71,71,71,71],"card_choices":[{"not_picked":["Recycle","Hologram"],"picked":"Loop","floor":1.0},{"not_picked":["Redo","Fusion"],"picked":"Rebound","floor":3.0},{"not_picked":["Storm","Steam"],"picked":"Go for the Eyes","floor":6.0},{"not_picked":["Melter","Rip and Tear"],"picked":"Sunder","floor":8.0},{"not_picked":["Heatsinks","Ball Lightning"],"picked":"Sweeping Beam","floor":10.0},{"not_picked":["Stack","Streamline"],"picked":"Auto Shields","floor":11.0},{"not_picked":["Ball Lightning","Lockon","Barrage"],"picked":"SKIP","floor":13.0}],"player_experience":524196,"relics_obtained":[{"floor":6.0,"key":"Dodecahedron"},{"floor":9.0,"key":"Pantograph"},{"floor":11.0,"key":"Bottled Tornado"}],"event_choices":[{"damage_healed":0.0,"max_hp_gain":0.0,"max_hp_loss":0.0,"gold_gain":0.0,"event_name":"Lab","player_choice":"Got Potions","floor":5.0,"gold_loss":0.0,"damage_taken":0.0}],"is_beta":false,"boss_relics":[],"items_purged_floors":[],"is_endless":false,"potions_floor_spawned":[1,3,8,11],"killed_by":"Gremlin Nob","ascension_level":18}