{"gold_per_floor":[115,125,275,42,42,71,71,105,105,118,118,43,58,70,70,70],"floor_reached":16,"playtime":501,"items_purged":["Doubt"],"score":257,"play_id":"5d0b021b-2c7c-4edd-95b0-064553879fac","local_time":"20190319191057","is_ascension_mode":true,"campfire_choices":[{"data":"Cleave","floor":7.0,"key":"SMITH"},{"data":"Armaments","floor":11.0,"key":"SMITH"},{"data":"Barricade","floor":15.0,"key":"SMITH"}],"neow_cost":"NONE","seed_source_timestamp":33951925949262,"circlet_count":0,"master_deck":["AscendersBane","Strike_R","Strike_R","Strike_R","Strike_R+1","Defend_R","Defend_R","Defend_R","Defend_R","Bash+1","Cleave+1","Feel No Pain","Carnage","Armaments+1","Wild Strike","Barricade+1","Seeing Red"],"special_seed":0,"relics":["Burning Blood","NeowsBlessing","Regal Pillow","Bird Faced Urn","Strawberry","The Courier"],"potions_floor_usage":[16],"damage_taken":[{"damage":0.0,"enemies":"2 Louse","floor":1.0,"turns":1.0},{"damage":0.0,"enemies":"Jaw Worm","floor":2.0,"turns":1.0},{"damage":0.0,"enemies":"Gremlin Nob","floor":6.0,"turns":1.0},{"damage":25.0,"enemies":"3 Sentries","floor":8.0,"turns":12.0},{"damage":5.0,"enemies":"Small Slimes","floor":10.0,"turns":3.0},{"damage":16.0,"enemies":"Blue Slaver","floor":13.0,"turns":3.0},{"damage":20.0,"enemies":"Red Slaver","floor":14.0,"turns":3.0},{"damage":36,"enemies":"Hexaghost","floor":16,"turns":11}],"seed_played":"4070723152816837991","potions_obtained":[{"floor":2.0,"key":"SpeedPotion"},{"floor":6.0,"key":"PowerPotion"}],"is_trial":false,"path_per_floor":["M","M","?","$","?","E","R","E","T","M","R","?","M","M","R","B"],"character_chosen":"IRONCLAD","items_purchased":["Regal Pillow"],"campfire_rested":0,"item_purchase_floors":[4],"current_hp_per_floor":[74,75,75,75,52,58,58,48,48,49,49,49,39,27,27,0],"gold":70,"neow_bonus":"THREE_ENEMY_KILL","is_prod":false,"is_daily":false,"chose_seed":false,"campfire_upgraded":3,"win_rate":0,"timestamp":1552990257,"path_taken":["M","M","?","$","?","E","R","E","T","M","R","?","M","M","R","BOSS"],"build_version":"2019-01-23","purchased_purges":1,"victory":false,"max_hp_per_floor":[75,75,75,75,75,75,75,82,82,82,82,82,82,82,82,82],"card_choices":[{"not_picked":["Sever Soul","Iron Wave"],"picked":"Cleave","floor":1.0},{"not_picked":["Wild Strike","Bloodletting"],"picked":"Feel No Pain","floor":2.0},{"not_picked":["Twin Strike","Thunderclap"],"picked":"Carnage","floor":6.0},{"not_picked":["Infernal Blade","Thunderclap"],"picked":"Armaments","floor":8.0},{"not_picked":["Flex","Cleave"],"picked":"Wild Strike","floor":10.0},{"not_picked":["Rupture","Headbutt"],"picked":"Barricade","floor":13.0},{"not_picked":["Uppercut","Spot Weakness"],"picked":"Seeing Red","floor":14.0}],"player_experience":365365,"relics_obtained":[{"floor":6.0,"key":"Bird Faced Urn"},{"floor":8.0,"key":"Strawberry"},{"floor":9.0,"key":"The Courier"}],"event_choices":[{"damage_healed":0.0,"max_hp_gain":0.0,"max_hp_loss":0.0,"gold_gain":150.0,"event_name":"Liars Game","player_choice":"AGREE","floor":3.0,"gold_loss":0.0,"damage_taken":0.0,"cards_obtained":["Doubt"]},{"damage_healed":0.0,"max_hp_gain":0.0,"max_hp_loss":0.0,"gold_gain":0.0,"event_name":"Shining Light","player_choice":"Entered Light","floor":5.0,"gold_loss":0.0,"damage_taken":23.0,"cards_upgraded":["Bash","Strike_R"]},{"cards_removed":["Strike_R"],"damage_healed":0.0,"max_hp_gain":0.0,"max_hp_loss":0.0,"gold_gain":0.0,"event_name":"The Cleric","player_choice":"Card Removal","floor":12.0,"gold_loss":75.0,"damage_taken":0.0}],"is_beta":false,"boss_relics":[],"items_purged_floors":[4],"is_endless":false,"potions_floor_spawned":[2,6,8,14],"killed_by":"Hexaghost","ascension_level":18}