{"gold_per_floor":[117,137,147,161,181,206,206,206,206,206,223,223,233,261,261,335,335,348,69,69,80,98,124,124,141,141,141,174,193,210,210],"floor_reached":31,"playtime":1397,"items_purged":["Strike_G"],"score":582,"play_id":"d5273091-30db-48b5-a589-a38179a6467b","local_time":"20190227014546","is_ascension_mode":true,"campfire_choices":[{"floor":7.0,"key":"REST"},{"data":"Crippling Poison","floor":10.0,"key":"SMITH"},{"data":"Neutralize","floor":12.0,"key":"SMITH"},{"data":"Bane","floor":15.0,"key":"SMITH"},{"floor":24.0,"key":"REST"},{"floor":27.0,"key":"REST"}],"neow_cost":"NONE","seed_source_timestamp":1077162013601000,"circlet_count":0,"master_deck":["AscendersBane","Defend_G","Defend_G","Defend_G","Defend_G","Defend_G","Strike_G","Strike_G","Strike_G","Survivor","Neutralize+1","Dagger Throw","Deadly Poison","Dagger Throw","Sucker Punch","Poisoned Stab","Crippling Poison+1","Dagger Spray","Cloak And Dagger","Bane+1","Burst","Underhanded Strike","Noxious Fumes","Glass Knife","Bouncing Flask","Backflip+1","Choke+1","Catalyst","Acrobatics"],"special_seed":0,"relics":["White Beast Statue","Anchor","Regal Pillow","Pen Nib","Snecko Eye","Art of War","Blue Candle","Ninja Scroll","Strawberry"],"potions_floor_usage":[31,31],"damage_taken":[{"damage":5.0,"enemies":"Small Slimes","floor":1.0,"turns":5.0},{"damage":3.0,"enemies":"2 Louse","floor":2.0,"turns":3.0},{"damage":1.0,"enemies":"Cultist","floor":3.0,"turns":4.0},{"damage":2.0,"enemies":"Gremlin Gang","floor":4.0,"turns":6.0},{"damage":4.0,"enemies":"Large Slime","floor":5.0,"turns":5.0},{"damage":32.0,"enemies":"Lagavulin","floor":6.0,"turns":7.0},{"damage":0.0,"enemies":"2 Fungi Beasts","floor":11.0,"turns":3.0},{"damage":8.0,"enemies":"Blue Slaver","floor":13.0,"turns":4.0},{"damage":2.0,"enemies":"3 Sentries","floor":14.0,"turns":7.0},{"damage":15.0,"enemies":"The Guardian","floor":16.0,"turns":13.0},{"damage":21.0,"enemies":"Spheric Guardian","floor":18.0,"turns":5.0},{"damage":7.0,"enemies":"Chosen","floor":21.0,"turns":4.0},{"damage":0.0,"enemies":"Centurion and Healer","floor":22.0,"turns":4.0},{"damage":26.0,"enemies":"Slavers","floor":23.0,"turns":4.0},{"damage":18.0,"enemies":"Chosen and Byrds","floor":25.0,"turns":4.0},{"damage":34.0,"enemies":"Book of Stabbing","floor":28.0,"turns":4.0},{"damage":24.0,"enemies":"Snake Plant","floor":29.0,"turns":4.0},{"damage":4.0,"enemies":"Centurion and Healer","floor":30.0,"turns":7.0},{"damage":11,"enemies":"3 Cultists","floor":31,"turns":3}],"seed_played":"9055862253890128283","potions_obtained":[{"floor":1.0,"key":"FearPotion"},{"floor":2.0,"key":"GhostInAJar"},{"floor":4.0,"key":"Explosive Potion"},{"floor":5.0,"key":"Ancient Potion"},{"floor":6.0,"key":"FearPotion"},{"floor":11.0,"key":"Regen Potion"},{"floor":13.0,"key":"Weak Potion"},{"floor":14.0,"key":"SpeedPotion"},{"floor":16.0,"key":"AttackPotion"},{"floor":18.0,"key":"Weak Potion"},{"floor":21.0,"key":"GhostInAJar"},{"floor":22.0,"key":"FearPotion"},{"floor":23.0,"key":"Energy Potion"},{"floor":25.0,"key":"SpeedPotion"},{"floor":28.0,"key":"Poison Potion"},{"floor":29.0,"key":"Strength Potion"},{"floor":30.0,"key":"Fire Potion"}],"is_trial":false,"path_per_floor":["M","M","M","M","M","E","R","?","T","R","M","R","M","E","R","B",null,"M","$","?","M","M","E","R","M","T","R","E","M","M","M"],"character_chosen":"THE_SILENT","items_purchased":["Noxious Fumes","Art of War"],"campfire_rested":3,"item_purchase_floors":[19,19],"current_hp_per_floor":[54,51,50,48,44,12,31,53,53,53,53,53,59,57,57,42,60,39,39,39,32,32,6,40,22,22,56,29,5,1,0],"gold":210,"neow_bonus":"BOSS_RELIC","is_prod":false,"is_daily":false,"chose_seed":false,"campfire_upgraded":3,"win_rate":0,"timestamp":1551199546,"path_taken":["M","M","M","M","M","E","R","?","T","R","M","R","M","E","R","BOSS","M","$","?","M","?","E","R","M","T","R","E","M","M","?"],"build_version":"2019-01-23","purchased_purges":1,"victory":false,"max_hp_per_floor":[66,66,66,66,66,66,66,66,66,66,66,66,66,66,66,66,66,66,66,66,66,66,66,66,66,66,66,73,73,73,73],"card_choices":[{"not_picked":["Blade Dance","Acrobatics"],"picked":"Dagger Throw","floor":1.0},{"not_picked":["Sucker Punch","Backflip"],"picked":"Deadly Poison","floor":2.0},{"not_picked":["Slice","Deadly Poison"],"picked":"Dagger Throw","floor":3.0},{"not_picked":["Concentrate","Burst"],"picked":"Sucker Punch","floor":4.0},{"not_picked":["Leg Sweep","Flechettes"],"picked":"Poisoned Stab","floor":5.0},{"not_picked":["Outmaneuver","Poisoned Stab"],"picked":"Crippling Poison","floor":6.0},{"not_picked":["Underhanded Strike","Escape Plan"],"picked":"Dagger Spray","floor":11.0},{"not_picked":["Concentrate","Slice"],"picked":"Cloak And Dagger","floor":13.0},{"not_picked":["Finisher","Choke"],"picked":"Bane","floor":14.0},{"not_picked":["Unload","Doppelganger"],"picked":"Burst","floor":16.0},{"not_picked":["Infinite Blades","Deflect"],"picked":"Underhanded Strike","floor":18.0},{"not_picked":["Deadly Poison","Quick Slash+1"],"picked":"Bouncing Flask","floor":21.0},{"not_picked":["Masterful Stab","Dagger Throw","Poisoned Stab"],"picked":"SKIP","floor":22.0},{"not_picked":["Slice","Sucker Punch","Heel Hook"],"picked":"SKIP","floor":23.0},{"not_picked":["Sucker Punch","Dodge and Roll"],"picked":"Backflip+1","floor":25.0},{"not_picked":["Backstab","Grand Finale"],"picked":"Choke+1","floor":28.0},{"not_picked":["Poisoned Stab","Slice"],"picked":"Catalyst","floor":29.0},{"not_picked":["Heel Hook","Deflect"],"picked":"Acrobatics","floor":30.0}],"player_experience":4407857,"relics_obtained":[{"floor":6.0,"key":"Anchor"},{"floor":9.0,"key":"Regal Pillow"},{"floor":14.0,"key":"Pen Nib"},{"floor":23.0,"key":"Blue Candle"},{"floor":26.0,"key":"Ninja Scroll"},{"floor":28.0,"key":"Strawberry"}],"event_choices":[{"damage_healed":22.0,"max_hp_gain":0.0,"max_hp_loss":0.0,"gold_gain":0.0,"event_name":"Big Fish","player_choice":"Banana","floor":8.0,"gold_loss":0.0,"damage_taken":0.0},{"damage_healed":0.0,"max_hp_gain":0.0,"max_hp_loss":0.0,"gold_gain":0.0,"cards_transformed":["Strike_G"],"event_name":"Transmorgrifier","player_choice":"Transformed","floor":20.0,"gold_loss":0.0,"damage_taken":0.0,"cards_obtained":["Glass Knife"]}],"is_beta":false,"boss_relics":[{"not_picked":["Fusion Hammer","Empty Cage"],"picked":"Snecko Eye"}],"items_purged_floors":[19],"is_endless":false,"potions_floor_spawned":[1,2,3,4,5,6,11,13,14,16,18,21,22,23,25,28,29,30],"killed_by":"3 Cultists","ascension_level":20}