{"gold_per_floor":[118,68,68,68,80,80,155,175,202,219,68,68,81,81,81,176,176,194,206,206,219,73,73,87,115,115,115,131,131,146,3,3,103,103,120,168,0,0,20,20,31,31,31,51,63,63],"floor_reached":46,"playtime":2795,"items_purged":[],"score":522,"play_id":"564408b9-ce4f-4cd3-9c4b-21b8e875f19c","local_time":"20190127180611","is_ascension_mode":true,"campfire_choices":[{"floor":6.0,"key":"REST"},{"data":"Double Energy","floor":12.0,"key":"SMITH"},{"data":"Electrodynamics","floor":15.0,"key":"SMITH"},{"data":"Defragment","floor":23.0,"key":"SMITH"},{"floor":27.0,"key":"REST"},{"data":"Static Discharge","floor":32.0,"key":"SMITH"},{"floor":40,"key":"REST"},{"floor":42,"key":"REST"}],"neow_cost":"NONE","seed_source_timestamp":0,"circlet_count":0,"master_deck":["Strike_B","Strike_B","Strike_B","Defend_B","Defend_B","Defend_B","Zap+1","Dualcast","White Noise+1","Ball Lightning","Self Repair","Double Energy+1","Electrodynamics+1","Creative AI+1","Heatsinks","Defragment+1","Ball Lightning","Fusion","Fusion+1","Streamline+1","Static Discharge+1","Undo+1","Echo Form","Tempest+1","Streamline+1","Rainbow+1"],"special_seed":0,"relics":["Cracked Core","Orichalcum","White Beast Statue","Juzu Bracelet","Pear","Toxic Egg 2","Snecko Eye","Shovel","Red Mask","Prayer Wheel"],"potions_floor_usage":[33,35,36,39,41,41,45,46],"damage_taken":[{"damage":5.0,"enemies":"Small Slimes","floor":1.0,"turns":4.0},{"damage":0.0,"enemies":"2 Louse","floor":5.0,"turns":1.0},{"damage":1.0,"enemies":"Cultist","floor":8.0,"turns":3.0},{"damage":16.0,"enemies":"Lots of Slimes","floor":10.0,"turns":3.0},{"damage":2.0,"enemies":"3 Louse","floor":13.0,"turns":2.0},{"damage":43.0,"enemies":"Hexaghost","floor":16.0,"turns":8.0},{"damage":2.0,"enemies":"Chosen","floor":18.0,"turns":4.0},{"damage":0.0,"enemies":"3 Byrds","floor":19.0,"turns":2.0},{"damage":6.0,"enemies":"3 Cultists","floor":21.0,"turns":3.0},{"damage":11.0,"enemies":"Sentry and Sphere","floor":24.0,"turns":3.0},{"damage":65.0,"enemies":"Book of Stabbing","floor":25.0,"turns":5.0},{"damage":6.0,"enemies":"Chosen and Byrds","floor":28.0,"turns":4.0},{"damage":13.0,"enemies":"Snecko","floor":30.0,"turns":4.0},{"damage":36,"enemies":"Automaton","floor":33,"turns":10},{"damage":15,"enemies":"Orb Walker","floor":35,"turns":4},{"damage":31,"enemies":"2 Orb Walkers","floor":36,"turns":2},{"damage":22,"enemies":"3 Darklings","floor":39,"turns":3},{"damage":40,"enemies":"Transient","floor":41,"turns":5},{"damage":25,"enemies":"Maw","floor":44,"turns":7},{"damage":18,"enemies":"Spire Growth","floor":45,"turns":4},{"damage":41,"enemies":"Jaw Worm Horde","floor":46,"turns":3}],"seed_played":"-1159657934302112794","potions_obtained":[{"floor":0.0,"key":"FairyPotion"},{"floor":0.0,"key":"LiquidBronze"},{"floor":0.0,"key":"Fire Potion"},{"floor":1.0,"key":"Energy Potion"},{"floor":10.0,"key":"Poison Potion"},{"floor":16.0,"key":"AttackPotion"},{"floor":18.0,"key":"Block Potion"},{"floor":19.0,"key":"Regen Potion"},{"floor":21.0,"key":"GamblersBrew"},{"floor":24.0,"key":"Explosive Potion"},{"floor":25.0,"key":"PowerPotion"},{"floor":28.0,"key":"Fire Potion"},{"floor":30.0,"key":"Explosive Potion"},{"floor":33,"key":"EssenceOfSteel"},{"floor":35,"key":"Swift Potion"},{"floor":36,"key":"Swift Potion"},{"floor":39,"key":"Swift Potion"},{"floor":41,"key":"FearPotion"},{"floor":44,"key":"PowerPotion"},{"floor":45,"key":"Regen Potion"}],"is_trial":false,"path_per_floor":["M","?","?","?","M","R","?","M","T","M","$","R","M","?","R","B",null,"M","M","?","M","$","R","M","E","T","R","M","?","M","$","R","B",null,"M","?","?","?","M","R","M","R","T","M","M","M"],"character_chosen":"DEFECT","items_purchased":["Electrodynamics","Juzu Bracelet","Static Discharge","Undo+1"],"campfire_rested":4,"item_purchase_floors":[11,22,31,31],"current_hp_per_floor":[70,70,75,59,59,80,69,68,68,66,66,66,64,64,64,28,80,80,80,80,74,74,74,70,22,22,49,50,80,67,67,67,38,90,82,51,51,51,36,63,37,64,64,39,28,0],"gold":63,"neow_bonus":"THREE_SMALL_POTIONS","is_prod":false,"is_daily":false,"chose_seed":false,"campfire_upgraded":4,"win_rate":0,"timestamp":1548608771,"path_taken":["M","?","?","?","M","R","?","M","T","M","?","R","M","?","R","BOSS","M","M","?","?","?","R","M","E","T","R","M","?","M","$","R","BOSS","M","?","?","?","M","R","M","R","T","M","M","M"],"build_version":"2019-01-23","purchased_purges":0,"victory":false,"max_hp_per_floor":[75,75,80,80,80,80,80,80,80,80,80,80,80,80,80,80,80,80,80,80,80,80,80,80,90,90,90,90,90,90,90,90,90,90,90,90,90,90,90,90,90,90,90,90,90,90],"card_choices":[{"not_picked":["Steam Power","Rip and Tear"],"picked":"White Noise","floor":1.0},{"not_picked":["Blizzard","Go for the Eyes"],"picked":"Ball Lightning","floor":5.0},{"not_picked":["Genetic Algorithm","Turbo"],"picked":"Self Repair","floor":8.0},{"not_picked":["Turbo","Hologram"],"picked":"Double Energy","floor":10.0},{"not_picked":["Turbo","Stack","Gash"],"picked":"SKIP","floor":13.0},{"not_picked":["Machine Learning","Seek"],"picked":"Creative AI","floor":16.0},{"not_picked":["Go for the Eyes","FTL"],"picked":"Heatsinks","floor":18.0},{"not_picked":["Coolheaded+1","Consume"],"picked":"Defragment","floor":19.0},{"not_picked":["Skim","Turbo+1"],"picked":"Ball Lightning","floor":21.0},{"not_picked":["Rip and Tear","Self Repair"],"picked":"Fusion","floor":24.0},{"not_picked":["Hologram","Go for the Eyes+1","Lockon"],"picked":"SKIP","floor":25.0},{"not_picked":["Sweeping Beam","Aggregate+1"],"picked":"Fusion+1","floor":28.0},{"not_picked":["Biased Cognition","Sweeping Beam+1"],"picked":"Streamline+1","floor":30.0},{"not_picked":["Electrodynamics","Hyperbeam"],"picked":"Echo Form","floor":33},{"not_picked":["Loop+1","Leap+1","Go for the Eyes+1"],"picked":"SKIP","floor":35},{"not_picked":["Coolheaded+1","Redo+1","Heatsinks"],"picked":"SKIP","floor":39},{"not_picked":["Steam+1","Static Discharge+1"],"picked":"Tempest+1","floor":41},{"not_picked":["Genetic Algorithm+1","Doom and Gloom+1","Go for the Eyes+1"],"picked":"SKIP","floor":44},{"not_picked":["Hello World","Consume+1","Go for the Eyes+1"],"picked":"SKIP","floor":44},{"not_picked":["Double Energy+1","Skim+1"],"picked":"Streamline+1","floor":45},{"not_picked":["Leap+1","Turbo+1"],"picked":"Rainbow+1","floor":45}],"player_experience":303547,"relics_obtained":[{"floor":9.0,"key":"Orichalcum"},{"floor":25.0,"key":"Pear"},{"floor":26.0,"key":"Toxic Egg 2"},{"floor":36,"key":"Shovel"},{"floor":43,"key":"Prayer Wheel"}],"event_choices":[{"cards_removed":["Defend_B"],"damage_healed":0.0,"max_hp_gain":0.0,"max_hp_loss":0.0,"gold_gain":0.0,"event_name":"The Cleric","player_choice":"Card Removal","floor":2.0,"gold_loss":50.0,"damage_taken":0.0},{"damage_healed":0.0,"max_hp_gain":5.0,"max_hp_loss":0.0,"gold_gain":0.0,"event_name":"Big Fish","player_choice":"Donut","floor":3.0,"gold_loss":0.0,"damage_taken":0.0},{"damage_healed":0.0,"max_hp_gain":0.0,"max_hp_loss":0.0,"gold_gain":0.0,"event_name":"Shining Light","player_choice":"Entered Light","floor":4.0,"gold_loss":0.0,"damage_taken":16.0,"cards_upgraded":["White Noise","Zap"]},{"damage_healed":0.0,"max_hp_gain":0.0,"max_hp_loss":0.0,"gold_gain":75.0,"event_name":"World of Goop","player_choice":"Gather Gold","floor":7.0,"gold_loss":0.0,"damage_taken":11.0},{"cards_removed":["Strike_B"],"damage_healed":0.0,"max_hp_gain":0.0,"max_hp_loss":0.0,"gold_gain":0.0,"event_name":"Living Wall","player_choice":"Forget","floor":14.0,"gold_loss":0.0,"damage_taken":0.0},{"damage_healed":0.0,"max_hp_gain":0.0,"max_hp_loss":0.0,"gold_gain":0.0,"event_name":"Accursed Blacksmith","player_choice":"Forge","floor":20.0,"gold_loss":0.0,"damage_taken":0.0,"cards_upgraded":["Creative AI"]},{"damage_healed":30.0,"max_hp_gain":0.0,"max_hp_loss":0.0,"gold_gain":0.0,"event_name":"The Library","player_choice":"Heal","floor":29.0,"gold_loss":0.0,"damage_taken":0.0},{"damage_healed":0,"gold_gain":0,"player_choice":"Fight","damage_taken":0,"max_hp_gain":0,"max_hp_loss":0,"event_name":"Mysterious Sphere","floor":36,"gold_loss":0},{"damage_healed":0,"gold_gain":0,"player_choice":"Paid","damage_taken":0,"relics_obtained":["Red Mask"],"max_hp_gain":0,"max_hp_loss":0,"event_name":"Tomb of Lord Red Mask","floor":37,"gold_loss":168},{"damage_healed":0,"gold_gain":0,"player_choice":"Ignored","damage_taken":0,"max_hp_gain":0,"max_hp_loss":0,"event_name":"SecretPortal","floor":38,"gold_loss":0}],"is_beta":false,"boss_relics":[{"not_picked":["Astrolabe","Black Star"],"picked":"White Beast Statue"},{"not_picked":["Fusion Hammer","Lizard Tail"],"picked":"Snecko Eye"}],"items_purged_floors":[],"is_endless":false,"potions_floor_spawned":[1,10,16,18,19,21,24,25,28,30,33,35,36,39,41,44,45],"killed_by":"Jaw Worm Horde","ascension_level":3}