{"gold_per_floor":[112,82,99,112,126,159,159,159,159,177,177,194,225,242,242,314,314,328,36,36,46,46],"floor_reached":22,"playtime":780,"items_purged":["Regret"],"score":396,"play_id":"01b52208-8523-4902-aaca-8664b2737a03","local_time":"20190109021832","is_ascension_mode":true,"campfire_choices":[{"data":"Conserve Battery","floor":7,"key":"SMITH"},{"data":"Coolheaded","floor":11,"key":"SMITH"},{"data":"Defend_B","floor":15,"key":"PURGE"}],"neow_cost":"NONE","seed_source_timestamp":605378072362489,"circlet_count":0,"master_deck":["AscendersBane","Strike_B","Strike_B","Strike_B","Defend_B","Defend_B","Defend_B","Zap","Dualcast","Conserve Battery+1","Gash","FTL","Gash","Rebound","Echo Form","Coolheaded+1","Glacier","Conserve Battery","Writhe"],"relics":["Cracked Core","PreservedInsect","CultistMask","Gremlin Horn","Peace Pipe","Calling Bell","DataDisk","Symbiotic Virus","Ginger","Runic Capacitor"],"potions_floor_usage":[2,13,16,22],"damage_taken":[{"damage":0,"enemies":"Small Slimes","floor":1,"turns":4},{"damage":1,"enemies":"Cultist","floor":3,"turns":4},{"damage":0,"enemies":"Jaw Worm","floor":4,"turns":3},{"damage":2,"enemies":"Red Slaver","floor":5,"turns":3},{"damage":11,"enemies":"3 Sentries","floor":6,"turns":8},{"damage":1,"enemies":"Looter","floor":10,"turns":2},{"damage":0,"enemies":"Lots of Slimes","floor":12,"turns":3},{"damage":2,"enemies":"Gremlin Nob","floor":13,"turns":3},{"damage":3,"enemies":"Blue Slaver","floor":14,"turns":4},{"damage":38,"enemies":"Hexaghost","floor":16,"turns":10},{"damage":25,"enemies":"3 Byrds","floor":18,"turns":7},{"damage":23,"enemies":"Shell Parasite","floor":21,"turns":6},{"damage":38,"enemies":"Cultist and Chosen","floor":22,"turns":3}],"seed_played":"6894127364903011209","potions_obtained":[{"floor":1,"key":"FearPotion"},{"floor":2,"key":"Fruit Juice"},{"floor":2,"key":"LiquidBronze"},{"floor":16,"key":"Energy Potion"},{"floor":18,"key":"FearPotion"}],"is_trial":false,"path_per_floor":["M","?","M","M","M","E","R","?","T","M","R","M","E","M","R","B",null,"M","$","?","M","M"],"character_chosen":"DEFECT","items_purchased":["Runic Capacitor"],"campfire_rested":0,"item_purchase_floors":[19],"current_hp_per_floor":[64,69,68,68,66,55,55,55,55,54,54,54,52,49,49,11,60,35,35,35,12,0],"gold":46,"neow_bonus":"TRANSFORM_CARD","is_prod":false,"is_daily":false,"chose_seed":false,"campfire_upgraded":2,"win_rate":0,"timestamp":1546967912,"path_taken":["M","?","M","?","M","E","R","?","T","M","R","M","E","M","R","BOSS","M","?","?","M","M"],"build_version":"2019-01-03v4","purchased_purges":1,"victory":false,"max_hp_per_floor":[71,76,76,76,76,76,76,76,76,76,76,76,76,76,76,76,76,76,76,76,76,76],"card_choices":[{"not_picked":["Glacier","Compile Driver"],"picked":"Gash","floor":1},{"not_picked":["Steam","Consume"],"picked":"FTL","floor":3},{"not_picked":["Hologram","Beam Cell"],"picked":"Gash","floor":4},{"not_picked":["Stack","Hologram"],"picked":"Rebound","floor":5},{"not_picked":["Chaos","Fusion"],"picked":"Echo Form","floor":6},{"not_picked":["Ball Lightning","Rebound"],"picked":"Coolheaded","floor":10},{"not_picked":["Turbo","Streamline"],"picked":"Glacier","floor":12},{"not_picked":["Barrage","Steam"],"picked":"Conserve Battery","floor":13},{"not_picked":["Fusion","Blizzard","Tempest"],"picked":"SKIP","floor":14},{"not_picked":["Scrape","Fusion+1","Barrage"],"picked":"SKIP","floor":18},{"not_picked":["Streamline","Melter+1","Gash"],"picked":"SKIP","floor":21}],"player_experience":4024027,"relics_obtained":[{"floor":6,"key":"PreservedInsect"},{"floor":9,"key":"Gremlin Horn"},{"floor":13,"key":"Peace Pipe"},{"floor":17,"key":"DataDisk"},{"floor":17,"key":"Symbiotic Virus"},{"floor":17,"key":"Ginger"}],"event_choices":[{"damage_healed":0,"gold_gain":0,"player_choice":"Bought 2 Potions","damage_taken":0,"max_hp_gain":0,"max_hp_loss":0,"event_name":"The Woman in Blue","floor":2,"gold_loss":0},{"damage_healed":0,"gold_gain":0,"player_choice":"Trade","damage_taken":0,"relics_obtained":["CultistMask"],"max_hp_gain":0,"max_hp_loss":0,"event_name":"FaceTrader","floor":8,"gold_loss":0},{"cards_removed":["Writhe"],"damage_healed":0,"gold_gain":0,"player_choice":"Card Removal","damage_taken":0,"max_hp_gain":0,"max_hp_loss":0,"event_name":"Wheel of Change","floor":20,"gold_loss":0}],"is_beta":false,"boss_relics":[{"not_picked":["Nuclear Battery","Lizard Tail"],"picked":"Calling Bell"}],"items_purged_floors":[19],"is_endless":false,"potions_floor_spawned":[1,5,6,12,16,18],"killed_by":"Cultist and Chosen","ascension_level":20}