{"gold_per_floor":[111,123,133,147,159,159,188,205,205,240,240,252,268,268,268,341,341,358,87,137,137,37,37],"floor_reached":23,"playtime":578,"items_purged":["Strike_G","Strike_G"],"score":406,"play_id":"4ff768cd-7679-4cd2-83db-b0c685eb1ceb","local_time":"20190312024840","is_ascension_mode":true,"campfire_choices":[{"data":"All Out Attack","floor":6,"key":"SMITH"},{"floor":11,"key":"REST"},{"data":"Outmaneuver","floor":15,"key":"SMITH"}],"neow_cost":"NONE","seed_source_timestamp":378680203553000,"circlet_count":0,"master_deck":["AscendersBane","Defend_G","Defend_G","Defend_G","Defend_G","Strike_G","Strike_G","Survivor","Neutralize","Bouncing Flask","Quick Slash","Dagger Spray","All Out Attack+1","Dash","Blur","PiercingWail","Outmaneuver+1","Poisoned Stab","Outmaneuver","Wraith Form v2","Cloak And Dagger+1","Crippling Poison","Acrobatics","Footwork"],"relics":["Ring of the Snake","Bronze Scales","Incense Burner","Pen Nib","Turnip","CultistMask","Empty Cage"],"potions_floor_usage":[5,7,18,23],"damage_taken":[{"damage":9,"enemies":"Small Slimes","floor":1,"turns":4},{"damage":0,"enemies":"Cultist","floor":2,"turns":4},{"damage":7,"enemies":"Jaw Worm","floor":3,"turns":3},{"damage":2,"enemies":"3 Louse","floor":4,"turns":3},{"damage":0,"enemies":"2 Fungi Beasts","floor":5,"turns":4},{"damage":19,"enemies":"Gremlin Nob","floor":7,"turns":4},{"damage":0,"enemies":"Large Slime","floor":8,"turns":4},{"damage":7,"enemies":"3 Sentries","floor":10,"turns":4},{"damage":0,"enemies":"Red Slaver","floor":12,"turns":4},{"damage":2,"enemies":"Exordium Wildlife","floor":13,"turns":2},{"damage":20,"enemies":"The Guardian","floor":16,"turns":9},{"damage":0,"enemies":"3 Byrds","floor":18,"turns":2},{"damage":43,"enemies":"Slavers","floor":23,"turns":3}],"seed_played":"-4341546652776907717","potions_obtained":[{"floor":1,"key":"Poison Potion"},{"floor":2,"key":"EssenceOfSteel"},{"floor":10,"key":"GamblersBrew"},{"floor":12,"key":"Block Potion"},{"floor":16,"key":"LiquidBronze"}],"is_trial":false,"path_per_floor":["M","M","M","M","M","R","E","M","T","E","R","M","M","?","R","B",null,"M","$","?","?","$","E"],"character_chosen":"THE_SILENT","items_purchased":["Crippling Poison","Acrobatics","Footwork"],"campfire_rested":1,"item_purchase_floors":[19,19,19],"current_hp_per_floor":[50,50,43,41,41,41,22,22,22,15,34,34,32,32,32,12,53,53,53,53,35,35,0],"gold":37,"neow_bonus":"RANDOM_COMMON_RELIC","is_prod":false,"is_daily":false,"chose_seed":false,"campfire_upgraded":2,"win_rate":0,"timestamp":1552326520,"path_taken":["M","M","M","M","M","R","E","M","T","E","R","M","M","?","R","BOSS","M","?","?","?","$","E"],"build_version":"2019-01-23","purchased_purges":2,"victory":false,"max_hp_per_floor":[66,66,66,66,66,66,66,66,66,66,66,66,66,66,66,66,66,66,66,66,71,71,71],"card_choices":[{"not_picked":["Blade Dance","PiercingWail"],"picked":"Bouncing Flask","floor":1},{"not_picked":["Backflip","Underhanded Strike"],"picked":"Quick Slash","floor":2},{"not_picked":["Heel Hook","Poisoned Stab"],"picked":"Dagger Spray","floor":3},{"not_picked":["Poisoned Stab","Dagger Throw"],"picked":"All Out Attack","floor":4},{"not_picked":["Dagger Spray","Storm of Steel"],"picked":"Dash","floor":5},{"not_picked":["Distraction","Acrobatics"],"picked":"Blur","floor":7},{"not_picked":["Accuracy","Prepared"],"picked":"PiercingWail","floor":8},{"not_picked":["Masterful Stab","Dash"],"picked":"Outmaneuver","floor":10},{"not_picked":["Choke","Accuracy"],"picked":"Poisoned Stab","floor":12},{"not_picked":["Caltrops","Prepared"],"picked":"Outmaneuver","floor":13},{"not_picked":["Tools of the Trade","Unload"],"picked":"Wraith Form v2","floor":16},{"not_picked":["Bane","Blade Dance"],"picked":"Cloak And Dagger+1","floor":18}],"player_experience":4516404,"relics_obtained":[{"floor":7,"key":"Incense Burner"},{"floor":9,"key":"Pen Nib"},{"floor":10,"key":"Turnip"}],"event_choices":[{"damage_healed":0,"gold_gain":0,"player_choice":"Trade","damage_taken":0,"relics_obtained":["CultistMask"],"max_hp_gain":0,"max_hp_loss":0,"event_name":"FaceTrader","floor":14,"gold_loss":0},{"damage_healed":0,"gold_gain":50,"player_choice":"Stole From Cult","damage_taken":0,"max_hp_gain":0,"max_hp_loss":0,"event_name":"Nest","floor":20,"gold_loss":0},{"damage_healed":0,"gold_gain":0,"player_choice":"Shed Blood","damage_taken":23,"max_hp_gain":5,"max_hp_loss":0,"event_name":"Forgotten Altar","floor":21,"gold_loss":0}],"is_beta":false,"boss_relics":[{"not_picked":["Ectoplasm","Busted Crown"],"picked":"Empty Cage"}],"items_purged_floors":[19,22],"is_endless":false,"potions_floor_spawned":[1,2,10,12,16],"killed_by":"Slavers","ascension_level":20}