{"gold_per_floor":[219,235,253,272,283,283,318,318,344,344,355,384,384,396,396,468,468,478,496,546,85,102,102,102,102,171,186,21,35,35,35,35,109,109,120,131,131,145,157,157,184,184,208,208,223,223,223,237,237,237,237],"floor_reached":52,"playtime":2542,"items_purged":["Darkness"],"score":1972,"play_id":"cbface02-ad52-4647-b345-69b7abc801c8","local_time":"20190316031756","is_ascension_mode":true,"campfire_choices":[{"data":"Hologram","floor":6.0,"key":"SMITH"},{"data":"Defragment","floor":8.0,"key":"SMITH"},{"data":"Doom and Gloom","floor":10.0,"key":"SMITH"},{"floor":15.0,"key":"REST"},{"floor":23.0,"key":"REST"},{"floor":25.0,"key":"REST"},{"floor":32.0,"key":"REST"},{"floor":40,"key":"REST"},{"data":"Defragment","floor":47,"key":"SMITH"},{"data":"Creative AI","floor":49,"key":"SMITH"}],"neow_cost":"NONE","seed_source_timestamp":183006461421100,"circlet_count":0,"master_deck":["AscendersBane","Zap","Dualcast","Defragment+1","Reinforced Body","Hologram+1","Doom and Gloom+1","Reinforced Body","Turbo","Capacitor","Conserve Battery","Core Surge","Reboot+1","Genetic Algorithm","Go for the Eyes","Creative AI+1","Chaos","Undo","Force Field","Turbo","Coolheaded","Defragment+1","Reinforced Body+1","BootSequence+1","Biased Cognition","Capacitor","Finesse","Finesse+1","Force Field+1","Double Energy","Capacitor+1","Doubt"],"special_seed":0,"relics":["FrozenCore","Bottled Tornado","Dream Catcher","Odd Mushroom","Pandora\u0027s Box","Membership Card","Calipers","GremlinMask","Mango","War Paint","Oddly Smooth Stone"],"potions_floor_usage":[51],"damage_taken":[{"damage":1.0,"enemies":"Cultist","floor":1.0,"turns":3.0},{"damage":2.0,"enemies":"2 Louse","floor":2.0,"turns":2.0},{"damage":4.0,"enemies":"Small Slimes","floor":3.0,"turns":3.0},{"damage":0.0,"enemies":"2 Fungi Beasts","floor":4.0,"turns":4.0},{"damage":3.0,"enemies":"3 Louse","floor":5.0,"turns":6.0},{"damage":11.0,"enemies":"Gremlin Nob","floor":7.0,"turns":3.0},{"damage":6.0,"enemies":"Looter","floor":11.0,"turns":4.0},{"damage":16.0,"enemies":"The Mushroom Lair","floor":12.0,"turns":3.0},{"damage":13.0,"enemies":"Large Slime","floor":14.0,"turns":4.0},{"damage":11.0,"enemies":"The Guardian","floor":16.0,"turns":12.0},{"damage":28.0,"enemies":"2 Thieves","floor":18.0,"turns":3.0},{"damage":14.0,"enemies":"Spheric Guardian","floor":19.0,"turns":5.0},{"damage":10.0,"enemies":"Cultist and Chosen","floor":22.0,"turns":5.0},{"damage":39.0,"enemies":"Centurion and Healer","floor":27.0,"turns":16.0},{"damage":8.0,"enemies":"Sentry and Sphere","floor":29.0,"turns":11.0},{"damage":14,"enemies":"Automaton","floor":33,"turns":13},{"damage":6,"enemies":"3 Darklings","floor":35,"turns":15},{"damage":0,"enemies":"3 Shapes","floor":36,"turns":13},{"damage":1,"enemies":"Sphere and 2 Shapes","floor":38,"turns":10},{"damage":50,"enemies":"Jaw Worm Horde","floor":39,"turns":11},{"damage":4,"enemies":"Nemesis","floor":41,"turns":18},{"damage":5,"enemies":"3 Darklings","floor":45,"turns":13},{"damage":0,"enemies":"Maw","floor":48,"turns":10},{"damage":0,"enemies":"Time Eater","floor":50,"turns":32},{"damage":0,"enemies":"Donu and Deca","floor":51,"turns":15}],"seed_played":"-821750691226111692","potions_obtained":[{"floor":2.0,"key":"AttackPotion"},{"floor":3.0,"key":"Strength Potion"},{"floor":4.0,"key":"FocusPotion"},{"floor":7.0,"key":"Dexterity Potion"},{"floor":16.0,"key":"AttackPotion"},{"floor":18.0,"key":"FocusPotion"},{"floor":27.0,"key":"Ancient Potion"},{"floor":35,"key":"Dexterity Potion"}],"is_trial":false,"path_per_floor":["M","M","M","M","M","R","E","R","T","R","M","?","?","M","R","B",null,"M","M","?","$","M","R","?","R","T","M","$","M","?","?","R","B",null,"M","M","?","M","M","R","E","?","T","?","M","?","R","M","R","B","B",null],"character_chosen":"DEFECT","items_purchased":["Membership Card","Calipers","Defragment","Mango"],"campfire_rested":5,"item_purchase_floors":[21,21,21,28],"current_hp_per_floor":[63,61,57,57,54,54,43,43,43,43,37,21,21,8,29,18,58,30,16,16,16,6,27,27,48,48,9,23,15,15,15,40,26,70,64,64,54,53,3,28,24,24,24,24,19,85,85,85,85,85,85],"gold":237,"neow_bonus":"HUNDRED_GOLD","is_prod":false,"is_daily":false,"chose_seed":false,"campfire_upgraded":5,"win_rate":0,"timestamp":1552673876,"path_taken":["M","M","M","M","M","R","E","R","T","R","M","?","?","M","R","BOSS","M","M","?","$","M","R","?","R","T","?","$","M","?","?","R","BOSS","M","M","?","M","M","R","E","?","T","?","M","?","R","M","R","BOSS","BOSS"],"build_version":"2019-01-23","purchased_purges":1,"victory":true,"max_hp_per_floor":[71,71,71,71,71,71,71,71,71,71,71,71,71,71,71,71,71,71,71,71,71,71,71,71,71,71,71,85,85,85,85,85,85,85,85,85,85,85,85,85,85,85,85,85,85,85,85,85,85,85,85],"card_choices":[{"not_picked":["Gash","Beam Cell"],"picked":"Defragment","floor":1.0},{"not_picked":["Turbo","Steam"],"picked":"Rip and Tear","floor":2.0},{"not_picked":["Double Energy","Rebound"],"picked":"Reinforced Body","floor":3.0},{"not_picked":["Compile Driver","Streamline"],"picked":"Hologram","floor":4.0},{"not_picked":["White Noise","Cold Snap"],"picked":"Doom and Gloom","floor":5.0},{"not_picked":["Hologram","Leap"],"picked":"Reinforced Body","floor":7.0},{"not_picked":["Gash","Rebound"],"picked":"Turbo","floor":11.0},{"not_picked":["Storm","Streamline"],"picked":"Capacitor","floor":12.0},{"not_picked":["Redo","Compile Driver"],"picked":"Conserve Battery","floor":14.0},{"not_picked":["Thunder Strike","Fission"],"picked":"Core Surge","floor":16.0},{"not_picked":["Capacitor","Ball Lightning"],"picked":"Turbo","floor":18.0},{"not_picked":["Ball Lightning","Lockon"],"picked":"Coolheaded","floor":19.0},{"not_picked":["Conserve Battery","Darkness","Steam"],"picked":"SKIP","floor":22.0},{"not_picked":["Stack","Reinforced Body"],"picked":"Cold Snap","floor":23.0},{"not_picked":["Undo+1","Rip and Tear"],"picked":"Reinforced Body+1","floor":25.0},{"not_picked":["Skim","Go for the Eyes","Fusion"],"picked":"SKIP","floor":27.0},{"not_picked":["Hello World+1","Streamline","Leap"],"picked":"SKIP","floor":29.0},{"not_picked":["Go for the Eyes","Barrage"],"picked":"BootSequence+1","floor":32.0},{"not_picked":["Echo Form","Fission"],"picked":"Biased Cognition","floor":33},{"not_picked":["Compile Driver","Gash","Beam Cell+1"],"picked":"SKIP","floor":35},{"not_picked":["Leap","Reinforced Body+1"],"picked":"Capacitor","floor":36},{"not_picked":["Dramatic Entrance","Jack Of All Trades"],"picked":"Finesse","floor":37},{"not_picked":["Mind Blast","Enlightenment"],"picked":"Finesse","floor":37},{"not_picked":["Beam Cell","Go for the Eyes","Steam Power+1"],"picked":"SKIP","floor":38},{"not_picked":["Hologram","Ball Lightning"],"picked":"Force Field+1","floor":39},{"not_picked":["Gash","Sunder"],"picked":"Double Energy","floor":41},{"not_picked":["Heatsinks+1","Genetic Algorithm"],"picked":"Capacitor+1","floor":45},{"not_picked":["Barrage","Beam Cell+1","Storm"],"picked":"SKIP","floor":48}],"player_experience":4549357,"relics_obtained":[{"floor":7.0,"key":"Bottled Tornado"},{"floor":9.0,"key":"Dream Catcher"},{"floor":12.0,"key":"Odd Mushroom"},{"floor":41,"key":"War Paint"},{"floor":43,"key":"Oddly Smooth Stone"}],"event_choices":[{"damage_healed":0.0,"max_hp_gain":0.0,"max_hp_loss":0.0,"gold_gain":0.0,"event_name":"Mushrooms","player_choice":"Fought Mushrooms","floor":12.0,"gold_loss":0.0,"damage_taken":0.0},{"damage_healed":0.0,"max_hp_gain":0.0,"max_hp_loss":0.0,"gold_gain":0.0,"event_name":"Scrap Ooze","player_choice":"Fled","floor":13.0,"gold_loss":0.0,"damage_taken":0.0},{"damage_healed":0.0,"max_hp_gain":0.0,"max_hp_loss":0.0,"gold_gain":50.0,"event_name":"Nest","player_choice":"Stole From Cult","floor":20.0,"gold_loss":0.0,"damage_taken":0.0},{"damage_healed":0.0,"max_hp_gain":0.0,"max_hp_loss":0.0,"gold_gain":0.0,"event_name":"FaceTrader","player_choice":"Trade","floor":24.0,"gold_loss":0.0,"damage_taken":0.0,"relics_obtained":["GremlinMask"]},{"cards_removed":["Rip and Tear"],"damage_healed":0.0,"max_hp_gain":0.0,"max_hp_loss":0.0,"gold_gain":0.0,"event_name":"Back to Basics","player_choice":"Elegance","floor":31.0,"gold_loss":0.0,"damage_taken":0.0},{"damage_healed":0,"gold_gain":0,"player_choice":"Memory 3","damage_taken":10,"max_hp_gain":0,"max_hp_loss":0,"event_name":"SensoryStone","floor":37,"gold_loss":0},{"damage_healed":0,"gold_gain":0,"player_choice":"Ignored","damage_taken":0,"max_hp_gain":0,"max_hp_loss":0,"event_name":"Mysterious Sphere","floor":42,"gold_loss":0},{"cards_removed":["Cold Snap"],"damage_healed":0,"gold_gain":0,"player_choice":"Removed Attack","damage_taken":0,"max_hp_gain":0,"max_hp_loss":0,"event_name":"Falling","floor":44,"gold_loss":0},{"damage_healed":66,"gold_gain":0,"player_choice":"Heal","damage_taken":0,"max_hp_gain":0,"max_hp_loss":0,"event_name":"MindBloom","floor":46,"gold_loss":0,"cards_obtained":["Doubt"]}],"is_beta":false,"boss_relics":[{"not_picked":["Velvet Choker","Empty Cage"],"picked":"Pandora\u0027s Box"},{"not_picked":["Runic Dome","Fusion Hammer"],"picked":"FrozenCore"}],"items_purged_floors":[21],"is_endless":false,"potions_floor_spawned":[2,3,4,7,11,16,18,27,35,45,48],"ascension_level":20}