{"gold_per_floor":[110,110,123,134,84,113,113,146,171,171,189,116,116,2,2,100,150,160,180,180,95,20,20,48,48,48,81,81,36,50,66,66,170,170,182,30,430,444,462,462,482,482,506,526,546,546,566,583,583,583],"floor_reached":51,"playtime":6316,"items_purged":["Strike_G","Strike_G"],"score":872,"play_id":"a5592c16-1788-452d-ad16-9c7ce4afc1bf","local_time":"20190418141642","is_ascension_mode":true,"campfire_choices":[{"floor":7.0,"key":"REST"},{"data":"Footwork","floor":10.0,"key":"SMITH"},{"data":"Malaise","floor":13.0,"key":"SMITH"},{"data":"Bouncing Flask","floor":15.0,"key":"SMITH"},{"data":"Neutralize","floor":23.0,"key":"SMITH"},{"data":"Acrobatics","floor":25.0,"key":"SMITH"},{"data":"Burst","floor":28.0,"key":"SMITH"},{"data":"Acrobatics","floor":32.0,"key":"SMITH"},{"data":"Expertise","floor":40.0,"key":"SMITH"},{"data":"Footwork","floor":42.0,"key":"SMITH"},{"data":"Blur","floor":46,"key":"SMITH"},{"data":"Catalyst","floor":49,"key":"SMITH"}],"neow_cost":"NONE","seed_source_timestamp":9329719115817,"circlet_count":0,"master_deck":["Defend_G","Defend_G","Defend_G","Defend_G","Defend_G","Strike_G","Survivor","Neutralize+1","Expertise+1","Backstab","Footwork+1","Caltrops","Dash","Bouncing Flask+1","Escape Plan+1","Malaise+1","Footwork+1","Burst+1","Blur+1","Acrobatics+1","Blur+1","Tactician+1","Calculated Gamble+1","Backflip","Escape Plan","Acrobatics+1","Grand Finale","Quick Slash+1","Acrobatics+1","Prepared+1","Cloak And Dagger+1","Dagger Throw","Deflect+1","Noxious Fumes+1","Catalyst+1"],"special_seed":0,"relics":["Ring of the Snake","Happy Flower","Dream Catcher","Bag of Marbles","Meat on the Bone","Lantern","Tiny House","Orichalcum","Darkstone Periapt","Ancient Tea Set","Centennial Puzzle","HoveringKite","Old Coin","Potion Belt"],"potions_floor_usage":[50,50],"damage_taken":[{"damage":6.0,"enemies":"Jaw Worm","floor":1.0,"turns":6.0},{"damage":1.0,"enemies":"2 Louse","floor":3.0,"turns":4.0},{"damage":9.0,"enemies":"Small Slimes","floor":4.0,"turns":4.0},{"damage":30.0,"enemies":"Gremlin Nob","floor":6.0,"turns":6.0},{"damage":8.0,"enemies":"3 Sentries","floor":8.0,"turns":11.0},{"damage":0.0,"enemies":"Blue Slaver","floor":11.0,"turns":2.0},{"damage":0.0,"enemies":"Hexaghost","floor":16.0,"turns":8.0},{"damage":2.0,"enemies":"Chosen","floor":18.0,"turns":3.0},{"damage":0.0,"enemies":"Shell Parasite","floor":19.0,"turns":8.0},{"damage":9.0,"enemies":"Slavers","floor":24.0,"turns":15.0},{"damage":17.0,"enemies":"Gremlin Leader","floor":27.0,"turns":8.0},{"damage":2.0,"enemies":"Snake Plant","floor":30.0,"turns":5.0},{"damage":2.0,"enemies":"Chosen and Byrds","floor":31.0,"turns":12.0},{"damage":0.0,"enemies":"Automaton","floor":33.0,"turns":18.0},{"damage":11.0,"enemies":"3 Darklings","floor":35.0,"turns":7.0},{"damage":0.0,"enemies":"Mind Bloom Boss Battle","floor":37.0,"turns":6.0},{"damage":0.0,"enemies":"Orb Walker","floor":38.0,"turns":5.0},{"damage":10.0,"enemies":"Transient","floor":39.0,"turns":5.0},{"damage":0.0,"enemies":"Jaw Worm Horde","floor":41.0,"turns":9.0},{"damage":15,"enemies":"3 Darklings","floor":44,"turns":5},{"damage":0,"enemies":"Spire Growth","floor":45,"turns":8},{"damage":0,"enemies":"Maw","floor":47,"turns":13},{"damage":0,"enemies":"Transient","floor":48,"turns":5},{"damage":44,"enemies":"Time Eater","floor":50,"turns":17}],"seed_played":"-8561978131287058378","potions_obtained":[{"floor":4.0,"key":"Fire Potion"},{"floor":8.0,"key":"Energy Potion"},{"floor":16.0,"key":"Weak Potion"},{"floor":17.0,"key":"GamblersBrew"},{"floor":19.0,"key":"Block Potion"},{"floor":24.0,"key":"AttackPotion"},{"floor":30.0,"key":"FearPotion"},{"floor":38.0,"key":"EssenceOfSteel"},{"floor":41.0,"key":"GhostInAJar"},{"floor":47,"key":"Energy Potion"},{"floor":48,"key":"Regen Potion"}],"is_trial":false,"path_per_floor":["M","?","M","M","?","E","R","E","T","R","M","$","R","$","R","B",null,"M","M","?","?","?","R","E","R","T","E","R","$","M","M","R","B",null,"M","$","?","M","M","R","M","R","T","M","M","R","M","M","R","B",null],"character_chosen":"THE_SILENT","items_purchased":["Malaise","Footwork","Backflip","Block Potion"],"campfire_rested":1,"item_purchase_floors":[12,14,29,36],"current_hp_per_floor":[64,57,56,47,47,17,38,30,30,30,42,42,42,42,42,42,75,73,73,59,59,59,59,50,50,50,45,45,45,43,41,41,41,80,69,69,69,69,59,59,59,59,59,44,44,44,44,44,44,27],"gold":583,"neow_bonus":"RANDOM_COMMON_RELIC","is_prod":false,"is_daily":false,"chose_seed":false,"campfire_upgraded":11,"win_rate":0,"timestamp":1555564602,"path_taken":["M","?","M","M","?","E","R","E","T","R","M","$","R","$","R","BOSS","M","M","?","?","?","R","E","R","T","E","R","?","M","M","R","BOSS","M","$","?","M","M","R","M","R","T","M","M","R","M","M","R","BOSS"],"build_version":"2019-01-23","purchased_purges":2,"victory":true,"max_hp_per_floor":[70,70,70,70,70,70,70,70,70,70,70,70,70,70,70,70,75,75,75,80,80,80,80,80,80,80,80,80,80,80,80,80,80,80,80,80,80,80,80,80,80,80,80,80,80,80,80,80,80,80],"card_choices":[{"not_picked":["Quick Slash","Dagger Throw"],"picked":"Expertise","floor":1.0},{"not_picked":["Concentrate","Quick Slash"],"picked":"Backstab","floor":3.0},{"not_picked":["Poisoned Stab","Dagger Spray"],"picked":"Footwork","floor":4.0},{"not_picked":["Slice","Prepared"],"picked":"Caltrops","floor":6.0},{"not_picked":["Deflect","Sucker Punch"],"picked":"Dash","floor":7.0},{"not_picked":["Infinite Blades","Heel Hook"],"picked":"Bouncing Flask","floor":8.0},{"not_picked":["Caltrops","Slice"],"picked":"Escape Plan","floor":11.0},{"not_picked":["Envenom","Malaise"],"picked":"Burst","floor":16.0},{"not_picked":["Acrobatics","Backflip"],"picked":"Blur","floor":17.0},{"not_picked":["Flying Knee","Deadly Poison"],"picked":"Acrobatics","floor":18.0},{"not_picked":["Choke+1","Slice+1"],"picked":"Blur+1","floor":19.0},{"not_picked":["Malaise","Predator"],"picked":"Tactician+1","floor":24.0},{"not_picked":["Infinite Blades","Slice+1"],"picked":"Calculated Gamble+1","floor":27.0},{"not_picked":["Underhanded Strike","Setup"],"picked":"Escape Plan","floor":30.0},{"not_picked":["Flying Knee","Dash"],"picked":"Acrobatics","floor":31.0},{"not_picked":["Burst","Glass Knife"],"picked":"Grand Finale","floor":33.0},{"not_picked":["Quick Slash+1","Leg Sweep+1","Flechettes+1"],"picked":"SKIP","floor":35.0},{"not_picked":["Leg Sweep+1","Flechettes+1"],"picked":"Quick Slash+1","floor":35.0},{"not_picked":["Outmaneuver","Blade Dance"],"picked":"Acrobatics+1","floor":37.0},{"not_picked":["PiercingWail","Underhanded Strike+1","Slice+1"],"picked":"SKIP","floor":38.0},{"not_picked":["Endless Agony","Flying Knee"],"picked":"Prepared+1","floor":39.0},{"not_picked":["Poisoned Stab+1","Dodge and Roll+1"],"picked":"Cloak And Dagger+1","floor":41.0},{"not_picked":["Slice","Deadly Poison"],"picked":"Dagger Throw","floor":44},{"not_picked":["PiercingWail","Setup+1"],"picked":"Deflect+1","floor":45},{"not_picked":["Poisoned Stab+1","Endless Agony+1"],"picked":"Noxious Fumes+1","floor":47},{"not_picked":["Choke","Calculated Gamble+1"],"picked":"Catalyst","floor":48}],"player_experience":618630,"relics_obtained":[{"floor":6.0,"key":"Bag of Marbles"},{"floor":8.0,"key":"Meat on the Bone"},{"floor":9.0,"key":"Lantern"},{"floor":24.0,"key":"Darkstone Periapt"},{"floor":26.0,"key":"Ancient Tea Set"},{"floor":27.0,"key":"Centennial Puzzle"},{"floor":37.0,"key":"Old Coin"},{"floor":43.0,"key":"Potion Belt"}],"event_choices":[{"damage_healed":0.0,"max_hp_gain":0.0,"max_hp_loss":0.0,"gold_gain":0.0,"event_name":"Scrap Ooze","player_choice":"Success","floor":2.0,"gold_loss":0.0,"damage_taken":7.0,"relics_obtained":["Dream Catcher"]},{"cards_removed":["Strike_G"],"damage_healed":0.0,"max_hp_gain":0.0,"max_hp_loss":0.0,"gold_gain":0.0,"event_name":"The Cleric","player_choice":"Card Removal","floor":5.0,"gold_loss":50.0,"damage_taken":0.0},{"damage_healed":0.0,"max_hp_gain":5.0,"max_hp_loss":0.0,"gold_gain":0.0,"event_name":"Forgotten Altar","player_choice":"Shed Blood","floor":20.0,"gold_loss":0.0,"damage_taken":19.0},{"damage_healed":0.0,"max_hp_gain":0.0,"max_hp_loss":0.0,"gold_gain":0.0,"event_name":"Addict","player_choice":"Obtained Relic","floor":21.0,"gold_loss":85.0,"damage_taken":0.0,"relics_obtained":["Orichalcum"]},{"cards_removed":["Strike_G"],"damage_healed":0.0,"max_hp_gain":0.0,"max_hp_loss":0.0,"gold_gain":0.0,"event_name":"Beggar","player_choice":"Gave Gold","floor":22.0,"gold_loss":75.0,"damage_taken":0.0},{"damage_healed":0.0,"max_hp_gain":0.0,"max_hp_loss":0.0,"gold_gain":0.0,"event_name":"MindBloom","player_choice":"Fight","floor":37.0,"gold_loss":0.0,"damage_taken":0.0}],"is_beta":false,"boss_relics":[{"not_picked":["Runic Dome","Velvet Choker"],"picked":"Tiny House"},{"not_picked":["Orrery","Lizard Tail"],"picked":"HoveringKite"}],"items_purged_floors":[14,36],"is_endless":false,"potions_floor_spawned":[4,8,16,19,24,30,38,41,47,48],"ascension_level":2}