{"gold_per_floor":[109,122,140,150,163,163,192,192,192,192,209,209,227,244,244,342,342,354,354,366,384,398,429,429,454,478,507,525,551,569,53,53,150,150,167,167,182,34,48,106,106,453,453,453,2,2,34,34,34,34,34,34,34,66,66],"floor_reached":56,"playtime":4915,"items_purged":["Neutralize","Calculated Gamble","Doubt"],"score":1491,"play_id":"50246c36-9063-4cf5-909b-cead9756708b","local_time":"20190416041937","is_ascension_mode":true,"campfire_choices":[{"data":"Backflip","floor":6,"key":"SMITH"},{"floor":10,"key":"REST"},{"floor":15,"key":"RECALL"},{"floor":24,"key":"REST"},{"floor":32,"key":"REST"},{"data":"Bullet Time","floor":41,"key":"SMITH"},{"data":"Burst","floor":49,"key":"SMITH"},{"data":"Dodge and Roll","floor":52,"key":"SMITH"}],"neow_cost":"NONE","seed_source_timestamp":347878837087400,"circlet_count":0,"master_deck":["Defend_G","Defend_G","Defend_G","Defend_G","Defend_G","Survivor","Dodge and Roll+1","Backflip+1","PiercingWail","Backstab","Bullet Time+1","Footwork+1","PiercingWail","Die Die Die","Phantasmal Killer+1","Crippling Poison+1","Dash+1","Cloak And Dagger+1","Deflect","Poisoned Stab","Burst+1","PiercingWail+1","Accuracy+1","Cloak And Dagger+1","Skewer+1","Poisoned Stab+1","Infinite Blades+1","PiercingWail","Unload+1","Distraction+1","Poisoned Stab+1","Prepared+1","Crippling Poison+1","Footwork+1","Swift Strike+1","Accuracy+1","Well Laid Plans+1"],"relics":["Ring of the Snake","Dead Branch","Frozen Egg 2","Astrolabe","Strawberry","Incense Burner","Molten Egg 2","Bird Faced Urn","Sling","Coffee Dripper","Tiny Chest","Old Coin","Bronze Scales","DollysMirror","Gremlin Horn","Kunai","Bag of Marbles"],"potions_floor_usage":[7,7,16,16,16,23,27,29,29,30,30,33,39,42,50,54,55],"damage_taken":[{"damage":0,"enemies":"Cultist","floor":1,"turns":4},{"damage":0,"enemies":"Jaw Worm","floor":2,"turns":7},{"damage":1,"enemies":"2 Louse","floor":3,"turns":4},{"damage":13,"enemies":"Exordium Wildlife","floor":4,"turns":6},{"damage":5,"enemies":"3 Louse","floor":5,"turns":6},{"damage":32,"enemies":"3 Sentries","floor":7,"turns":12},{"damage":0,"enemies":"Lots of Slimes","floor":11,"turns":5},{"damage":0,"enemies":"2 Fungi Beasts","floor":13,"turns":5},{"damage":0,"enemies":"Blue Slaver","floor":14,"turns":3},{"damage":62,"enemies":"Slime Boss","floor":16,"turns":18},{"damage":0,"enemies":"Chosen","floor":18,"turns":5},{"damage":0,"enemies":"Spheric Guardian","floor":20,"turns":6},{"damage":7,"enemies":"Snake Plant","floor":21,"turns":4},{"damage":23,"enemies":"Centurion and Healer","floor":22,"turns":10},{"damage":25,"enemies":"Book of Stabbing","floor":23,"turns":6},{"damage":6,"enemies":"Gremlin Leader","floor":25,"turns":7},{"damage":12,"enemies":"Book of Stabbing","floor":27,"turns":7},{"damage":2,"enemies":"Cultist and Chosen","floor":28,"turns":7},{"damage":6,"enemies":"Slavers","floor":29,"turns":8},{"damage":2,"enemies":"Sentry and Sphere","floor":30,"turns":8},{"damage":20,"enemies":"Collector","floor":33,"turns":9},{"damage":0,"enemies":"3 Darklings","floor":35,"turns":5},{"damage":11,"enemies":"Orb Walker","floor":37,"turns":4},{"damage":24,"enemies":"Sphere and 2 Shapes","floor":39,"turns":3},{"damage":0,"enemies":"Reptomancer","floor":40,"turns":6},{"damage":48,"enemies":"2 Orb Walkers","floor":42,"turns":7},{"damage":0,"enemies":"Nemesis","floor":47,"turns":7},{"damage":8,"enemies":"Donu and Deca","floor":50,"turns":8},{"damage":72,"enemies":"Shield and Spear","floor":54,"turns":8},{"damage":8,"enemies":"The Heart","floor":55,"turns":10}],"seed_played":"3772671610466230372","potions_obtained":[{"floor":1,"key":"Energy Potion"},{"floor":4,"key":"LiquidBronze"},{"floor":7,"key":"Regen Potion"},{"floor":13,"key":"AttackPotion"},{"floor":14,"key":"EssenceOfSteel"},{"floor":20,"key":"LiquidBronze"},{"floor":25,"key":"Poison Potion"},{"floor":27,"key":"EntropicBrew"},{"floor":29,"key":"Explosive Potion"},{"floor":33,"key":"GamblersBrew"},{"floor":35,"key":"GamblersBrew"},{"floor":37,"key":"FearPotion"},{"floor":40,"key":"SteroidPotion"}],"is_trial":false,"path_per_floor":["M","M","M","M","M","R","E","?","T","R","M","?","M","M","R","B",null,"M","?","M","M","M","E","R","E","T","E","M","E","M","$","R","B",null,"M","?","M","$","M","E","R","?","T","?","$","?","E","T","R","B",null,"R","$","E","B",null],"character_chosen":"THE_SILENT","items_purchased":["Infinite Blades+1","PiercingWail","Unload+1","Sling","Poisoned Stab+1","DollysMirror","Footwork+1","Swift Potion"],"campfire_rested":3,"item_purchase_floors":[31,31,31,31,38,45,45,45],"current_hp_per_floor":[77,77,76,63,58,58,26,51,51,74,74,74,74,74,74,27,77,77,77,77,70,47,29,54,48,48,36,34,28,28,28,53,41,84,84,80,71,71,51,61,61,23,23,80,80,80,80,80,80,76,80,80,80,16,28],"gold":66,"neow_bonus":"TEN_PERCENT_HP_BONUS","is_prod":false,"is_daily":false,"chose_seed":false,"campfire_upgraded":4,"win_rate":0,"timestamp":1555413577,"path_taken":["M","?","M","M","M","R","E","?","T","R","M","?","?","M","R","BOSS","M","?","?","?","M","E","R","E","T","E","M","E","M","$","R","BOSS","M","?","M","$","M","E","R","?","T","?","$","?","E","?","R","BOSS","R","$","E","BOSS"],"build_version":"2019-01-23","purchased_purges":3,"victory":true,"max_hp_per_floor":[77,77,77,77,77,77,77,77,77,77,77,77,77,77,77,77,77,77,77,77,77,77,84,84,84,84,84,84,84,84,84,84,84,84,84,80,80,80,80,80,80,80,80,80,80,80,80,80,80,80,80,80,80,80,80],"card_choices":[{"not_picked":["Concentrate","Slice"],"picked":"Dodge and Roll","floor":1},{"not_picked":["PiercingWail","Blade Dance"],"picked":"Backflip","floor":2},{"not_picked":["Tactician","Setup","Distraction"],"picked":"SKIP","floor":3},{"not_picked":["Quick Slash","Poisoned Stab"],"picked":"PiercingWail","floor":4},{"not_picked":["Dodge and Roll","Phantasmal Killer"],"picked":"Backstab","floor":5},{"not_picked":["Poisoned Stab","Blur"],"picked":"Bullet Time","floor":7},{"not_picked":["Slice","Sucker Punch"],"picked":"Footwork+1","floor":11},{"not_picked":["Riddle With Holes","All Out Attack"],"picked":"Calculated Gamble","floor":13},{"not_picked":["Blur","Outmaneuver"],"picked":"PiercingWail","floor":14},{"not_picked":["Venomology","Night Terror"],"picked":"Die Die Die","floor":16},{"not_picked":["Dodge and Roll","Acrobatics"],"picked":"Cloak And Dagger+1","floor":18},{"not_picked":["Blade Dance","Quick Slash"],"picked":"Poisoned Stab","floor":20},{"not_picked":["Sucker Punch+1","Bane"],"picked":"Burst","floor":21},{"not_picked":["Heel Hook","Choke"],"picked":"PiercingWail+1","floor":22},{"not_picked":["Deflect","Sucker Punch+1"],"picked":"Accuracy+1","floor":23},{"not_picked":["Deadly Poison","Finisher"],"picked":"Cloak And Dagger+1","floor":25},{"not_picked":["Dagger Spray","Flying Knee"],"picked":"Skewer+1","floor":27},{"not_picked":["Deadly Poison","Quick Slash+1"],"picked":"Poisoned Stab+1","floor":28},{"not_picked":["Flying Knee+1","Distraction","Prepared"],"picked":"SKIP","floor":29},{"not_picked":["Leg Sweep","Quick Slash+1","Terror"],"picked":"SKIP","floor":30},{"not_picked":["Finisher+1","Sucker Punch+1","Masterful Stab+1"],"picked":"SKIP","floor":35},{"not_picked":["Backflip+1","Cloak And Dagger"],"picked":"Distraction+1","floor":37},{"not_picked":["Flechettes+1","Caltrops+1","Escape Plan"],"picked":"SKIP","floor":39},{"not_picked":["Dagger Throw+1","Terror","Setup+1"],"picked":"SKIP","floor":40},{"not_picked":["Escape Plan","Masterful Stab+1"],"picked":"Prepared+1","floor":42},{"not_picked":["Purity","Transmutation"],"picked":"Swift Strike+1","floor":46},{"not_picked":["Bouncing Flask","Underhanded Strike+1"],"picked":"Accuracy+1","floor":47},{"not_picked":["Poisoned Stab+1","Tactician"],"picked":"Well Laid Plans+1","floor":54}],"player_experience":126295,"relics_obtained":[{"floor":7,"key":"Dead Branch"},{"floor":9,"key":"Frozen Egg 2"},{"floor":23,"key":"Strawberry"},{"floor":25,"key":"Incense Burner"},{"floor":27,"key":"Molten Egg 2"},{"floor":29,"key":"Bird Faced Urn"},{"floor":40,"key":"Tiny Chest"},{"floor":42,"key":"Old Coin"},{"floor":43,"key":"Bronze Scales"},{"floor":47,"key":"Gremlin Horn"},{"floor":48,"key":"Kunai"},{"floor":54,"key":"Bag of Marbles"}],"event_choices":[{"damage_healed":25,"gold_gain":0,"player_choice":"Banana","damage_taken":0,"max_hp_gain":0,"max_hp_loss":0,"event_name":"Big Fish","floor":8,"gold_loss":0},{"cards_removed":["Strike_G"],"damage_healed":0,"gold_gain":0,"player_choice":"Forget","damage_taken":0,"max_hp_gain":0,"max_hp_loss":0,"event_name":"Living Wall","floor":12,"gold_loss":0},{"damage_healed":0,"gold_gain":0,"cards_transformed":["Strike_G"],"player_choice":"Transformed","damage_taken":0,"max_hp_gain":0,"max_hp_loss":0,"event_name":"Transmorgrifier","floor":19,"gold_loss":0,"cards_obtained":["Deflect"]},{"damage_healed":0,"gold_gain":0,"player_choice":"Max HP","damage_taken":0,"max_hp_gain":0,"max_hp_loss":4,"event_name":"Winding Halls","floor":36,"gold_loss":0},{"damage_healed":0,"gold_gain":0,"player_choice":"Fight","damage_taken":0,"max_hp_gain":0,"max_hp_loss":0,"event_name":"Mysterious Sphere","floor":42,"gold_loss":0},{"damage_healed":57,"gold_gain":0,"player_choice":"Heal","damage_taken":0,"max_hp_gain":0,"max_hp_loss":0,"event_name":"MindBloom","floor":44,"gold_loss":0,"cards_obtained":["Doubt"]},{"damage_healed":0,"gold_gain":0,"player_choice":"Memory 1","damage_taken":0,"max_hp_gain":0,"max_hp_loss":0,"event_name":"SensoryStone","floor":46,"gold_loss":0}],"is_beta":false,"boss_relics":[{"not_picked":["Calling Bell","Runic Dome"],"picked":"Astrolabe"},{"not_picked":["Pandora\u0027s Box","Eternal Feather"],"picked":"Coffee Dripper"}],"items_purged_floors":[31,38,45],"is_endless":false,"potions_floor_spawned":[1,4,7,13,14,20,25,27,29,33,35,37,40],"ascension_level":3}