{"gold_per_floor":[112,129,141,161,161,196,215,215,215,24,24,24,57,69,69,169,169,181,181,181,197,197,197,231,249,276,178,0,16,32,44,44,140,140,160,160,177,188,198,198],"floor_reached":40,"playtime":5496,"items_purged":["Heatsinks"],"score":472,"play_id":"3f1ce6fa-7ec3-468b-9292-175539b0e424","local_time":"20190404150705","is_ascension_mode":false,"campfire_choices":[{"floor":8,"key":"REST"},{"floor":11,"key":"REST"},{"data":"Good Instincts","floor":15,"key":"SMITH"},{"data":"RitualDagger","floor":23,"key":"SMITH"},{"data":"Fusion","floor":32,"key":"SMITH"}],"neow_cost":"NONE","seed_source_timestamp":14495410167644,"circlet_count":0,"master_deck":["Strike_B","Strike_B","Strike_B","Strike_B","Defend_B","Defend_B","Defend_B","Defend_B","Zap","Dualcast","Amplify","Hologram","Leap","Steam","Conserve Battery","Go for the Eyes","Self Repair","Good Instincts+1","Go for the Eyes","Ball Lightning","Self Repair","Seek","Conserve Battery","Coolheaded","Streamline","Go for the Eyes","Hologram","Cold Snap","RitualDagger+1","Fusion+1","Hologram","Hologram+1","Conserve Battery","Hologram","Turbo","Gash","All For One","Auto Shields+1","Madness","Madness","Reinforced Body+1","Genetic Algorithm+1","Electrodynamics"],"relics":["Cracked Core","Smiling Mask","Omamori","Oddly Smooth Stone","Orrery","Nunchaku","Question Card","Mercury Hourglass","Potion Belt","Fusion Hammer"],"potions_floor_usage":[6,16,31,33,33,33,39,40],"damage_taken":[{"damage":1,"enemies":"Jaw Worm","floor":1,"turns":3},{"damage":0,"enemies":"Cultist","floor":2,"turns":3},{"damage":5,"enemies":"Small Slimes","floor":3,"turns":3},{"damage":4,"enemies":"Blue Slaver","floor":4,"turns":5},{"damage":32,"enemies":"Gremlin Nob","floor":6,"turns":5},{"damage":4,"enemies":"Large Slime","floor":7,"turns":6},{"damage":22,"enemies":"3 Sentries","floor":13,"turns":11},{"damage":10,"enemies":"Exordium Wildlife","floor":14,"turns":5},{"damage":29,"enemies":"Hexaghost","floor":16,"turns":15},{"damage":18,"enemies":"3 Byrds","floor":18,"turns":7},{"damage":0,"enemies":"Chosen","floor":21,"turns":4},{"damage":40,"enemies":"Book of Stabbing","floor":24,"turns":9},{"damage":21,"enemies":"3 Cultists","floor":25,"turns":6},{"damage":21,"enemies":"Snecko","floor":29,"turns":7},{"damage":4,"enemies":"Snake Plant","floor":30,"turns":5},{"damage":3,"enemies":"Centurion and Healer","floor":31,"turns":11},{"damage":11,"enemies":"Champ","floor":33,"turns":17},{"damage":5,"enemies":"3 Shapes","floor":35,"turns":4},{"damage":6,"enemies":"Orb Walker","floor":37,"turns":4},{"damage":43,"enemies":"Transient","floor":38,"turns":5},{"damage":14,"enemies":"4 Shapes","floor":39,"turns":7},{"damage":48,"enemies":"Writhing Mass","floor":40,"turns":5}],"seed_played":"-4791551003924170420","potions_obtained":[{"floor":2,"key":"Weak Potion"},{"floor":4,"key":"Poison Potion"},{"floor":13,"key":"FearPotion"},{"floor":21,"key":"Strength Potion"},{"floor":29,"key":"AttackPotion"},{"floor":30,"key":"Fire Potion"},{"floor":33,"key":"Dexterity Potion"},{"floor":37,"key":"Regen Potion"},{"floor":39,"key":"AttackPotion"}],"is_trial":false,"path_per_floor":["?","$","?","T","?","$","?","M","?"],"character_chosen":"DEFECT","items_purchased":["Self Repair","Good Instincts","Go for the Eyes","Conserve Battery"],"campfire_rested":2,"item_purchase_floors":[10,10,10,27],"current_hp_per_floor":[74,74,69,65,58,26,22,44,44,44,66,66,51,48,48,33,75,71,65,65,72,72,72,46,32,32,32,32,25,35,46,46,49,75,75,66,60,24,39,0],"gold":198,"neow_bonus":"ONE_RANDOM_RARE_CARD","is_prod":false,"is_daily":false,"chose_seed":false,"campfire_upgraded":3,"win_rate":0.0,"timestamp":1554383225,"path_taken":["M","M","M","M","?","E","M","R","T","$","R","?","E","M","R","BOSS","M","?","?","M","?","R","E","M","T","?","?","?","M","M","R","BOSS","M","?","M","M","M","M"],"build_version":"2019-01-23","purchased_purges":1,"victory":false,"max_hp_per_floor":[75,75,75,75,75,75,75,75,75,75,75,75,75,75,75,75,75,75,75,75,75,75,75,75,75,75,75,75,75,75,75,75,75,75,75,75,75,75,75,75],"card_choices":[{"not_picked":["Sweeping Beam","Compile Driver"],"picked":"Hologram","floor":1},{"not_picked":["Barrage","Coolheaded"],"picked":"Heatsinks","floor":2},{"not_picked":["Undo","Reinforced Body"],"picked":"Leap","floor":3},{"not_picked":["Compile Driver","Force Field"],"picked":"Steam","floor":4},{"not_picked":["Rebound","Creative AI"],"picked":"Conserve Battery","floor":6},{"not_picked":["Rebound","Stack"],"picked":"Go for the Eyes","floor":7},{"not_picked":["Creative AI","Rip and Tear"],"picked":"Ball Lightning","floor":13},{"not_picked":["Heatsinks","Streamline"],"picked":"Self Repair","floor":14},{"not_picked":["Amplify","Meteor Strike"],"picked":"Seek","floor":16},{"not_picked":["Doom and Gloom","Turbo"],"picked":"Conserve Battery","floor":17},{"not_picked":["Aggregate","Conserve Battery"],"picked":"Coolheaded","floor":17},{"not_picked":["Doom and Gloom","Gash"],"picked":"Streamline","floor":17},{"not_picked":["Gash","Beam Cell"],"picked":"Go for the Eyes","floor":17},{"not_picked":["Meteor Strike","Loop"],"picked":"Hologram","floor":17},{"not_picked":["Reprogram","Coolheaded"],"picked":"Cold Snap","floor":18},{"not_picked":["Lockon","Undo"],"picked":"Fusion","floor":21},{"not_picked":["Streamline+1","Barrage+1","Gash+1"],"picked":"Hologram","floor":24},{"not_picked":["Compile Driver","Ball Lightning","Redo"],"picked":"Hologram+1","floor":25},{"not_picked":["Rip and Tear","Rebound","Conserve Battery"],"picked":"Hologram","floor":29},{"not_picked":["Go for the Eyes","Barrage","Scrape"],"picked":"Turbo","floor":30},{"not_picked":["Capacitor","Scrape","Rainbow"],"picked":"Gash","floor":31},{"not_picked":["Creative AI","Rainbow","Machine Learning"],"picked":"All For One","floor":33},{"not_picked":["Coolheaded","Stack+1","Hologram+1"],"picked":"Auto Shields+1","floor":35},{"not_picked":["Gash","Ball Lightning","Consume+1"],"picked":"Reinforced Body+1","floor":37},{"not_picked":["Gash","Ball Lightning+1","Compile Driver"],"picked":"Genetic Algorithm+1","floor":38},{"not_picked":["Rebound+1","Barrage+1","Melter"],"picked":"Electrodynamics","floor":39}],"player_experience":25517,"relics_obtained":[{"floor":6,"key":"Smiling Mask"},{"floor":9,"key":"Omamori"},{"floor":13,"key":"Oddly Smooth Stone"},{"floor":20,"key":"Nunchaku"},{"floor":24,"key":"Mercury Hourglass"},{"floor":26,"key":"Potion Belt"}],"event_choices":[{"damage_healed":0,"gold_gain":0,"player_choice":"Damaged","damage_taken":7,"max_hp_gain":0,"max_hp_loss":0,"event_name":"Wheel of Change","floor":5,"gold_loss":0},{"damage_healed":0,"gold_gain":0,"player_choice":"Joined the Cult","damage_taken":6,"max_hp_gain":0,"max_hp_loss":0,"event_name":"Nest","floor":19,"gold_loss":0,"cards_obtained":["RitualDagger"]},{"damage_healed":0,"gold_gain":0,"player_choice":"Opened","damage_taken":0,"relics_obtained":["Question Card"],"max_hp_gain":0,"max_hp_loss":0,"event_name":"The Mausoleum","floor":22,"gold_loss":0},{"damage_healed":0,"gold_gain":0,"player_choice":"Paid Fearfully","damage_taken":0,"max_hp_gain":0,"max_hp_loss":0,"event_name":"Masked Bandits","floor":28,"gold_loss":178},{"damage_healed":0,"gold_gain":0,"player_choice":"Embrace Madness","damage_taken":9,"max_hp_gain":0,"max_hp_loss":0,"event_name":"Winding Halls","floor":36,"gold_loss":0,"cards_obtained":["Madness","Madness"]}],"is_beta":false,"boss_relics":[{"not_picked":["Ectoplasm","Runic Dome"],"picked":"Orrery"},{"not_picked":["Nuclear Battery","White Beast Statue"],"picked":"Fusion Hammer"}],"items_purged_floors":[27],"is_endless":false,"potions_floor_spawned":[2,4,13,21,29,30,33,37,39],"killed_by":"Writhing Mass","ascension_level":0}