{"gold_per_floor":[118,118,135,146,165,165,194,194,194,211,222,222,232,56,56,156,156,171,171,181,0,16,45,45,55,80,201,220,230,230],"floor_reached":30,"playtime":1570,"items_purged":["Strike_B","Strike_B"],"score":258,"play_id":"ce63f409-1750-4942-a89f-83e1f76523a7","local_time":"20190227233025","is_ascension_mode":false,"campfire_choices":[{"data":"Hello World","floor":6,"key":"SMITH"},{"data":"Chill","floor":8,"key":"SMITH"},{"data":"Loop","floor":15,"key":"SMITH"},{"floor":24,"key":"REST"}],"neow_cost":"NONE","seed_source_timestamp":381689947901500,"circlet_count":0,"master_deck":["Strike_B","Strike_B","Defend_B","Defend_B","Defend_B","Defend_B","Zap","Dualcast+1","Chill+1","Fusion","Coolheaded","Hello World+1","Darkness","Hologram","Loop+1","Steam","Echo Form","Heatsinks","Defragment","Static Discharge+1","All For One","Leap","Darkness+1","Storm+1"],"relics":["Cracked Core","infinitespire:Golems Mask","infinitespire:Freezer","Nuclear Battery","Happy Flower","Anchor"],"potions_floor_usage":[7,16,16,22,23,27,29],"damage_taken":[{"damage":1,"enemies":"Cultist","floor":1,"turns":3},{"damage":0,"enemies":"Small Slimes","floor":3,"turns":3},{"damage":1,"enemies":"2 Louse","floor":4,"turns":4},{"damage":5,"enemies":"Looter","floor":5,"turns":3},{"damage":7,"enemies":"3 Sentries","floor":7,"turns":11},{"damage":11,"enemies":"Exordium Wildlife","floor":10,"turns":3},{"damage":3,"enemies":"2 Fungi Beasts","floor":11,"turns":2},{"damage":9,"enemies":"Exordium Thugs","floor":13,"turns":4},{"damage":26,"enemies":"Hexaghost","floor":16,"turns":10},{"damage":5,"enemies":"3 Byrds","floor":18,"turns":4},{"damage":8,"enemies":"2 Thieves","floor":20,"turns":5},{"damage":3,"enemies":"Snake Plant","floor":22,"turns":4},{"damage":37,"enemies":"Book of Stabbing","floor":23,"turns":6},{"damage":12,"enemies":"Snecko","floor":25,"turns":6},{"damage":0,"enemies":"Centurion and Healer","floor":27,"turns":13},{"damage":7,"enemies":"Snake Plant","floor":28,"turns":4},{"damage":10,"enemies":"Snecko","floor":29,"turns":4},{"damage":36,"enemies":"Masked Bandits","floor":30,"turns":3}],"seed_played":"7899731452914157401","potions_obtained":[{"floor":1,"key":"Ancient Potion"},{"floor":5,"key":"EssenceOfSteel"},{"floor":11,"key":"Block Potion"},{"floor":13,"key":"Poison Potion"},{"floor":20,"key":"Poison Potion"},{"floor":22,"key":"Strength Potion"},{"floor":23,"key":"SkillPotion"},{"floor":27,"key":"Regen Potion"}],"is_trial":false,"path_per_floor":["M","?","M","M","M","R","E","R","T","M","M","?","M","$","R","B",null,"M","?","M","$","M","E","R","M","T","M","M","M","?"],"character_chosen":"DEFECT","items_purchased":["Loop","Steam","Defragment"],"campfire_rested":1,"item_purchase_floors":[14,14,21],"current_hp_per_floor":[81,81,81,80,75,75,68,68,68,57,54,54,45,45,45,19,82,77,77,69,69,66,29,53,41,41,41,34,24,0],"gold":230,"neow_bonus":"TEN_PERCENT_HP_BONUS","is_prod":false,"is_daily":false,"chose_seed":false,"campfire_upgraded":3,"win_rate":0,"timestamp":1551339025,"path_taken":["M","?","M","?","M","R","E","R","T","?","M","?","?","$","R","BOSS","M","?","M","$","M","E","R","M","T","?","M","M","?"],"build_version":"2019-01-23","purchased_purges":2,"victory":false,"max_hp_per_floor":[82,82,82,82,82,82,82,82,82,82,82,82,82,82,82,82,82,82,82,82,82,82,82,82,82,82,82,82,82,82],"card_choices":[{"not_picked":["Leap","Stack"],"picked":"Chill","floor":1},{"not_picked":["Blizzard","Sweeping Beam"],"picked":"Fusion","floor":3},{"not_picked":["Gash","Ball Lightning"],"picked":"Coolheaded","floor":4},{"not_picked":["Ball Lightning","Steam Power"],"picked":"Hello World","floor":5},{"not_picked":["Leap","Go for the Eyes"],"picked":"Hyperbeam","floor":7},{"not_picked":["Scrape","Ball Lightning"],"picked":"Darkness","floor":10},{"not_picked":["Go for the Eyes","Stack","Barrage"],"picked":"SKIP","floor":11},{"not_picked":["Tempest","Go for the Eyes"],"picked":"Hologram","floor":13},{"not_picked":["Amplify","Thunder Strike"],"picked":"Echo Form","floor":16},{"not_picked":["Rip and Tear","Cold Snap","Stack"],"picked":"SKIP","floor":18},{"not_picked":["Reprogram","Steam"],"picked":"Heatsinks","floor":20},{"not_picked":["Barrage+1","Sweeping Beam"],"picked":"Static Discharge+1","floor":22},{"not_picked":["Sweeping Beam","Reinforced Body","Go for the Eyes"],"picked":"SKIP","floor":23},{"not_picked":["Ball Lightning+1","Stack"],"picked":"All For One","floor":25},{"not_picked":["Cold Snap+1","Beam Cell+1"],"picked":"Leap","floor":27},{"not_picked":["Chaos","Beam Cell"],"picked":"Darkness+1","floor":28},{"not_picked":["Coolheaded","Tempest+1"],"picked":"Storm+1","floor":29}],"player_experience":89430,"relics_obtained":[{"floor":7,"key":"infinitespire:Golems Mask"},{"floor":12,"key":"infinitespire:Freezer"},{"floor":23,"key":"Happy Flower"},{"floor":26,"key":"Anchor"}],"event_choices":[{"damage_healed":0,"gold_gain":0,"player_choice":"Upgraded","damage_taken":0,"max_hp_gain":0,"max_hp_loss":0,"event_name":"Upgrade Shrine","floor":2,"gold_loss":0,"cards_upgraded":["Dualcast"]},{"damage_healed":0,"gold_gain":0,"player_choice":"Relic","damage_taken":0,"max_hp_gain":0,"max_hp_loss":0,"event_name":"Wheel of Change","floor":12,"gold_loss":0},{"cards_removed":["Hyperbeam"],"damage_healed":0,"gold_gain":0,"player_choice":"Purged","damage_taken":0,"max_hp_gain":0,"max_hp_loss":0,"event_name":"Purifier","floor":19,"gold_loss":0},{"damage_healed":0,"gold_gain":0,"player_choice":"Fought Bandits","damage_taken":0,"max_hp_gain":0,"max_hp_loss":0,"event_name":"Masked Bandits","floor":30,"gold_loss":0}],"is_beta":false,"boss_relics":[{"not_picked":["Tiny House","Sozu"],"picked":"Nuclear Battery"}],"items_purged_floors":[14,21],"is_endless":false,"potions_floor_spawned":[1,5,11,13,20,22,23,27],"killed_by":"Masked Bandits","ascension_level":0}