{"gold_per_floor":[112,70,145,145,145,175,175,203,229,257,274,293,325,336,336,415,415,393,403,196,212,230,261,261,290,290,302,328,328],"floor_reached":29,"playtime":1554,"items_purged":[],"score":672,"play_id":"45983a71-8424-4ea6-b682-0cdcaeba52f7","local_time":"20190401051210","is_ascension_mode":true,"campfire_choices":[{"data":"Dualcast","floor":7,"key":"SMITH"},{"floor":15,"key":"REST"},{"floor":24,"key":"REST"}],"neow_cost":"NONE","seed_source_timestamp":68385969844962,"circlet_count":0,"master_deck":["AscendersBane","Strike_B","Strike_B","Strike_B","Defend_B","Defend_B","Defend_B","Defend_B","Zap+1","Dualcast+1","Leap","Capacitor","Coolheaded","Ball Lightning","Ball Lightning","Chill","Genetic Algorithm","Coolheaded","Conserve Battery","Echo Form","Hologram+1","Consume","Panache","Defragment","Defragment","Steam Power","Clumsy","Glacier"],"relics":["Cracked Core","NeowsBlessing","Lantern","Potion Belt","Ancient Tea Set","Bronze Scales","Turnip","Cursed Key","Anchor","Art of War","The Courier","Pen Nib"],"potions_floor_usage":[10,10,13,16,22,28],"damage_taken":[{"damage":0,"enemies":"2 Louse","floor":1,"turns":1},{"damage":0,"enemies":"Lagavulin","floor":6,"turns":1},{"damage":0,"enemies":"Gremlin Nob","floor":8,"turns":1},{"damage":16,"enemies":"3 Sentries","floor":10,"turns":7},{"damage":0,"enemies":"Small Slimes","floor":11,"turns":3},{"damage":3,"enemies":"Jaw Worm","floor":12,"turns":2},{"damage":16,"enemies":"Gremlin Nob","floor":13,"turns":3},{"damage":3,"enemies":"Red Slaver","floor":14,"turns":4},{"damage":15,"enemies":"Hexaghost","floor":16,"turns":9},{"damage":4,"enemies":"2 Thieves","floor":18,"turns":4},{"damage":19,"enemies":"Chosen","floor":19,"turns":5},{"damage":0,"enemies":"Snecko","floor":21,"turns":4},{"damage":4,"enemies":"Chosen and Byrds","floor":22,"turns":7},{"damage":53,"enemies":"Slavers","floor":23,"turns":5},{"damage":5,"enemies":"Book of Stabbing","floor":25,"turns":6},{"damage":4,"enemies":"Shelled Parasite and Fungi","floor":27,"turns":5},{"damage":2,"enemies":"Gremlin Leader","floor":28,"turns":7},{"damage":0,"enemies":"Colosseum Slavers","floor":29,"turns":6},{"damage":36,"enemies":"Colosseum Nobs","floor":29,"turns":3}],"seed_played":"5847665492302088113","potions_obtained":[{"floor":1,"key":"Dexterity Potion"},{"floor":8,"key":"Swift Potion"},{"floor":11,"key":"Strength Potion"},{"floor":13,"key":"PowerPotion"},{"floor":19,"key":"Explosive Potion"},{"floor":22,"key":"FairyPotion"},{"floor":23,"key":"Ancient Potion"}],"is_trial":false,"path_per_floor":["M","$","?","?","?","E","R","E","T","E","M","M","E","M","R","B",null,"M","M","$","M","M","E","R","E","T","M","E","?"],"character_chosen":"DEFECT","items_purchased":["Capacitor","Panache"],"campfire_rested":2,"item_purchase_floors":[2,20],"current_hp_per_floor":[64,64,53,53,53,53,53,53,53,37,37,34,18,15,36,21,59,55,36,36,36,32,1,22,17,17,13,11,0],"gold":328,"neow_bonus":"THREE_ENEMY_KILL","is_prod":false,"is_daily":false,"chose_seed":false,"campfire_upgraded":1,"win_rate":0,"timestamp":1554063130,"path_taken":["M","$","?","?","?","E","R","E","T","E","?","M","E","M","R","BOSS","M","M","$","M","M","E","R","E","T","M","E","?"],"build_version":"2019-01-23","purchased_purges":0,"victory":false,"max_hp_per_floor":[71,71,71,71,71,71,71,71,71,71,71,71,71,71,71,71,71,71,71,71,71,71,71,71,71,71,71,71,71],"card_choices":[{"not_picked":["Turbo","Melter"],"picked":"Leap","floor":1},{"not_picked":["Amplify","Turbo"],"picked":"Coolheaded","floor":6},{"not_picked":["Reprogram","Force Field"],"picked":"Ball Lightning","floor":8},{"not_picked":["Heatsinks","Sweeping Beam"],"picked":"Ball Lightning","floor":10},{"not_picked":["Melter","Barrage"],"picked":"Chill","floor":11},{"not_picked":["Stack","Ball Lightning"],"picked":"Genetic Algorithm","floor":12},{"not_picked":["Recycle","Redo"],"picked":"Coolheaded","floor":13},{"not_picked":["Sweeping Beam","Beam Cell"],"picked":"Conserve Battery","floor":14},{"not_picked":["Amplify","Hyperbeam"],"picked":"Echo Form","floor":16},{"not_picked":["Steam","Conserve Battery"],"picked":"Hologram+1","floor":18},{"not_picked":["Coolheaded","Beam Cell"],"picked":"Consume","floor":19},{"not_picked":["Ball Lightning","Reprogram"],"picked":"Defragment","floor":21},{"not_picked":["Beam Cell","Doom and Gloom+1"],"picked":"Defragment","floor":22},{"not_picked":["Stack","Leap"],"picked":"Steam Power","floor":23},{"not_picked":["Turbo","Rebound","Gash"],"picked":"SKIP","floor":25},{"not_picked":["Barrage","FTL"],"picked":"Glacier","floor":27},{"not_picked":["Chaos","Static Discharge+1","Rainbow"],"picked":"SKIP","floor":28}],"player_experience":434652,"relics_obtained":[{"floor":6,"key":"Lantern"},{"floor":8,"key":"Potion Belt"},{"floor":9,"key":"Ancient Tea Set"},{"floor":10,"key":"Bronze Scales"},{"floor":13,"key":"Turnip"},{"floor":23,"key":"Anchor"},{"floor":25,"key":"Art of War"},{"floor":26,"key":"The Courier"},{"floor":28,"key":"Pen Nib"}],"event_choices":[{"damage_healed":0,"gold_gain":75,"player_choice":"Gather Gold","damage_taken":11,"max_hp_gain":0,"max_hp_loss":0,"event_name":"World of Goop","floor":3,"gold_loss":0},{"cards_removed":["Strike_B"],"damage_healed":0,"gold_gain":0,"player_choice":"Forget","damage_taken":0,"max_hp_gain":0,"max_hp_loss":0,"event_name":"Living Wall","floor":4,"gold_loss":0},{"damage_healed":0,"gold_gain":0,"player_choice":"Upgraded","damage_taken":0,"max_hp_gain":0,"max_hp_loss":0,"event_name":"Upgrade Shrine","floor":5,"gold_loss":0,"cards_upgraded":["Zap"]},{"damage_healed":0,"gold_gain":0,"player_choice":"Fight","damage_taken":0,"max_hp_gain":0,"max_hp_loss":0,"event_name":"Colosseum","floor":29,"gold_loss":0},{"damage_healed":0,"gold_gain":0,"player_choice":"Fought Nobs","damage_taken":0,"max_hp_gain":0,"max_hp_loss":0,"event_name":"Colosseum","floor":29,"gold_loss":0}],"is_beta":false,"boss_relics":[{"not_picked":["Velvet Choker","FrozenCore"],"picked":"Cursed Key"}],"items_purged_floors":[],"is_endless":false,"potions_floor_spawned":[1,8,11,13,19,22,23],"killed_by":"Colosseum Nobs","ascension_level":17}