{"gold_per_floor":[109,0,0,12,12,42,42,42,42,76,88,88,121,133,133,229,229,240,240,256,108,128,128,128,155,179,190,190,223,223,258,258,356,356,367,377,8,8,19,19,47,47,47,47,63,63,96,110,110,110,110,110,19,50,50],"floor_reached":56,"playtime":3680,"items_purged":["Strike_R","Havoc","True Grit"],"score":1361,"play_id":"06ab1fd8-4948-4cd0-8541-23dc52c3befa","local_time":"20181124002740","is_ascension_mode":false,"campfire_choices":[{"data":"Bash","floor":7,"key":"SMITH"},{"data":"Flame Barrier","floor":15,"key":"SMITH"},{"data":"Sword Boomerang","floor":24,"key":"SMITH"},{"data":"Shrug It Off","floor":30,"key":"SMITH"},{"floor":32,"key":"REST"},{"floor":40,"key":"RECALL"},{"data":"Pommel Strike","floor":42,"key":"SMITH"},{"data":"Impervious","floor":44,"key":"SMITH"},{"data":"Twin Strike","floor":49,"key":"SMITH"},{"data":"Headbutt","floor":52,"key":"SMITH"}],"neow_cost":"TEN_PERCENT_HP_LOSS","seed_source_timestamp":129356240488299,"circlet_count":0,"master_deck":["Bash+1","Pommel Strike+1","Inflame+1","Sword Boomerang+1","Impervious+1","Flame Barrier+1","Offering","Twin Strike+1","Headbutt+1","Body Slam+1","Warcry","Shrug It Off+1","Metallicize+1","Pummel","Shockwave+1","Reaper","Limit Break+1","Chrysalis+1","Panacea+1"],"relics":["Burning Blood","Pocketwatch","Bottled Tornado","Mummified Hand","Frozen Egg 2","Blue Candle","Pandora\u0027s Box","Toxic Egg 2","Vajra","Bag of Marbles","WingedGreaves","Busted Crown","Paper Frog","Pear","Omamori"],"potions_floor_usage":[6,25,29,31,33,33,33,38,39,41,55,55],"damage_taken":[{"damage":8,"enemies":"2 Louse","floor":1,"turns":2},{"damage":1,"enemies":"Jaw Worm","floor":4,"turns":3},{"damage":14,"enemies":"Gremlin Nob","floor":6,"turns":3},{"damage":13,"enemies":"Lagavulin","floor":10,"turns":4},{"damage":0,"enemies":"Cultist","floor":11,"turns":1},{"damage":25,"enemies":"3 Sentries","floor":13,"turns":6},{"damage":0,"enemies":"Red Slaver","floor":14,"turns":3},{"damage":7,"enemies":"Slime Boss","floor":16,"turns":10},{"damage":6,"enemies":"Chosen","floor":18,"turns":2},{"damage":6,"enemies":"Shell Parasite","floor":20,"turns":3},{"damage":14,"enemies":"Shelled Parasite and Fungi","floor":22,"turns":6},{"damage":32,"enemies":"Gremlin Leader","floor":25,"turns":4},{"damage":6,"enemies":"Centurion and Healer","floor":27,"turns":4},{"damage":33,"enemies":"Slavers","floor":29,"turns":3},{"damage":20,"enemies":"Gremlin Leader","floor":31,"turns":3},{"damage":39,"enemies":"Collector","floor":33,"turns":7},{"damage":6,"enemies":"3 Shapes","floor":35,"turns":3},{"damage":6,"enemies":"3 Darklings","floor":36,"turns":5},{"damage":22,"enemies":"4 Shapes","floor":39,"turns":4},{"damage":8,"enemies":"Nemesis","floor":41,"turns":5},{"damage":6,"enemies":"Jaw Worm Horde","floor":45,"turns":3},{"damage":34,"enemies":"Reptomancer","floor":47,"turns":5},{"damage":6,"enemies":"Maw","floor":48,"turns":4},{"damage":12,"enemies":"Awakened One","floor":50,"turns":7},{"damage":22,"enemies":"Shield and Spear","floor":54,"turns":4},{"damage":76,"enemies":"The Heart","floor":55,"turns":6}],"seed_played":"6212851885052071715","potions_obtained":[{"floor":1,"key":"SteroidPotion"},{"floor":11,"key":"Weak Potion"},{"floor":14,"key":"FearPotion"},{"floor":16,"key":"SneckoOil"},{"floor":25,"key":"Explosive Potion"},{"floor":27,"key":"Poison Potion"},{"floor":29,"key":"SkillPotion"},{"floor":31,"key":"SteroidPotion"},{"floor":33,"key":"Block Potion"},{"floor":35,"key":"SkillPotion"},{"floor":38,"key":"Fruit Juice"},{"floor":38,"key":"Poison Potion"},{"floor":38,"key":"Ancient Potion"},{"floor":47,"key":"SneckoOil"},{"floor":48,"key":"SpeedPotion"}],"is_trial":false,"path_per_floor":["M","$","?","M","?","E","R","?","T","E","M","$","E","M","R","B",null,"M","?","M","$","M","?","R","E","T","M","?","E","R","E","R","B",null,"M","M","$","?","M","R","E","R","T","R","M","$","E","M","R","B",null,"R","$","E","B",null],"character_chosen":"IRONCLAD","items_purchased":["Inflame","Shrug It Off","Limit Break+1","Chrysalis+1","Panacea+1"],"campfire_rested":1,"item_purchase_floors":[2,21,37,37,53],"current_hp_per_floor":[70,70,70,72,58,50,50,50,50,43,49,49,30,36,36,35,72,72,72,72,72,64,64,64,38,38,38,62,35,35,21,42,9,72,72,72,72,77,73,73,75,75,75,75,77,77,59,87,87,87,87,87,87,87,87],"gold":50,"neow_bonus":"ONE_RARE_RELIC","is_prod":false,"is_daily":false,"chose_seed":false,"campfire_upgraded":8,"win_rate":0,"timestamp":1543048060,"path_taken":["M","$","?","M","?","E","R","?","T","E","?","?","E","M","R","BOSS","M","?","M","$","M","?","R","E","T","?","?","E","R","E","R","BOSS","M","M","$","?","?","R","E","R","T","R","M","?","E","M","R","BOSS","R","$","E","BOSS"],"build_version":"2018-11-15","purchased_purges":3,"victory":true,"max_hp_per_floor":[72,72,72,72,72,72,72,72,72,72,72,72,72,72,72,72,72,72,72,72,72,72,72,72,72,72,72,72,72,72,72,72,72,72,72,72,72,77,77,77,77,77,77,77,77,77,87,87,87,87,87,87,87,87,87],"card_choices":[{"not_picked":["Hemokinesis","Twin Strike"],"picked":"Pommel Strike","floor":1},{"not_picked":["Anger","Thunderclap","Rage"],"picked":"SKIP","floor":4},{"not_picked":["Headbutt","Twin Strike"],"picked":"Sword Boomerang","floor":6},{"not_picked":["Clothesline","Clash"],"picked":"Impervious","floor":10},{"not_picked":["Iron Wave","Cleave","Headbutt"],"picked":"SKIP","floor":11},{"not_picked":["Searing Blow","Havoc"],"picked":"Flame Barrier","floor":13},{"not_picked":["Second Wind","Thunderclap","Headbutt"],"picked":"SKIP","floor":14},{"not_picked":["Double Tap","Impervious"],"picked":"Offering","floor":16},{"not_picked":["Havoc","Warcry","Twin Strike"],"picked":"SKIP","floor":18},{"not_picked":["Thunderclap+1","Rage","Disarm"],"picked":"SKIP","floor":20},{"not_picked":["Exhume","Pommel Strike","Sword Boomerang"],"picked":"SKIP","floor":22},{"not_picked":["Sever Soul","Rampage"],"picked":"Metallicize+1","floor":25},{"not_picked":["True Grit+1","Iron Wave","Entrench+1"],"picked":"SKIP","floor":27},{"not_picked":["Clash","Havoc+1"],"picked":"Pummel","floor":29},{"not_picked":["Headbutt+1","Cleave"],"picked":"Shockwave+1","floor":31},{"not_picked":["Fiend Fire","Impervious+1"],"picked":"Reaper","floor":33},{"not_picked":["Pommel Strike"],"picked":"SKIP","floor":35},{"not_picked":["Clash+1"],"picked":"SKIP","floor":36},{"not_picked":["Bloodletting+1"],"picked":"SKIP","floor":39},{"not_picked":["Clash"],"picked":"SKIP","floor":41},{"not_picked":["Bloodletting+1"],"picked":"SKIP","floor":45},{"not_picked":["Evolve+1"],"picked":"SKIP","floor":47},{"not_picked":["Perfected Strike+1"],"picked":"SKIP","floor":48},{"not_picked":["Clothesline+1"],"picked":"SKIP","floor":54}],"player_experience":309079,"relics_obtained":[{"floor":6,"key":"Bottled Tornado"},{"floor":9,"key":"Mummified Hand"},{"floor":10,"key":"Frozen Egg 2"},{"floor":13,"key":"Blue Candle"},{"floor":25,"key":"Toxic Egg 2"},{"floor":26,"key":"Vajra"},{"floor":29,"key":"Bag of Marbles"},{"floor":31,"key":"WingedGreaves"},{"floor":41,"key":"Paper Frog"},{"floor":47,"key":"Pear"},{"floor":54,"key":"Omamori"}],"event_choices":[{"cards_removed":["Defend_R"],"damage_healed":0,"gold_gain":0,"player_choice":"Forget","damage_taken":0,"max_hp_gain":0,"max_hp_loss":0,"event_name":"Living Wall","floor":3,"gold_loss":0},{"damage_healed":0,"gold_gain":0,"player_choice":"Entered Light","damage_taken":14,"max_hp_gain":0,"max_hp_loss":0,"event_name":"Shining Light","floor":5,"gold_loss":0,"cards_upgraded":["Strike_R","Inflame"]},{"cards_removed":["Strike_R"],"damage_healed":0,"gold_gain":0,"player_choice":"Purged","damage_taken":0,"max_hp_gain":0,"max_hp_loss":0,"event_name":"Purifier","floor":8,"gold_loss":0},{"damage_healed":0,"gold_gain":0,"player_choice":"Ignored","damage_taken":0,"max_hp_gain":0,"max_hp_loss":0,"event_name":"Ghosts","floor":19,"gold_loss":0},{"damage_healed":0,"gold_gain":0,"player_choice":"Upgraded","damage_taken":0,"max_hp_gain":0,"max_hp_loss":0,"event_name":"Upgrade Shrine","floor":23,"gold_loss":0,"cards_upgraded":["Body Slam"]},{"damage_healed":24,"gold_gain":0,"player_choice":"Heal","damage_taken":0,"max_hp_gain":0,"max_hp_loss":0,"event_name":"The Library","floor":28,"gold_loss":0},{"damage_healed":0,"gold_gain":0,"player_choice":"Got Potions","damage_taken":0,"max_hp_gain":0,"max_hp_loss":0,"event_name":"Lab","floor":38,"gold_loss":0}],"is_beta":false,"boss_relics":[{"not_picked":["Velvet Choker","White Beast Statue"],"picked":"Pandora\u0027s Box"},{"not_picked":["Empty Cage","Runic Pyramid"],"picked":"Busted Crown"}],"items_purged_floors":[2,21,37],"is_endless":false,"potions_floor_spawned":[1,11,14,16,25,27,29,31,33,35,47,48],"ascension_level":0}