{"gold_per_floor":[112,131,6,19,19,19,19,19,19,34,34,58,81,115,115,241,241,255,255,279,295,313,313,346,346,346,360,360,48,82,103,103,231,231,244,244,14,114,128,128,171,171,171,4,4,22,41,0,0,0],"floor_reached":51,"playtime":3873,"items_purged":["Strike_G","Normality"],"score":860,"play_id":"312181d5-11af-4bda-bcb7-d5271715fc2d","local_time":"20190418224709","is_ascension_mode":true,"campfire_choices":[{"data":"Backflip","floor":6.0,"key":"SMITH"},{"data":"Deflect","floor":8.0,"key":"SMITH"},{"data":"Well Laid Plans","floor":11.0,"key":"SMITH"},{"data":"Flechettes","floor":15.0,"key":"SMITH"},{"data":"Envenom","floor":23.0,"key":"SMITH"},{"data":"Phantasmal Killer","floor":25.0,"key":"SMITH"},{"floor":32.0,"key":"REST"},{"data":"Tactician","floor":40.0,"key":"SMITH"},{"data":"Catalyst","floor":42.0,"key":"SMITH"},{"data":"Footwork","floor":45.0,"key":"SMITH"},{"floor":49,"key":"REST"}],"neow_cost":"TEN_PERCENT_HP_LOSS","seed_source_timestamp":0,"circlet_count":0,"master_deck":["Defend_G","Defend_G","Defend_G","Defend_G","Strike_G","Strike_G","Survivor","Neutralize","Flying Knee","Tactician+1","Deflect+1","Well Laid Plans+1","Terror","Riddle With Holes","Flechettes+1","Envenom+1","Backflip+1","Reflex","Phantasmal Killer+1","PiercingWail","Catalyst+1","Crippling Poison+1","Venomology","Blade Dance","Malaise","Footwork+1","Bouncing Flask","Bouncing Flask+1","Cloak And Dagger+1"],"special_seed":0,"relics":["Ring of the Snake","Golden Idol","Pocketwatch","Pen Nib","Black Star","Dodecahedron","Strawberry","Mummified Hand","Kunai","The Courier","PreservedInsect","Cursed Key","Incense Burner","Peace Pipe","Bag of Preparation","Shuriken","Red Mask"],"potions_floor_usage":[46,47,50,50,50],"damage_taken":[{"damage":0.0,"enemies":"Small Slimes","floor":1.0,"turns":3.0},{"damage":0.0,"enemies":"Jaw Worm","floor":2.0,"turns":5.0},{"damage":0.0,"enemies":"2 Louse","floor":4.0,"turns":3.0},{"damage":1.0,"enemies":"Blue Slaver","floor":10.0,"turns":5.0},{"damage":0.0,"enemies":"Red Slaver","floor":12.0,"turns":4.0},{"damage":0.0,"enemies":"2 Fungi Beasts","floor":13.0,"turns":4.0},{"damage":2.0,"enemies":"Gremlin Nob","floor":14.0,"turns":4.0},{"damage":0.0,"enemies":"The Guardian","floor":16.0,"turns":11.0},{"damage":0.0,"enemies":"Chosen","floor":18.0,"turns":4.0},{"damage":3.0,"enemies":"Shell Parasite","floor":20.0,"turns":5.0},{"damage":0.0,"enemies":"Snake Plant","floor":21.0,"turns":2.0},{"damage":4.0,"enemies":"Chosen and Byrds","floor":22.0,"turns":4.0},{"damage":31.0,"enemies":"Book of Stabbing","floor":24.0,"turns":5.0},{"damage":1.0,"enemies":"Centurion and Healer","floor":27.0,"turns":5.0},{"damage":23.0,"enemies":"Gremlin Leader","floor":30.0,"turns":5.0},{"damage":0.0,"enemies":"Shelled Parasite and Fungi","floor":31.0,"turns":4.0},{"damage":11.0,"enemies":"Collector","floor":33.0,"turns":4.0},{"damage":0.0,"enemies":"3 Shapes","floor":35.0,"turns":8.0},{"damage":3.0,"enemies":"Orb Walker","floor":39.0,"turns":3.0},{"damage":17.0,"enemies":"Giant Head","floor":41.0,"turns":7.0},{"damage":0,"enemies":"4 Shapes","floor":46,"turns":6},{"damage":9,"enemies":"3 Darklings","floor":47,"turns":7},{"damage":49,"enemies":"Donu and Deca","floor":50,"turns":9}],"seed_played":"1932848171326521685","potions_obtained":[{"floor":4.0,"key":"SkillPotion"},{"floor":10.0,"key":"Block Potion"},{"floor":14.0,"key":"Energy Potion"},{"floor":20.0,"key":"Regen Potion"},{"floor":30.0,"key":"Poison Potion"},{"floor":31.0,"key":"SteroidPotion"},{"floor":39.0,"key":"Weak Potion"},{"floor":41.0,"key":"Block Potion"},{"floor":46,"key":"GhostInAJar"}],"is_trial":false,"path_per_floor":["M","M","$","M","?","R","?","R","T","M","R","M","M","E","R","B",null,"M","?","M","M","M","R","E","R","T","M","?","$","E","M","R","B",null,"M","?","$","?","M","R","E","R","T","$","R","M","M","?","R","B",null],"character_chosen":"THE_SILENT","items_purchased":["Backflip","Kunai","Catalyst","Incense Burner","Footwork","Bouncing Flask"],"campfire_rested":2,"item_purchase_floors":[3,29,29,37,44,44],"current_hp_per_floor":[63,63,63,63,63,63,48,48,48,47,47,47,47,45,45,45,63,63,63,60,60,56,56,44,44,44,43,43,43,20,20,41,30,70,70,70,70,70,67,67,50,50,50,50,50,50,41,41,62,13],"gold":0,"neow_bonus":"REMOVE_TWO","is_prod":false,"is_daily":false,"chose_seed":false,"campfire_upgraded":9,"win_rate":0,"timestamp":1555595229,"path_taken":["M","M","$","M","?","R","?","R","T","M","R","M","M","E","R","BOSS","BOSS","M","?","M","M","M","R","E","R","T","M","?","$","E","M","R","BOSS","M","?","$","?","M","R","E","R","T","$","R","?","M","?","R","BOSS"],"build_version":"2019-01-23","purchased_purges":2,"victory":true,"max_hp_per_floor":[63,63,63,63,63,63,63,63,63,63,63,63,63,63,63,63,63,63,63,63,63,63,63,70,70,70,70,70,70,70,70,70,70,70,70,70,70,70,70,70,70,70,70,70,70,70,70,70,70,70],"card_choices":[{"not_picked":["Bane","Underhanded Strike"],"picked":"Flying Knee","floor":1.0},{"not_picked":["Reflex","A Thousand Cuts"],"picked":"Tactician","floor":2.0},{"not_picked":["Heel Hook","Eviscerate"],"picked":"Deflect","floor":4.0},{"not_picked":["Sucker Punch","Bane"],"picked":"Well Laid Plans","floor":10.0},{"not_picked":["Caltrops","Heel Hook"],"picked":"Terror","floor":12.0},{"not_picked":["Expertise","Quick Slash"],"picked":"Riddle With Holes","floor":13.0},{"not_picked":["Prepared","Choke"],"picked":"Flechettes","floor":14.0},{"not_picked":["A Thousand Cuts","Unload"],"picked":"Envenom","floor":16.0},{"not_picked":["Escape Plan","Cloak And Dagger"],"picked":"Backflip+1","floor":18.0},{"not_picked":["Bane","Poisoned Stab","Terror"],"picked":"SKIP","floor":20.0},{"not_picked":["Poisoned Stab+1","Flying Knee+1"],"picked":"Reflex","floor":21.0},{"not_picked":["Deadly Poison+1","Flying Knee+1"],"picked":"Phantasmal Killer","floor":22.0},{"not_picked":["Sucker Punch","Slice","Dagger Throw+1"],"picked":"SKIP","floor":24.0},{"not_picked":["Underhanded Strike","Finisher"],"picked":"PiercingWail","floor":27.0},{"not_picked":["A Thousand Cuts","Deflect","Underhanded Strike"],"picked":"SKIP","floor":30.0},{"not_picked":["Slice","Catalyst"],"picked":"Crippling Poison+1","floor":31.0},{"not_picked":["Night Terror","Unload"],"picked":"Venomology","floor":33.0},{"not_picked":["Poisoned Stab","Underhanded Strike+1","Cloak And Dagger"],"picked":"SKIP","floor":35.0},{"not_picked":["Dagger Spray","Setup"],"picked":"Blade Dance","floor":39.0},{"not_picked":["Slice","Distraction"],"picked":"Malaise","floor":41.0},{"not_picked":["Predator+1","Bane"],"picked":"Bouncing Flask+1","floor":46},{"not_picked":["Deflect","Deadly Poison+1"],"picked":"Cloak And Dagger+1","floor":47}],"player_experience":629412,"relics_obtained":[{"floor":9.0,"key":"Pocketwatch"},{"floor":14.0,"key":"Pen Nib"},{"floor":24.0,"key":"Dodecahedron"},{"floor":24.0,"key":"Strawberry"},{"floor":26.0,"key":"Mummified Hand"},{"floor":30.0,"key":"The Courier"},{"floor":30.0,"key":"PreservedInsect"},{"floor":41.0,"key":"Peace Pipe"},{"floor":41.0,"key":"Bag of Preparation"},{"floor":43.0,"key":"Shuriken"}],"event_choices":[{"damage_healed":0.0,"max_hp_gain":0.0,"max_hp_loss":0.0,"gold_gain":0.0,"event_name":"The Cleric","player_choice":"Leave","floor":5.0,"gold_loss":0.0,"damage_taken":0.0},{"damage_healed":0.0,"max_hp_gain":0.0,"max_hp_loss":0.0,"gold_gain":0.0,"event_name":"Golden Idol","player_choice":"Take Damage","floor":7.0,"gold_loss":0.0,"damage_taken":15.0,"relics_obtained":["Golden Idol"]},{"damage_healed":0.0,"max_hp_gain":0.0,"max_hp_loss":0.0,"gold_gain":0.0,"event_name":"Cursed Tome","player_choice":"Ignored","floor":19.0,"gold_loss":0.0,"damage_taken":0.0},{"cards_removed":["Strike_G"],"damage_healed":0.0,"max_hp_gain":0.0,"max_hp_loss":0.0,"gold_gain":0.0,"event_name":"Purifier","player_choice":"Purged","floor":28.0,"gold_loss":0.0,"damage_taken":0.0},{"cards_removed":["Backflip"],"damage_healed":0.0,"max_hp_gain":0.0,"max_hp_loss":0.0,"gold_gain":0.0,"event_name":"Falling","player_choice":"Removed Skill","floor":36.0,"gold_loss":0.0,"damage_taken":0.0},{"damage_healed":0.0,"max_hp_gain":0.0,"max_hp_loss":0.0,"gold_gain":100.0,"event_name":"Golden Shrine","player_choice":"Pray","floor":38.0,"gold_loss":0.0,"damage_taken":0.0},{"damage_healed":0,"gold_gain":0,"player_choice":"Paid","damage_taken":0,"relics_obtained":["Red Mask"],"max_hp_gain":0,"max_hp_loss":0,"event_name":"Tomb of Lord Red Mask","floor":48,"gold_loss":41}],"is_beta":false,"boss_relics":[{"not_picked":["Lizard Tail","Coffee Dripper"],"picked":"Black Star"},{"not_picked":["Pandora\u0027s Box","Runic Pyramid"],"picked":"Cursed Key"}],"items_purged_floors":[3,44],"is_endless":false,"potions_floor_spawned":[4,10,14,20,30,31,39,41,46],"ascension_level":4}