{"gold_per_floor":[117,117,128,145,155,155,166,231,231,231,242,258,288,298,298,395,395,412,188,188,201,53,53,174,194,250,250],"floor_reached":27,"playtime":1225,"items_purged":["Strike_B"],"score":219,"play_id":"4ca9ae65-831b-4e6e-957d-01a7a9d7a47e","local_time":"20190227170917","is_ascension_mode":false,"campfire_choices":[{"data":"Dualcast","floor":6,"key":"SMITH"},{"floor":10,"key":"REST"},{"floor":15,"key":"REST"},{"floor":23,"key":"REST"}],"neow_cost":"NONE","seed_source_timestamp":359165858652300,"circlet_count":0,"master_deck":["Strike_B","Strike_B","Strike_B","Defend_B","Defend_B","Defend_B","Defend_B","Zap","Dualcast+1","BootSequence","Doom and Gloom","Hello World","Doom and Gloom","Conserve Battery","Coolheaded","Amplify","Fission","Conserve Battery","Amplify","Heatsinks","Heatsinks","Echo Form","Go for the Eyes+1","Genetic Algorithm"],"relics":["Cracked Core","Pen Nib","Happy Flower","Oddly Smooth Stone","Bottled Tornado","Ancient Tea Set","Inserter","Tiny Chest"],"potions_floor_usage":[8,13,13,16,27],"damage_taken":[{"damage":7,"enemies":"2 Louse","floor":1,"turns":2},{"damage":1,"enemies":"Cultist","floor":3,"turns":4},{"damage":0,"enemies":"Jaw Worm","floor":4,"turns":3},{"damage":13,"enemies":"2 Fungi Beasts","floor":5,"turns":3},{"damage":2,"enemies":"Exordium Thugs","floor":7,"turns":3},{"damage":33,"enemies":"Lagavulin Event","floor":8,"turns":6},{"damage":7,"enemies":"Blue Slaver","floor":11,"turns":3},{"damage":0,"enemies":"Large Slime","floor":12,"turns":5},{"damage":18,"enemies":"3 Sentries","floor":13,"turns":3},{"damage":0,"enemies":"Looter","floor":14,"turns":2},{"damage":44,"enemies":"Hexaghost","floor":16,"turns":11},{"damage":35,"enemies":"Chosen","floor":18,"turns":6},{"damage":17,"enemies":"Spheric Guardian","floor":21,"turns":6},{"damage":26,"enemies":"Snake Plant","floor":24,"turns":7},{"damage":10,"enemies":"Centurion and Healer","floor":25,"turns":7},{"damage":21,"enemies":"Nightmare","floor":27,"turns":6}],"seed_played":"4687749954000129284","potions_obtained":[{"floor":1,"key":"FearPotion"},{"floor":7,"key":"Energy Potion"},{"floor":8,"key":"Ancient Potion"},{"floor":12,"key":"AttackPotion"},{"floor":13,"key":"GamblersBrew"},{"floor":21,"key":"Swift Potion"},{"floor":24,"key":"GamblersBrew"}],"is_trial":false,"path_per_floor":["M","?","M","M","M","R","M","?","T","R","M","M","E","M","R","B",null,"M","$","?","M","$","R","M","M","T","NM"],"character_chosen":"DEFECT","items_purchased":["Amplify","Heatsinks","Echo Form"],"campfire_rested":3,"item_purchase_floors":[19,19,22],"current_hp_per_floor":[75,75,74,74,61,61,59,26,26,50,43,43,25,25,49,5,82,47,47,47,30,30,54,28,18,18,0],"gold":250,"neow_bonus":"TEN_PERCENT_HP_BONUS","is_prod":false,"is_daily":false,"chose_seed":false,"campfire_upgraded":1,"win_rate":0,"timestamp":1551316157,"path_taken":["M","?","?","M","?","R","M","?","T","R","M","M","E","M","R","BOSS","M","$","?","M","$","R","M","M","T","NM"],"build_version":"2019-01-23","purchased_purges":1,"victory":false,"max_hp_per_floor":[82,82,82,82,82,82,82,82,82,82,82,82,82,82,82,82,82,82,82,82,82,82,82,82,82,82,82],"card_choices":[{"not_picked":["Undo","Go for the Eyes","Gash"],"picked":"SKIP","floor":1},{"not_picked":["Undo","Go for the Eyes","Gash"],"picked":"SKIP","floor":1},{"not_picked":["Compile Driver","Streamline"],"picked":"BootSequence","floor":3},{"not_picked":["Barrage","Capacitor"],"picked":"Doom and Gloom","floor":4},{"not_picked":["Sweeping Beam","Steam","Aggregate"],"picked":"SKIP","floor":5},{"not_picked":["Conserve Battery","Chill"],"picked":"Hello World","floor":7},{"not_picked":["Beam Cell","Rebound"],"picked":"Doom and Gloom","floor":11},{"not_picked":["Compile Driver","Chaos"],"picked":"Conserve Battery","floor":12},{"not_picked":["Sweeping Beam","Hologram"],"picked":"Coolheaded","floor":13},{"not_picked":["Beam Cell","Barrage"],"picked":"Amplify","floor":14},{"not_picked":["Machine Learning","Rainbow"],"picked":"Fission","floor":16},{"not_picked":["Redo","Barrage"],"picked":"Conserve Battery","floor":18},{"not_picked":["Darkness","Chaos"],"picked":"Heatsinks","floor":21},{"not_picked":["Hologram+1","Doom and Gloom"],"picked":"Go for the Eyes+1","floor":24},{"not_picked":["Rip and Tear","Undo"],"picked":"Genetic Algorithm","floor":25}],"player_experience":82231,"relics_obtained":[{"floor":9,"key":"Oddly Smooth Stone"},{"floor":13,"key":"Bottled Tornado"},{"floor":26,"key":"Tiny Chest"}],"event_choices":[{"damage_healed":0,"gold_gain":0,"player_choice":"Gave Potion","damage_taken":0,"relics_obtained":["Pen Nib"],"max_hp_gain":0,"max_hp_loss":0,"event_name":"WeMeetAgain","floor":2,"gold_loss":0},{"damage_healed":0,"gold_gain":0,"player_choice":"Searched \u00273\u0027 times","damage_taken":0,"relics_obtained":["Happy Flower"],"max_hp_gain":0,"max_hp_loss":0,"event_name":"Dead Adventurer","floor":8,"gold_loss":0},{"damage_healed":0,"gold_gain":0,"player_choice":"Ignored","damage_taken":0,"max_hp_gain":0,"max_hp_loss":0,"event_name":"NoteForYourself","floor":20,"gold_loss":0}],"is_beta":false,"boss_relics":[{"not_picked":["White Beast Statue","Orrery"],"picked":"Inserter"}],"items_purged_floors":[19],"is_endless":false,"potions_floor_spawned":[1,7,8,12,13,21,24],"killed_by":"Nightmare","ascension_level":0}