{"gold_per_floor":[109,129,129,129,129,129,168,168,192,192,227,268,288,332,332,453,453,466,416,137,13,92,92,105,125,148,148,70,109,10,26,26,26],"floor_reached":33,"playtime":2291,"items_purged":[],"score":354,"play_id":"ba94157b-6a36-4aab-9661-8e4cfe357213","local_time":"20190330213013","is_ascension_mode":false,"campfire_choices":[{"floor":6,"key":"REST"},{"floor":8,"key":"REST"},{"floor":10,"key":"REST"},{"floor":15,"key":"REST"},{"data":"Anger","floor":23,"key":"SMITH"},{"floor":27,"key":"REST"},{"floor":32,"key":"REST"}],"neow_cost":"NONE","seed_source_timestamp":29818456897237,"circlet_count":0,"master_deck":["Strike_R+1","Strike_R","Strike_R","Strike_R","Strike_R","Defend_R+1","Defend_R","Defend_R+1","Defend_R","Bash","Flex+1","Blood for Blood","Infernal Blade","Flex","Sword Boomerang","Anger+1","Thunderclap","Berserk","Injury","Pain","Writhe","Rupture+1","Secret Technique","Twin Strike","Perfected Strike","Blood for Blood","Mind Blast","Dual Wield+1","Second Wind","Flex","Perfected Strike","Flex+1","Sever Soul","Seeing Red","Dual Wield"],"relics":["Runic Cube","Vajra","Golden Idol","Gremlin Horn","Lantern","Odd Mushroom","Strawberry","War Paint","Calling Bell","Incense Burner","Matryoshka","Ancient Tea Set","Kunai","Dodecahedron","Potion Belt","Bag of Marbles","MawBank"],"potions_floor_usage":[11,14,14,33,33,33],"damage_taken":[{"damage":2,"enemies":"Small Slimes","floor":1,"turns":3},{"damage":6,"enemies":"2 Louse","floor":2,"turns":2},{"damage":36,"enemies":"Lagavulin","floor":7,"turns":4},{"damage":14,"enemies":"The Mushroom Lair","floor":11,"turns":4},{"damage":14,"enemies":"3 Sentries","floor":12,"turns":7},{"damage":0,"enemies":"Cultist","floor":13,"turns":2},{"damage":0,"enemies":"Lagavulin","floor":14,"turns":3},{"damage":21,"enemies":"Slime Boss","floor":16,"turns":7},{"damage":15,"enemies":"Chosen","floor":18,"turns":4},{"damage":12,"enemies":"Shell Parasite","floor":24,"turns":2},{"damage":21,"enemies":"Snake Plant","floor":25,"turns":2},{"damage":27,"enemies":"Gremlin Leader","floor":29,"turns":2},{"damage":10,"enemies":"Centurion and Healer","floor":31,"turns":2},{"damage":55,"enemies":"Automaton","floor":33,"turns":4}],"seed_played":"-8762853791071035363","potions_obtained":[{"floor":2,"key":"Block Potion"},{"floor":7,"key":"Strength Potion"},{"floor":12,"key":"SkillPotion"},{"floor":16,"key":"PowerPotion"},{"floor":24,"key":"Ancient Potion"},{"floor":31,"key":"Swift Potion"}],"is_trial":false,"path_per_floor":["?","?","?","?","?","$","T","M"],"character_chosen":"IRONCLAD","items_purchased":["Secret Technique","Twin Strike","Perfected Strike","Blood for Blood","Mind Blast","Flex","Perfected Strike","Sever Soul","Seeing Red"],"campfire_rested":6,"item_purchase_floors":[20,20,20,21,21,28,28,30,30],"current_hp_per_floor":[78,72,60,44,24,48,12,36,36,60,46,39,39,39,65,44,87,72,72,72,72,72,72,60,39,39,65,65,38,38,28,54,0],"gold":26,"neow_bonus":"BOSS_RELIC","is_prod":false,"is_daily":false,"chose_seed":false,"campfire_upgraded":1,"win_rate":0.0,"timestamp":1553977813,"path_taken":["M","M","?","?","?","R","E","R","T","R","?","E","M","E","R","BOSS","M","?","?","$","?","R","M","?","T","R","$","E","$","M","R","BOSS"],"build_version":"2019-01-23","purchased_purges":0,"victory":false,"max_hp_per_floor":[80,80,80,80,80,80,80,80,80,80,80,87,87,87,87,87,87,87,87,87,87,87,87,87,87,87,87,87,87,87,87,87,87],"card_choices":[{"not_picked":["Blood for Blood","Flame Barrier"],"picked":"Flex","floor":1},{"not_picked":["Twin Strike","Carnage"],"picked":"Blood for Blood","floor":2},{"not_picked":["Body Slam","Warcry"],"picked":"Infernal Blade","floor":7},{"not_picked":["Pommel Strike","Flame Barrier"],"picked":"Flex","floor":11},{"not_picked":["Burning Pact","Clothesline"],"picked":"Sword Boomerang","floor":12},{"not_picked":["Feed","Twin Strike"],"picked":"Anger","floor":13},{"not_picked":["Armaments","Seeing Red"],"picked":"Thunderclap","floor":14},{"not_picked":["Bludgeon","Fiend Fire"],"picked":"Berserk","floor":16},{"not_picked":["Pummel","Clothesline"],"picked":"Rupture+1","floor":18},{"not_picked":["Pommel Strike","Anger+1"],"picked":"Dual Wield+1","floor":24},{"not_picked":["Clash","Body Slam+1"],"picked":"Second Wind","floor":25},{"not_picked":["Double Tap","Metallicize"],"picked":"Flex+1","floor":29},{"not_picked":["Cleave","Iron Wave"],"picked":"Dual Wield","floor":31}],"player_experience":18827,"relics_obtained":[{"floor":7,"key":"Gremlin Horn"},{"floor":9,"key":"Lantern"},{"floor":11,"key":"Odd Mushroom"},{"floor":12,"key":"Strawberry"},{"floor":14,"key":"War Paint"},{"floor":17,"key":"Incense Burner"},{"floor":17,"key":"Matryoshka"},{"floor":17,"key":"Ancient Tea Set"},{"floor":22,"key":"Kunai"},{"floor":22,"key":"Dodecahedron"},{"floor":26,"key":"Potion Belt"},{"floor":26,"key":"Bag of Marbles"},{"floor":29,"key":"MawBank"}],"event_choices":[{"damage_healed":0,"gold_gain":0,"player_choice":"Success","damage_taken":12,"relics_obtained":["Vajra"],"max_hp_gain":0,"max_hp_loss":0,"event_name":"Scrap Ooze","floor":3,"gold_loss":0},{"damage_healed":0,"gold_gain":0,"player_choice":"Entered Light","damage_taken":16,"max_hp_gain":0,"max_hp_loss":0,"event_name":"Shining Light","floor":4,"gold_loss":0,"cards_upgraded":["Defend_R","Strike_R"]},{"damage_healed":0,"gold_gain":0,"player_choice":"Take Damage","damage_taken":20,"relics_obtained":["Golden Idol"],"max_hp_gain":0,"max_hp_loss":0,"event_name":"Golden Idol","floor":5,"gold_loss":0},{"damage_healed":0,"gold_gain":0,"player_choice":"Fought Mushrooms","damage_taken":0,"max_hp_gain":0,"max_hp_loss":0,"event_name":"Mushrooms","floor":11,"gold_loss":0},{"damage_healed":0,"gold_gain":0,"player_choice":"Bet on Owner","damage_taken":0,"max_hp_gain":0,"max_hp_loss":0,"event_name":"The Joust","floor":19,"gold_loss":50}],"is_beta":false,"boss_relics":[{"not_picked":["Runic Dome","Mark of Pain"],"picked":"Calling Bell"}],"items_purged_floors":[],"is_endless":false,"potions_floor_spawned":[2,7,12,16,24,31],"killed_by":"Automaton","ascension_level":0}