{"gold_per_floor":[119,134,145,2,17,17,36,56,56,7,7,20,30,44,44,140,140,157,51,69,83,83,83,83],"floor_reached":24,"playtime":676,"items_purged":[],"score":204,"play_id":"341f3808-19a8-4b2b-adcd-10781063eb41","local_time":"20190411012420","is_ascension_mode":true,"campfire_choices":[{"data":"Zap","floor":6,"key":"SMITH"},{"floor":11,"key":"REST"},{"data":"Hologram","floor":15,"key":"SMITH"},{"floor":23,"key":"REST"}],"neow_cost":"NONE","seed_source_timestamp":68074121152031,"circlet_count":0,"master_deck":["Strike_B","Strike_B","Strike_B","Strike_B","Defend_B","Defend_B","Defend_B","Defend_B","Zap+1","Dualcast","Blind","Beam Cell","Melter","Ball Lightning","Gash","Barrage","Beam Cell","Coolheaded","Sweeping Beam","Barrage","Hologram+1","Amplify","Redo","Defragment","Steam","Gash","Stack+1"],"relics":["Cracked Core","DataDisk","Letter Opener","Sozu"],"potions_floor_usage":[16,21],"damage_taken":[{"damage":0,"enemies":"Cultist","floor":1,"turns":3},{"damage":14,"enemies":"2 Louse","floor":2,"turns":3},{"damage":7,"enemies":"Small Slimes","floor":3,"turns":3},{"damage":12,"enemies":"Exordium Thugs","floor":5,"turns":4},{"damage":0,"enemies":"3 Louse","floor":7,"turns":2},{"damage":4,"enemies":"Gremlin Gang","floor":8,"turns":3},{"damage":0,"enemies":"Exordium Thugs","floor":12,"turns":3},{"damage":0,"enemies":"Large Slime","floor":13,"turns":3},{"damage":4,"enemies":"Gremlin Gang","floor":14,"turns":3},{"damage":32,"enemies":"Hexaghost","floor":16,"turns":8},{"damage":13,"enemies":"3 Byrds","floor":18,"turns":4},{"damage":46,"enemies":"2 Thieves","floor":20,"turns":4},{"damage":10,"enemies":"Snake Plant","floor":21,"turns":4},{"damage":29,"enemies":"Book of Stabbing","floor":24,"turns":4}],"seed_played":"-2468773230528988670","potions_obtained":[{"floor":2,"key":"Strength Potion"},{"floor":3,"key":"SpeedPotion"},{"floor":7,"key":"Fire Potion"}],"is_trial":false,"path_per_floor":["M","M","M","$","M","R","M","M","T","$","R","M","M","M","R","B",null,"M","$","M","M","?","R","E"],"character_chosen":"DEFECT","items_purchased":["DataDisk","Coolheaded","Defragment","Steam"],"campfire_rested":2,"item_purchase_floors":[4,10,19,19],"current_hp_per_floor":[75,61,54,54,42,42,42,38,38,38,60,60,60,56,56,24,75,62,62,16,6,6,28,0],"gold":83,"neow_bonus":"RANDOM_COLORLESS","is_prod":false,"is_daily":false,"chose_seed":false,"campfire_upgraded":2,"win_rate":0,"timestamp":1554963860,"path_taken":["M","M","M","$","M","R","M","M","T","?","R","?","M","M","R","BOSS","M","$","M","M","?","R","E"],"build_version":"2019-01-23","purchased_purges":0,"victory":false,"max_hp_per_floor":[75,75,75,75,75,75,75,75,75,75,75,75,75,75,75,75,75,75,75,75,75,75,75,75],"card_choices":[{"not_picked":["Auto Shields","Double Energy"],"picked":"Beam Cell","floor":1},{"not_picked":["Reinforced Body","Consume"],"picked":"Melter","floor":2},{"not_picked":["Rebound","Compile Driver"],"picked":"Ball Lightning","floor":3},{"not_picked":["Hello World","Leap"],"picked":"Gash","floor":5},{"not_picked":["Compile Driver","Turbo"],"picked":"Barrage","floor":7},{"not_picked":["Go for the Eyes","Ball Lightning"],"picked":"Beam Cell","floor":8},{"not_picked":["Turbo","Beam Cell"],"picked":"Sweeping Beam","floor":12},{"not_picked":["Chill","Conserve Battery"],"picked":"Barrage","floor":13},{"not_picked":["Thunder Strike","Consume"],"picked":"Hologram","floor":14},{"not_picked":["Buffer","Creative AI"],"picked":"Amplify","floor":16},{"not_picked":["Steam Power","Stack"],"picked":"Redo","floor":18},{"not_picked":["Static Discharge","Tempest"],"picked":"Gash","floor":20},{"not_picked":["Redo","Chill"],"picked":"Stack+1","floor":21}],"player_experience":149169,"relics_obtained":[{"floor":9,"key":"Letter Opener"}],"event_choices":[],"is_beta":false,"boss_relics":[{"not_picked":["Calling Bell","Orrery"],"picked":"Sozu"}],"items_purged_floors":[],"is_endless":false,"potions_floor_spawned":[2,3,7,13,14,18],"killed_by":"Book of Stabbing","ascension_level":1}