{"gold_per_floor":[215,215,231,250,153,183,198,198,244,261,261,57,74,105,105,204,204,219,239,251,351,450,481,492,492,492,526,526,542,557,567,567,665,665,676,98,112,125,143,143,175,175,199,230,230,242,260,273,273,273],"floor_reached":51,"playtime":2554,"items_purged":["Barricade"],"score":890,"play_id":"74f0c81d-8874-4d36-b9a9-69ec1569f4fa","local_time":"20190408161539","is_ascension_mode":false,"campfire_choices":[{"data":"Clothesline","floor":8,"key":"SMITH"},{"data":"Bludgeon","floor":11,"key":"SMITH"},{"data":"Flex","floor":15,"key":"SMITH"},{"floor":25,"key":"REST"},{"floor":28,"key":"REST"},{"floor":32,"key":"RECALL"},{"floor":40,"key":"REST"},{"floor":42,"key":"REST"},{"floor":45,"key":"REST"},{"floor":49,"key":"REST"}],"neow_cost":"NONE","seed_source_timestamp":265458017341999,"circlet_count":0,"master_deck":["Bash+1","Headbutt","Shrug It Off","Spot Weakness","Bludgeon+1","Clothesline+1","Iron Wave","Flex+1","Fiend Fire+1","Feed+1","Twin Strike+1","Clothesline+1","Pommel Strike+1","Headbutt+1","Shrug It Off","Inflame+1","Flame Barrier","Pommel Strike+1","Anger+1","Cleave+1","Immolate+1","Rupture","Demon Form","Offering","Rupture","Headbutt+1","Whirlwind+1","Rampage+1","Heavy Blade+1","Inflame","Power Through","Armaments","Shrug It Off","Immolate+1","Armaments+1","Disarm+1","Spot Weakness","Disarm","Headbutt+1","Uppercut+1","Battle Trance"],"relics":["Burning Blood","The Courier","Blood Vial","Strawberry","ClockworkSouvenir","Molten Egg 2","Fusion Hammer","FossilizedHelix","Pear","Self Forming Clay","Kunai","Nunchaku","Pandora\u0027s Box","Pen Nib","DollysMirror","Anchor","PreservedInsect","Bronze Scales","Ginger"],"potions_floor_usage":[6,14,20,24],"damage_taken":[{"damage":3,"enemies":"Jaw Worm","floor":1,"turns":5},{"damage":1,"enemies":"Cultist","floor":3,"turns":3},{"damage":9,"enemies":"2 Louse","floor":4,"turns":3},{"damage":23,"enemies":"3 Sentries","floor":6,"turns":8},{"damage":5,"enemies":"Exordium Wildlife","floor":7,"turns":4},{"damage":21,"enemies":"Lots of Slimes","floor":10,"turns":5},{"damage":4,"enemies":"Looter","floor":13,"turns":3},{"damage":16,"enemies":"Gremlin Nob","floor":14,"turns":3},{"damage":46,"enemies":"Hexaghost","floor":16,"turns":10},{"damage":0,"enemies":"Spheric Guardian","floor":18,"turns":2},{"damage":5,"enemies":"Shell Parasite","floor":19,"turns":3},{"damage":4,"enemies":"Centurion and Healer","floor":20,"turns":5},{"damage":22,"enemies":"Colosseum Slavers","floor":21,"turns":4},{"damage":9,"enemies":"Colosseum Nobs","floor":21,"turns":4},{"damage":38,"enemies":"Slavers","floor":23,"turns":4},{"damage":10,"enemies":"Snake Plant","floor":24,"turns":3},{"damage":18,"enemies":"Gremlin Leader","floor":27,"turns":4},{"damage":0,"enemies":"3 Cultists","floor":29,"turns":4},{"damage":0,"enemies":"Sentry and Sphere","floor":30,"turns":4},{"damage":1,"enemies":"Centurion and Healer","floor":31,"turns":4},{"damage":45,"enemies":"Champ","floor":33,"turns":8},{"damage":0,"enemies":"Orb Walker","floor":35,"turns":2},{"damage":1,"enemies":"3 Darklings","floor":37,"turns":4},{"damage":16,"enemies":"Writhing Mass","floor":38,"turns":5},{"damage":6,"enemies":"Spire Growth","floor":39,"turns":6},{"damage":27,"enemies":"Nemesis","floor":41,"turns":3},{"damage":9,"enemies":"Reptomancer","floor":44,"turns":5},{"damage":3,"enemies":"Maw","floor":46,"turns":5},{"damage":0,"enemies":"3 Darklings","floor":47,"turns":1},{"damage":5,"enemies":"Transient","floor":48,"turns":5},{"damage":82,"enemies":"Time Eater","floor":50,"turns":11}],"seed_played":"3599132724097061392","potions_obtained":[{"floor":3,"key":"SkillPotion"},{"floor":7,"key":"Fire Potion"},{"floor":13,"key":"Swift Potion"},{"floor":18,"key":"Weak Potion"},{"floor":23,"key":"AttackPotion"},{"floor":30,"key":"Explosive Potion"},{"floor":31,"key":"Ancient Potion"}],"is_trial":false,"path_per_floor":["M","?","M","M","?","E","M","R","T","M","R","$","M","E","R","B",null,"M","M","M","?","?","E","M","R","T","E","R","M","M","M","R","B",null,"M","$","M","M","M","R","E","R","T","E","R","M","M","M","R","B",null],"character_chosen":"IRONCLAD","items_purchased":["ClockworkSouvenir","Flex","Power Through","Armaments","Shrug It Off","Pen Nib","DollysMirror","Anchor"],"campfire_rested":6,"item_purchase_floors":[12,12,36,36,36,36,36,36],"current_hp_per_floor":[80,80,80,77,77,60,63,63,70,57,57,57,61,53,53,15,87,87,91,95,92,92,66,64,97,97,87,113,117,121,121,121,82,121,121,121,125,115,117,125,104,125,125,122,125,125,125,125,125,49],"gold":273,"neow_bonus":"HUNDRED_GOLD","is_prod":false,"is_daily":false,"chose_seed":false,"campfire_upgraded":3,"win_rate":1,"timestamp":1554765339,"path_taken":["M","?","M","M","?","E","M","R","T","M","R","$","?","E","R","BOSS","M","M","?","?","?","E","M","R","T","E","R","M","M","M","R","BOSS","M","$","M","M","M","R","E","R","T","E","R","M","M","M","R","BOSS"],"build_version":"2019-01-23","purchased_purges":1,"victory":true,"max_hp_per_floor":[80,80,80,80,80,80,80,80,87,87,87,87,87,87,87,87,87,87,91,95,109,109,113,113,113,113,113,113,117,121,121,121,121,121,121,121,125,125,125,125,125,125,125,125,125,125,125,125,125,125],"card_choices":[{"not_picked":["Havoc","Wild Strike"],"picked":"Headbutt","floor":1},{"not_picked":["Ghostly Armor","Metallicize"],"picked":"Shrug It Off","floor":3},{"not_picked":["Impervious","Bloodletting"],"picked":"Spot Weakness","floor":4},{"not_picked":["Flex","Armaments"],"picked":"Bludgeon","floor":6},{"not_picked":["True Grit","Thunderclap"],"picked":"Clothesline","floor":7},{"not_picked":["Clothesline","Heavy Blade"],"picked":"Iron Wave","floor":10},{"not_picked":["Body Slam","Iron Wave","Burning Pact"],"picked":"SKIP","floor":13},{"not_picked":["Havoc","Sword Boomerang"],"picked":"Fiend Fire","floor":14},{"not_picked":["Exhume","Barricade"],"picked":"Feed+1","floor":16},{"not_picked":["Wild Strike+1","Body Slam+1"],"picked":"Twin Strike+1","floor":18},{"not_picked":["Iron Wave+1","Intimidate"],"picked":"Clothesline+1","floor":19},{"not_picked":["Heavy Blade+1","Anger+1"],"picked":"Pommel Strike+1","floor":20},{"not_picked":["True Grit","Body Slam+1"],"picked":"Headbutt+1","floor":21},{"not_picked":["Warcry","Rampage+1"],"picked":"Shrug It Off","floor":23},{"not_picked":["Shrug It Off","Metallicize"],"picked":"Inflame+1","floor":24},{"not_picked":["Exhume","Power Through"],"picked":"Flame Barrier","floor":27},{"not_picked":["Entrench","Ghostly Armor+1"],"picked":"Pommel Strike+1","floor":29},{"not_picked":["Headbutt+1","Wild Strike+1"],"picked":"Anger+1","floor":30},{"not_picked":["Seeing Red","Clothesline+1"],"picked":"Cleave+1","floor":31},{"not_picked":["Impervious","Exhume"],"picked":"Immolate+1","floor":33},{"not_picked":["True Grit+1","Ghostly Armor"],"picked":"Inflame","floor":35},{"not_picked":["Pommel Strike+1","Twin Strike+1"],"picked":"Armaments+1","floor":37},{"not_picked":["Dropkick+1","Pommel Strike+1"],"picked":"Disarm+1","floor":38},{"not_picked":["Body Slam+1","Headbutt+1"],"picked":"Spot Weakness","floor":39},{"not_picked":["Iron Wave+1","Sword Boomerang+1"],"picked":"Disarm","floor":41},{"not_picked":["Heavy Blade+1","Thunderclap+1"],"picked":"Headbutt+1","floor":44},{"not_picked":["Clothesline+1","Iron Wave+1"],"picked":"Uppercut+1","floor":46},{"not_picked":["Second Wind","Shrug It Off"],"picked":"Battle Trance","floor":47},{"not_picked":["Flex+1","Corruption","True Grit"],"picked":"SKIP","floor":48}],"player_experience":223892,"relics_obtained":[{"floor":6,"key":"Blood Vial"},{"floor":9,"key":"Strawberry"},{"floor":14,"key":"Molten Egg 2"},{"floor":21,"key":"FossilizedHelix"},{"floor":21,"key":"Pear"},{"floor":23,"key":"Self Forming Clay"},{"floor":26,"key":"Kunai"},{"floor":27,"key":"Nunchaku"},{"floor":41,"key":"PreservedInsect"},{"floor":43,"key":"Bronze Scales"},{"floor":44,"key":"Ginger"}],"event_choices":[{"damage_healed":0,"gold_gain":0,"player_choice":"Grow","damage_taken":0,"max_hp_gain":0,"max_hp_loss":0,"event_name":"Living Wall","floor":2,"gold_loss":0,"cards_upgraded":["Bash"]},{"damage_healed":0,"gold_gain":0,"player_choice":"Paid Gold","damage_taken":0,"relics_obtained":["The Courier"],"max_hp_gain":0,"max_hp_loss":0,"event_name":"WeMeetAgain","floor":5,"gold_loss":97},{"damage_healed":0,"gold_gain":0,"player_choice":"Fight","damage_taken":0,"max_hp_gain":0,"max_hp_loss":0,"event_name":"Colosseum","floor":21,"gold_loss":0},{"damage_healed":0,"gold_gain":0,"player_choice":"Fought Nobs","damage_taken":0,"max_hp_gain":0,"max_hp_loss":0,"event_name":"Colosseum","floor":21,"gold_loss":0},{"damage_healed":0,"gold_gain":99,"player_choice":"Stole From Cult","damage_taken":0,"max_hp_gain":0,"max_hp_loss":0,"event_name":"Nest","floor":22,"gold_loss":0}],"is_beta":false,"boss_relics":[{"not_picked":["Black Blood","Runic Cube"],"picked":"Fusion Hammer"},{"not_picked":["Eternal Feather","Tiny House"],"picked":"Pandora\u0027s Box"}],"items_purged_floors":[36],"is_endless":false,"potions_floor_spawned":[3,7,13,18,21,23,30,31,37,38,44,46,48],"ascension_level":0}