{"gold_per_floor":[118,118,118,393,318,346,361,375,375,388,405,436,436,449,449,528,528,542,145,145,164,82,82,108,108,154,182,212,247,267,279,279,356,356,373,425,425,425,34,64,64,89,112,140,155,166,201,201,201,201,201,201,93,126,126],"floor_reached":55,"playtime":6141,"items_purged":["Regret","Writhe"],"score":1539,"play_id":"3e93aef7-7679-4225-866e-33dbbe290012","local_time":"20190330031029","is_ascension_mode":true,"campfire_choices":[{"data":"Defragment","floor":15.0,"key":"SMITH"},{"floor":23.0,"key":"REST"},{"data":"Metamorphosis","floor":25.0,"key":"SMITH"},{"floor":32.0,"key":"REST"},{"floor":41.0,"key":"RECALL"},{"floor":49.0,"key":"REST"},{"data":"FTL","floor":52.0,"key":"SMITH"}],"neow_cost":"NONE","seed_source_timestamp":0,"circlet_count":0,"master_deck":["AscendersBane","Zap+1","Dualcast+1","Genetic Algorithm","Genetic Algorithm","Self Repair","All For One","Conserve Battery","BootSequence","Ball Lightning","Gash","Chill","Defragment+1","White Noise","Core Surge","Conserve Battery+1","Electrodynamics+1","Stack+1","Ball Lightning","Metamorphosis+1","Go for the Eyes","FTL+1","Chill+1","Cold Snap+1","Echo Form","Aggregate+1","Coolheaded+1","Glacier+1","Loop","Scrape","Turbo+1"],"special_seed":0,"relics":["Pandora\u0027s Box","Mango","Blood Vial","GremlinMask","Astrolabe","Runic Capacitor","Toxic Egg 2","PreservedInsect","DataDisk","Red Mask","Vajra","Sozu","Peace Pipe","Calipers","Juzu Bracelet","Potion Belt","Centennial Puzzle","Mummified Hand","Kunai","Happy Flower"],"potions_floor_usage":[],"damage_taken":[{"damage":1.0,"enemies":"Cultist","floor":1.0,"turns":4.0},{"damage":21.0,"enemies":"Lagavulin","floor":6.0,"turns":7.0},{"damage":0.0,"enemies":"Small Slimes","floor":7.0,"turns":5.0},{"damage":0.0,"enemies":"2 Louse","floor":8.0,"turns":3.0},{"damage":2.0,"enemies":"2 Fungi Beasts","floor":10.0,"turns":4.0},{"damage":0.0,"enemies":"Blue Slaver","floor":11.0,"turns":3.0},{"damage":37.0,"enemies":"Gremlin Nob","floor":12.0,"turns":6.0},{"damage":0.0,"enemies":"Gremlin Gang","floor":14.0,"turns":4.0},{"damage":16.0,"enemies":"Slime Boss","floor":16.0,"turns":5.0},{"damage":14.0,"enemies":"Chosen","floor":18.0,"turns":4.0},{"damage":10.0,"enemies":"Shell Parasite","floor":21.0,"turns":4.0},{"damage":19.0,"enemies":"Slavers","floor":24.0,"turns":4.0},{"damage":19.0,"enemies":"Gremlin Leader","floor":27.0,"turns":4.0},{"damage":8.0,"enemies":"Masked Bandits","floor":28.0,"turns":4.0},{"damage":8.0,"enemies":"Book of Stabbing","floor":29.0,"turns":5.0},{"damage":0.0,"enemies":"Chosen and Byrds","floor":30.0,"turns":5.0},{"damage":2.0,"enemies":"Snake Plant","floor":31.0,"turns":5.0},{"damage":1.0,"enemies":"Automaton","floor":33.0,"turns":7.0},{"damage":0.0,"enemies":"3 Darklings","floor":35.0,"turns":5.0},{"damage":27.0,"enemies":"2 Orb Walkers","floor":36.0,"turns":5.0},{"damage":0.0,"enemies":"Giant Head","floor":40.0,"turns":7.0},{"damage":0.0,"enemies":"Nemesis","floor":42.0,"turns":5.0},{"damage":35.0,"enemies":"Reptomancer","floor":44.0,"turns":5.0},{"damage":0.0,"enemies":"3 Shapes","floor":45.0,"turns":4.0},{"damage":0.0,"enemies":"Transient","floor":46.0,"turns":5.0},{"damage":20.0,"enemies":"Nemesis","floor":47.0,"turns":5.0},{"damage":14.0,"enemies":"Time Eater","floor":50.0,"turns":12.0},{"damage":17.0,"enemies":"Shield and Spear","floor":54.0,"turns":5.0},{"damage":96,"enemies":"The Heart","floor":55,"turns":6}],"seed_played":"3911159704627144504","potions_obtained":[{"floor":6.0,"key":"Explosive Potion"},{"floor":11.0,"key":"Regen Potion"},{"floor":12.0,"key":"FearPotion"},{"floor":14.0,"key":"Fire Potion"},{"floor":21.0,"key":"Fire Potion"},{"floor":24.0,"key":"FairyPotion"},{"floor":29.0,"key":"LiquidBronze"},{"floor":33.0,"key":"Block Potion"}],"is_trial":false,"path_per_floor":["M","?","?","?","$","E","M","M","T","M","M","E","?","M","R","B",null,"M","$","?","M","$","R","E","R","T","E","?","E","M","M","R","B",null,"M","?","$","?","$","E","R","E","T","E","M","M","E","?","R","B",null,"R","$","E","B"],"character_chosen":"DEFECT","items_purchased":["Runic Capacitor","Metamorphosis","FTL","Calipers","Loop","Scrape"],"campfire_rested":3,"item_purchase_floors":[19,19,22,39,53,53],"current_hp_per_floor":[70,49,49,49,49,49,56,63,63,68,75,54,54,63,63,56,78,73,73,48,40,40,67,50,50,50,33,34,35,44,44,71,79,87,90,70,70,88,88,90,90,90,90,55,57,66,62,62,89,76,87,87,87,72,0],"gold":126,"neow_bonus":"BOSS_RELIC","is_prod":false,"is_daily":false,"chose_seed":false,"campfire_upgraded":3,"win_rate":0,"timestamp":1553883029,"path_taken":["M","?","?","?","$","E","?","M","T","?","M","E","?","M","R","BOSS","M","$","?","M","$","R","E","R","T","E","?","E","M","M","R","BOSS","M","?","$","?","$","E","R","E","T","E","M","M","E","?","R","BOSS","R","$","E","BOSS"],"build_version":"2019-01-23","purchased_purges":2,"victory":false,"max_hp_per_floor":[71,71,71,71,71,85,85,85,85,85,85,85,85,85,85,85,85,85,85,90,90,90,90,90,90,90,90,90,90,90,90,90,90,90,90,90,90,90,90,90,90,90,90,90,90,90,90,90,90,90,90,90,90,90,90],"card_choices":[{"not_picked":["Beam Cell","Darkness"],"picked":"Conserve Battery","floor":1.0},{"not_picked":["Undo","Compile Driver"],"picked":"BootSequence","floor":6.0},{"not_picked":["Conserve Battery","Reinforced Body"],"picked":"Ball Lightning","floor":7.0},{"not_picked":["Beam Cell","Stack"],"picked":"Gash","floor":8.0},{"not_picked":["Hello World","Loop"],"picked":"Chill","floor":10.0},{"not_picked":["Auto Shields","Leap"],"picked":"Defragment","floor":11.0},{"not_picked":["Coolheaded","Consume"],"picked":"White Noise","floor":12.0},{"not_picked":["Compile Driver","Sweeping Beam","Turbo"],"picked":"SKIP","floor":14.0},{"not_picked":["Fission","Thunder Strike"],"picked":"Core Surge","floor":16.0},{"not_picked":["Compile Driver","Chaos"],"picked":"Ball Lightning","floor":18.0},{"not_picked":["Beam Cell","Storm"],"picked":"Go for the Eyes","floor":21.0},{"not_picked":["Sweeping Beam","Genetic Algorithm"],"picked":"Chill","floor":24.0},{"not_picked":["Streamline+1","Steam Power+1"],"picked":"Cold Snap+1","floor":27.0},{"not_picked":["Coolheaded+1","Recycle+1"],"picked":"Echo Form","floor":28.0},{"not_picked":["Conserve Battery+1","Machine Learning"],"picked":"Aggregate+1","floor":29.0},{"not_picked":["Chaos+1","Turbo+1","Leap+1"],"picked":"SKIP","floor":30.0},{"not_picked":["Ball Lightning","Multi-Cast+1","Blizzard"],"picked":"SKIP","floor":31.0},{"not_picked":["Thunder Strike","Amplify+1"],"picked":"Buffer","floor":33.0},{"not_picked":["Rebound+1","Streamline","Undo+1"],"picked":"SKIP","floor":35.0},{"not_picked":["Streamline","Steam Power+1"],"picked":"Coolheaded+1","floor":36.0},{"not_picked":["Sunder","Reprogram+1","Buffer"],"picked":"SKIP","floor":40.0},{"not_picked":["Undo+1","Tempest+1","Self Repair"],"picked":"SKIP","floor":42.0},{"not_picked":["Conserve Battery+1","Hologram+1","Leap+1"],"picked":"SKIP","floor":44.0},{"not_picked":["Redo+1","Streamline"],"picked":"Glacier+1","floor":45.0},{"not_picked":["Streamline+1","Go for the Eyes","Conserve Battery+1"],"picked":"SKIP","floor":46.0},{"not_picked":["Electrodynamics","Steam Power+1","Sunder"],"picked":"SKIP","floor":47.0},{"not_picked":["Tempest+1","Go for the Eyes"],"picked":"Turbo+1","floor":54.0}],"player_experience":410971,"relics_obtained":[{"floor":6.0,"key":"Mango"},{"floor":12.0,"key":"Blood Vial"},{"floor":24.0,"key":"Toxic Egg 2"},{"floor":26.0,"key":"PreservedInsect"},{"floor":27.0,"key":"DataDisk"},{"floor":28.0,"key":"Red Mask"},{"floor":29.0,"key":"Vajra"},{"floor":36.0,"key":"Peace Pipe"},{"floor":40.0,"key":"Juzu Bracelet"},{"floor":42.0,"key":"Potion Belt"},{"floor":43.0,"key":"Centennial Puzzle"},{"floor":44.0,"key":"Mummified Hand"},{"floor":47.0,"key":"Kunai"},{"floor":54.0,"key":"Happy Flower"}],"event_choices":[{"damage_healed":0.0,"max_hp_gain":0.0,"max_hp_loss":0.0,"gold_gain":0.0,"event_name":"Shining Light","player_choice":"Entered Light","floor":2.0,"gold_loss":0.0,"damage_taken":21.0,"cards_upgraded":["Zap","Dualcast"]},{"cards_removed":["Meteor Strike"],"damage_healed":0.0,"max_hp_gain":0.0,"max_hp_loss":0.0,"gold_gain":0.0,"event_name":"Living Wall","player_choice":"Forget","floor":3.0,"gold_loss":0.0,"damage_taken":0.0},{"damage_healed":0.0,"max_hp_gain":0.0,"max_hp_loss":0.0,"gold_gain":275.0,"event_name":"Golden Shrine","player_choice":"Desecrate","floor":4.0,"gold_loss":0.0,"damage_taken":0.0,"cards_obtained":["Regret"]},{"damage_healed":0.0,"max_hp_gain":0.0,"max_hp_loss":0.0,"gold_gain":0.0,"event_name":"FaceTrader","player_choice":"Trade","floor":13.0,"gold_loss":0.0,"damage_taken":0.0,"relics_obtained":["GremlinMask"]},{"damage_healed":0.0,"max_hp_gain":5.0,"max_hp_loss":0.0,"gold_gain":0.0,"event_name":"Forgotten Altar","player_choice":"Shed Blood","floor":20.0,"gold_loss":0.0,"damage_taken":30.0},{"damage_healed":0.0,"max_hp_gain":0.0,"max_hp_loss":0.0,"gold_gain":0.0,"event_name":"Masked Bandits","player_choice":"Fought Bandits","floor":28.0,"gold_loss":0.0,"damage_taken":0.0},{"damage_healed":0.0,"max_hp_gain":0.0,"max_hp_loss":0.0,"gold_gain":0.0,"event_name":"Mysterious Sphere","player_choice":"Fight","floor":36.0,"gold_loss":0.0,"damage_taken":0.0},{"damage_healed":18.0,"max_hp_gain":0.0,"max_hp_loss":0.0,"gold_gain":0.0,"event_name":"Winding Halls","player_choice":"Writhe","floor":38.0,"gold_loss":0.0,"damage_taken":0.0,"cards_obtained":["Writhe"]},{"cards_removed":["Buffer"],"damage_healed":0.0,"max_hp_gain":0.0,"max_hp_loss":0.0,"gold_gain":0.0,"event_name":"Falling","player_choice":"Removed Power","floor":48.0,"gold_loss":0.0,"damage_taken":0.0}],"is_beta":false,"boss_relics":[{"not_picked":["Busted Crown","Eternal Feather"],"picked":"Astrolabe"},{"not_picked":["Lizard Tail","Runic Pyramid"],"picked":"Sozu"}],"items_purged_floors":[5,39],"is_endless":false,"potions_floor_spawned":[6,11,12,14,21,24,29,33,42,44,45,47],"killed_by":"The Heart","ascension_level":15}