{"gold_per_floor":[111,111,131,146,146,146,179,179,179,193,212,212,228,248,248,344,344,359,92,17,33,47,47,76,76,128,141,141,176,176,210,210,305,305,317,332,345,357,371,402,208,226,272,272,272,307,307,322,322,322],"floor_reached":51,"playtime":2207,"items_purged":[],"score":851,"play_id":"a4f363a6-ebe8-4b86-8d72-8ab603c3d341","local_time":"20190408230259","is_ascension_mode":false,"campfire_choices":[{"data":"Bash","floor":6,"key":"SMITH"},{"data":"Inflame","floor":8,"key":"SMITH"},{"data":"Perfected Strike","floor":12,"key":"SMITH"},{"data":"Feed","floor":15,"key":"SMITH"},{"data":"Perfected Strike","floor":23,"key":"SMITH"},{"data":"Shockwave","floor":25,"key":"SMITH"},{"data":"Immolate","floor":30,"key":"SMITH"},{"data":"Limit Break","floor":32,"key":"SMITH"},{"data":"Armaments","floor":45,"key":"SMITH"},{"data":"Spot Weakness","floor":47,"key":"SMITH"},{"data":"Panache","floor":49,"key":"SMITH"}],"neow_cost":"PERCENT_DAMAGE","seed_source_timestamp":290248739032300,"circlet_count":0,"master_deck":["Strike_R","Strike_R","Strike_R","Strike_R","Strike_R","Defend_R","Defend_R","Defend_R","Bash+1","Feed+1","Fiend Fire+1","Inflame+1","Metallicize","Metallicize","Spot Weakness+1","Perfected Strike+1","Reaper","Cleave","Limit Break+1","Corruption","Feel No Pain","Perfected Strike+1","Reaper","Shrug It Off+1","Shockwave+1","Cleave+1","Immolate+1","Reaper","Shrug It Off+1","Headbutt+1","Armaments+1","Panache+1","Mind Blast","Finesse","Power Through","Perfected Strike+1"],"relics":["Burning Blood","Ginger","Gremlin Horn","Snecko Eye","Darkstone Periapt","Omamori","Red Mask","Shuriken","Busted Crown","Lantern","Strange Spoon","Juzu Bracelet","Gambling Chip"],"potions_floor_usage":[24,33,50,50],"damage_taken":[{"damage":0,"enemies":"2 Louse","floor":1,"turns":4},{"damage":1,"enemies":"Cultist","floor":3,"turns":3},{"damage":6,"enemies":"Jaw Worm","floor":4,"turns":4},{"damage":14,"enemies":"Gremlin Nob","floor":7,"turns":4},{"damage":5,"enemies":"Red Slaver","floor":10,"turns":6},{"damage":0,"enemies":"3 Louse","floor":11,"turns":2},{"damage":2,"enemies":"2 Fungi Beasts","floor":13,"turns":3},{"damage":6,"enemies":"Large Slime","floor":14,"turns":5},{"damage":29,"enemies":"Slime Boss","floor":16,"turns":6},{"damage":0,"enemies":"Chosen","floor":18,"turns":3},{"damage":12,"enemies":"Shell Parasite","floor":21,"turns":2},{"damage":7,"enemies":"Centurion and Healer","floor":22,"turns":6},{"damage":46,"enemies":"Slavers","floor":24,"turns":5},{"damage":7,"enemies":"3 Cultists","floor":27,"turns":4},{"damage":4,"enemies":"Masked Bandits","floor":29,"turns":3},{"damage":0,"enemies":"Gremlin Leader","floor":31,"turns":5},{"damage":4,"enemies":"Collector","floor":33,"turns":6},{"damage":13,"enemies":"3 Shapes","floor":35,"turns":3},{"damage":8,"enemies":"Orb Walker","floor":36,"turns":4},{"damage":3,"enemies":"4 Shapes","floor":37,"turns":2},{"damage":0,"enemies":"3 Darklings","floor":38,"turns":1},{"damage":19,"enemies":"Sphere and 2 Shapes","floor":39,"turns":3},{"damage":20,"enemies":"Reptomancer","floor":40,"turns":4},{"damage":1,"enemies":"4 Shapes","floor":42,"turns":2},{"damage":4,"enemies":"Giant Head","floor":46,"turns":5},{"damage":1,"enemies":"Maw","floor":48,"turns":6},{"damage":45,"enemies":"Donu and Deca","floor":50,"turns":8}],"seed_played":"-6630712418811043651","potions_obtained":[{"floor":1,"key":"PowerPotion"},{"floor":4,"key":"Ancient Potion"},{"floor":11,"key":"EssenceOfSteel"},{"floor":14,"key":"SteroidPotion"},{"floor":33,"key":"Dexterity Potion"},{"floor":36,"key":"BloodPotion"},{"floor":42,"key":"Dexterity Potion"}],"is_trial":false,"path_per_floor":["M","?","M","M","?","R","E","R","T","M","M","R","M","M","R","B",null,"M","$","?","M","M","R","E","R","T","M","?","?","R","E","R","B",null,"M","M","M","M","M","E","$","M","T","?","R","E","R","M","R","B",null],"character_chosen":"IRONCLAD","items_purchased":["Feel No Pain","Perfected Strike","Reaper","Strange Spoon"],"campfire_rested":0,"item_purchase_floors":[19,19,19,41],"current_hp_per_floor":[65,65,73,76,76,76,68,68,68,72,81,81,88,91,91,72,105,109,109,109,103,106,106,106,106,106,121,121,125,125,129,129,129,129,133,135,137,137,124,132,132,141,141,131,131,144,144,149,149,130],"gold":322,"neow_bonus":"THREE_RARE_CARDS","is_prod":false,"is_daily":false,"chose_seed":false,"campfire_upgraded":11,"win_rate":1,"timestamp":1554789779,"path_taken":["M","?","?","M","?","R","E","R","T","?","M","R","M","M","R","BOSS","M","$","?","M","M","R","E","R","T","M","?","?","R","E","R","BOSS","M","M","M","M","M","E","$","M","T","?","R","E","R","M","R","BOSS"],"build_version":"2019-01-23","purchased_purges":0,"victory":true,"max_hp_per_floor":[83,83,86,89,89,89,89,89,89,92,95,95,98,101,101,105,105,109,109,109,109,113,113,117,117,117,121,121,125,125,129,129,129,129,133,137,137,137,137,141,141,145,145,145,145,145,145,149,149,149],"card_choices":[{"not_picked":["Juggernaut","Dark Embrace"],"picked":"Feed","floor":0},{"not_picked":["Thunderclap","Entrench","Flex"],"picked":"SKIP","floor":1},{"not_picked":["Havoc","Seeing Red"],"picked":"Inflame","floor":3},{"not_picked":["Body Slam","Thunderclap"],"picked":"Metallicize","floor":4},{"not_picked":["Pummel","Entrench"],"picked":"Metallicize","floor":7},{"not_picked":["Disarm","Thunderclap"],"picked":"Spot Weakness","floor":10},{"not_picked":["Thunderclap","Warcry"],"picked":"Perfected Strike","floor":11},{"not_picked":["Flex","Clash"],"picked":"Reaper","floor":13},{"not_picked":["Warcry","Heavy Blade"],"picked":"Cleave","floor":14},{"not_picked":["Feed","Bludgeon"],"picked":"Limit Break","floor":16},{"not_picked":["Cleave","Sever Soul"],"picked":"Corruption","floor":18},{"not_picked":["Heavy Blade","Flex+1"],"picked":"Shrug It Off+1","floor":21},{"not_picked":["Warcry","Iron Wave","Wild Strike"],"picked":"SKIP","floor":22},{"not_picked":["True Grit","Flex"],"picked":"Shockwave","floor":24},{"not_picked":["Pommel Strike","Warcry"],"picked":"Cleave+1","floor":27},{"not_picked":["Cleave","Pommel Strike"],"picked":"Immolate","floor":29},{"not_picked":["Clash","Flex","Searing Blow"],"picked":"SKIP","floor":31},{"not_picked":["Barricade","Brutality"],"picked":"Reaper","floor":33},{"not_picked":["Infernal Blade"],"picked":"SKIP","floor":35},{"not_picked":[],"picked":"Shrug It Off+1","floor":36},{"not_picked":["Cleave+1"],"picked":"SKIP","floor":37},{"not_picked":[],"picked":"Headbutt+1","floor":38},{"not_picked":["Cleave"],"picked":"SKIP","floor":39},{"not_picked":["Barricade"],"picked":"SKIP","floor":40},{"not_picked":[],"picked":"Armaments","floor":42},{"not_picked":[],"picked":"Panache","floor":44},{"not_picked":[],"picked":"Mind Blast","floor":44},{"not_picked":[],"picked":"Finesse","floor":44},{"not_picked":[],"picked":"Power Through","floor":46},{"not_picked":[],"picked":"Perfected Strike+1","floor":48}],"player_experience":230172,"relics_obtained":[{"floor":7,"key":"Ginger"},{"floor":9,"key":"Gremlin Horn"},{"floor":24,"key":"Darkstone Periapt"},{"floor":26,"key":"Omamori"},{"floor":29,"key":"Red Mask"},{"floor":31,"key":"Shuriken"},{"floor":40,"key":"Lantern"},{"floor":43,"key":"Juzu Bracelet"},{"floor":46,"key":"Gambling Chip"}],"event_choices":[{"damage_healed":0,"gold_gain":0,"player_choice":"1 cards matched","damage_taken":0,"max_hp_gain":0,"max_hp_loss":0,"event_name":"Match and Keep!","floor":2,"gold_loss":0,"cards_obtained":["Fiend Fire"]},{"damage_healed":0,"gold_gain":0,"player_choice":"Upgraded","damage_taken":0,"max_hp_gain":0,"max_hp_loss":0,"event_name":"Upgrade Shrine","floor":5,"gold_loss":0,"cards_upgraded":["Fiend Fire"]},{"cards_removed":["Defend_R"],"damage_healed":0,"gold_gain":0,"player_choice":"Gave Gold","damage_taken":0,"max_hp_gain":0,"max_hp_loss":0,"event_name":"Beggar","floor":20,"gold_loss":75},{"damage_healed":0,"gold_gain":0,"player_choice":"Ignored","damage_taken":0,"max_hp_gain":0,"max_hp_loss":0,"event_name":"Ghosts","floor":28,"gold_loss":0},{"damage_healed":0,"gold_gain":0,"player_choice":"Fought Bandits","damage_taken":0,"max_hp_gain":0,"max_hp_loss":0,"event_name":"Masked Bandits","floor":29,"gold_loss":0},{"damage_healed":0,"gold_gain":0,"player_choice":"Memory 3","damage_taken":10,"max_hp_gain":0,"max_hp_loss":0,"event_name":"SensoryStone","floor":44,"gold_loss":0}],"is_beta":false,"boss_relics":[{"not_picked":["Lizard Tail","Tiny House"],"picked":"Snecko Eye"},{"not_picked":["Runic Dome","Empty Cage"],"picked":"Busted Crown"}],"items_purged_floors":[],"is_endless":false,"potions_floor_spawned":[1,4,11,14,16,21,22,33,36,37,42,46],"ascension_level":0}