{"gold_per_floor":[219,235,310,322,339,339,373,373,373,33,33,33,62,80,80,175,175,190,65,115,135,155,182,194,95,119,132,147,175,175,190,190,285,285,302,317,328,338,353,386,386,406,406,420,420,455,455,1,1,1],"floor_reached":51,"playtime":4406,"items_purged":["Defend_R","Strike_R"],"score":788,"play_id":"8d974a5f-6fa0-40a0-a151-6b60e3f04701","local_time":"20190409115613","is_ascension_mode":false,"campfire_choices":[{"data":"Uppercut","floor":6,"key":"SMITH"},{"data":"Bash","floor":8,"key":"SMITH"},{"data":"True Grit","floor":12,"key":"SMITH"},{"data":"Corruption","floor":15,"key":"SMITH"},{"data":"Panacea","floor":30,"key":"SMITH"},{"data":"Armaments","floor":32,"key":"SMITH"},{"floor":41,"key":"REST"},{"floor":45,"key":"REST"},{"data":"Limit Break","floor":49,"key":"SMITH"}],"neow_cost":"NONE","seed_source_timestamp":334449734985600,"circlet_count":0,"master_deck":["Strike_R","Strike_R","Defend_R","Defend_R","Defend_R","Bash+1","Shrug It Off","Iron Wave","Uppercut+1","Combust","Reaper","Feel No Pain","Panacea+1","Shrug It Off","True Grit+1","Feel No Pain","Corruption+1","Impervious","Armaments+1","Flex+1","Shrug It Off","Carnage","Juggernaut","Armaments","Warcry+1","True Grit","Shrug It Off","Limit Break+1","Carnage+1","Clothesline+1","Berserk","Headbutt","Headbutt+1","Spot Weakness","Metallicize+1"],"relics":["Burning Blood","Blood Vial","Question Card","Bottled Flame","Philosopher\u0027s Stone","Orichalcum","Oddly Smooth Stone","Smiling Mask","Empty Cage","Frozen Egg 2","Letter Opener","Du-Vu Doll","Gambling Chip"],"potions_floor_usage":[7,16,23,33,40,40,50,50,50],"damage_taken":[{"damage":0,"enemies":"Small Slimes","floor":1,"turns":3},{"damage":6,"enemies":"Cultist","floor":2,"turns":3},{"damage":2,"enemies":"Jaw Worm","floor":4,"turns":5},{"damage":30,"enemies":"Exordium Wildlife","floor":5,"turns":8},{"damage":22,"enemies":"3 Sentries","floor":7,"turns":6},{"damage":24,"enemies":"Lagavulin","floor":13,"turns":8},{"damage":14,"enemies":"Exordium Thugs","floor":14,"turns":5},{"damage":20,"enemies":"The Guardian","floor":16,"turns":13},{"damage":17,"enemies":"2 Thieves","floor":18,"turns":4},{"damage":15,"enemies":"Spheric Guardian","floor":21,"turns":6},{"damage":4,"enemies":"Snake Plant","floor":22,"turns":6},{"damage":29,"enemies":"Slavers","floor":23,"turns":7},{"damage":6,"enemies":"Centurion and Healer","floor":24,"turns":13},{"damage":4,"enemies":"Sentry and Sphere","floor":27,"turns":7},{"damage":1,"enemies":"Snake Plant","floor":28,"turns":4},{"damage":25,"enemies":"Book of Stabbing","floor":29,"turns":6},{"damage":37,"enemies":"3 Cultists","floor":31,"turns":6},{"damage":25,"enemies":"Automaton","floor":33,"turns":15},{"damage":6,"enemies":"Orb Walker","floor":35,"turns":6},{"damage":2,"enemies":"3 Shapes","floor":36,"turns":7},{"damage":0,"enemies":"Sphere and 2 Shapes","floor":37,"turns":6},{"damage":6,"enemies":"Writhing Mass","floor":38,"turns":7},{"damage":24,"enemies":"Transient","floor":39,"turns":5},{"damage":57,"enemies":"Reptomancer","floor":40,"turns":8},{"damage":36,"enemies":"Sphere and 2 Shapes","floor":42,"turns":6},{"damage":23,"enemies":"Spire Growth","floor":44,"turns":7},{"damage":6,"enemies":"Giant Head","floor":46,"turns":10},{"damage":59,"enemies":"Donu and Deca","floor":50,"turns":11}],"seed_played":"-7508394027103016686","potions_obtained":[{"floor":4,"key":"SteroidPotion"},{"floor":5,"key":"BloodPotion"},{"floor":13,"key":"GamblersBrew"},{"floor":14,"key":"Weak Potion"},{"floor":18,"key":"LiquidBronze"},{"floor":27,"key":"Regen Potion"},{"floor":37,"key":"Block Potion"},{"floor":39,"key":"SpeedPotion"},{"floor":40,"key":"AttackPotion"},{"floor":44,"key":"Explosive Potion"}],"is_trial":false,"path_per_floor":["M","M","?","M","M","R","E","R","T","$","?","R","E","M","R","B",null,"M","$","?","M","M","E","M","$","T","M","M","E","R","M","R","B",null,"M","M","M","M","M","E","R","M","T","M","R","E","?","$","R","B",null],"character_chosen":"IRONCLAD","items_purchased":["Feel No Pain","Panacea","Shrug It Off","True Grit","Block Potion","Armaments","PowerPotion","Armaments","Spot Weakness","Metallicize+1","Gambling Chip"],"campfire_rested":2,"item_purchase_floors":[10,10,10,10,10,19,25,25,48,48,48],"current_hp_per_floor":[80,80,72,76,52,52,44,44,44,44,70,70,58,56,56,57,80,79,79,79,78,80,57,69,69,69,73,80,67,67,54,54,55,80,80,80,80,80,62,37,61,37,37,28,52,69,69,69,69,80],"gold":1,"neow_bonus":"HUNDRED_GOLD","is_prod":false,"is_daily":false,"chose_seed":false,"campfire_upgraded":7,"win_rate":1,"timestamp":1554836173,"path_taken":["M","M","?","?","M","R","E","R","T","?","?","R","E","M","R","BOSS","M","$","?","M","M","E","M","?","T","?","M","E","R","M","R","BOSS","M","M","M","M","M","E","R","M","T","M","R","E","?","$","R","BOSS"],"build_version":"2019-01-23","purchased_purges":2,"victory":true,"max_hp_per_floor":[80,80,80,80,80,80,80,80,80,80,80,80,80,80,80,80,80,80,80,80,80,80,80,80,80,80,80,80,80,80,80,80,80,80,80,80,80,80,80,80,80,80,80,80,80,80,80,80,80,80],"card_choices":[{"not_picked":["Thunderclap","Whirlwind"],"picked":"Shrug It Off","floor":1},{"not_picked":["Sword Boomerang","Cleave"],"picked":"Iron Wave","floor":2},{"not_picked":["Iron Wave","Pummel"],"picked":"Uppercut","floor":4},{"not_picked":["Feel No Pain","Wild Strike"],"picked":"Combust","floor":5},{"not_picked":["Sentinel","Rage"],"picked":"Reaper","floor":7},{"not_picked":["Pommel Strike","Evolve","Warcry"],"picked":"Feel No Pain","floor":13},{"not_picked":["Bloodletting","Heavy Blade","True Grit"],"picked":"Corruption","floor":14},{"not_picked":["Barricade","Reaper","Offering"],"picked":"Impervious","floor":16},{"not_picked":["Clash","Intimidate","Hemokinesis","Thunderclap+1"],"picked":"SKIP","floor":18},{"not_picked":["Infernal Blade","Rampage","Heavy Blade"],"picked":"Flex+1","floor":21},{"not_picked":["Evolve","Searing Blow","Clash"],"picked":"Shrug It Off","floor":22},{"not_picked":["Clash","Body Slam","Armaments"],"picked":"Carnage","floor":23},{"not_picked":["Ghostly Armor","Cleave","Clothesline"],"picked":"Juggernaut","floor":24},{"not_picked":["Intimidate","Body Slam","Wild Strike","Fire Breathing"],"picked":"SKIP","floor":27},{"not_picked":["Pommel Strike","Fiend Fire","Infernal Blade"],"picked":"Warcry+1","floor":28},{"not_picked":["Thunderclap+1","Blood for Blood","Burning Pact"],"picked":"True Grit","floor":29},{"not_picked":["Sword Boomerang","Cleave+1","Havoc"],"picked":"Shrug It Off","floor":31},{"not_picked":["Brutality","Fiend Fire","Exhume"],"picked":"Limit Break","floor":33},{"not_picked":["Perfected Strike","Warcry","Second Wind+1"],"picked":"Carnage+1","floor":35},{"not_picked":["Blood for Blood+1","Armaments","True Grit"],"picked":"Clothesline+1","floor":36},{"not_picked":["Anger","Reckless Charge","Perfected Strike+1","Thunderclap"],"picked":"SKIP","floor":37},{"not_picked":["Havoc+1","Sever Soul","Clash+1"],"picked":"Berserk","floor":38},{"not_picked":["True Grit","Wild Strike","Anger+1","Warcry+1"],"picked":"SKIP","floor":39},{"not_picked":["Thunderclap","Twin Strike","Evolve+1","Searing Blow"],"picked":"SKIP","floor":40},{"not_picked":["Clothesline","Perfected Strike+1","Immolate"],"picked":"Headbutt","floor":42},{"not_picked":["Body Slam","Intimidate+1","Clash","Cleave+1"],"picked":"SKIP","floor":44},{"not_picked":["Power Through+1","Body Slam","Cleave"],"picked":"Headbutt+1","floor":46}],"player_experience":238554,"relics_obtained":[{"floor":7,"key":"Blood Vial"},{"floor":9,"key":"Question Card"},{"floor":13,"key":"Bottled Flame"},{"floor":23,"key":"Orichalcum"},{"floor":26,"key":"Oddly Smooth Stone"},{"floor":29,"key":"Smiling Mask"},{"floor":40,"key":"Frozen Egg 2"},{"floor":43,"key":"Letter Opener"},{"floor":46,"key":"Du-Vu Doll"}],"event_choices":[{"damage_healed":0,"gold_gain":75,"player_choice":"Touch","damage_taken":8,"max_hp_gain":0,"max_hp_loss":0,"event_name":"FaceTrader","floor":3,"gold_loss":0},{"damage_healed":26,"gold_gain":0,"player_choice":"Banana","damage_taken":0,"max_hp_gain":0,"max_hp_loss":0,"event_name":"Big Fish","floor":11,"gold_loss":0},{"damage_healed":0,"gold_gain":100,"player_choice":"Bet on Murderer","damage_taken":0,"max_hp_gain":0,"max_hp_loss":0,"event_name":"The Joust","floor":20,"gold_loss":50},{"damage_healed":0,"gold_gain":0,"player_choice":"Ignored","damage_taken":0,"max_hp_gain":0,"max_hp_loss":0,"event_name":"Mysterious Sphere","floor":47,"gold_loss":0}],"is_beta":false,"boss_relics":[{"not_picked":["Ectoplasm","Tiny House"],"picked":"Philosopher\u0027s Stone"},{"not_picked":["Calling Bell","Runic Dome"],"picked":"Empty Cage"}],"items_purged_floors":[10,19],"is_endless":false,"potions_floor_spawned":[4,5,13,14,18,21,27,28,29,37,38,39,40,44],"ascension_level":0}