{"gold_per_floor":[115,131,141,100,110,110,110,110,136,169,94,111,137,137],"floor_reached":14,"playtime":805,"items_purged":["Writhe"],"score":190,"play_id":"851c5d3f-2208-427f-8576-35e3b330b98a","local_time":"20190403195550","is_ascension_mode":true,"campfire_choices":[{"data":"Zap","floor":6,"key":"SMITH"},{"data":"Hologram","floor":8,"key":"SMITH"}],"neow_cost":"TEN_PERCENT_HP_LOSS","seed_source_timestamp":107067240206767,"circlet_count":0,"master_deck":["AscendersBane","Strike_B","Strike_B","Strike_B+1","Strike_B","Defend_B","Defend_B","Defend_B","Defend_B","Zap+1","Dualcast","Cold Snap+1","Hologram+1","Machine Learning","Capacitor","Tempest","Echo Form","Cold Snap","Defragment","Electrodynamics"],"relics":["Cracked Core","Du-Vu Doll","Whetstone","Ancient Tea Set","Ornamental Fan"],"potions_floor_usage":[10,10,13,14],"damage_taken":[{"damage":1,"enemies":"Cultist","floor":1,"turns":3},{"damage":9,"enemies":"2 Louse","floor":2,"turns":2},{"damage":0,"enemies":"Jaw Worm","floor":3,"turns":4},{"damage":24,"enemies":"Large Slime","floor":5,"turns":7},{"damage":8,"enemies":"Gremlin Nob","floor":10,"turns":3},{"damage":4,"enemies":"Exordium Wildlife","floor":12,"turns":4},{"damage":10,"enemies":"3 Sentries","floor":13,"turns":7},{"damage":12,"enemies":"Exordium Thugs","floor":14,"turns":2}],"seed_played":"8967994942260396381","potions_obtained":[{"floor":3,"key":"Explosive Potion"},{"floor":5,"key":"Poison Potion"},{"floor":12,"key":"Dexterity Potion"},{"floor":13,"key":"Swift Potion"}],"is_trial":false,"path_per_floor":["M","M","M","$","M","R","?","R","T","E","$","M","E","M"],"character_chosen":"DEFECT","items_purchased":["Capacitor"],"campfire_rested":0,"item_purchase_floors":[4],"current_hp_per_floor":[63,54,54,54,30,30,30,30,30,22,22,18,8,0],"gold":137,"neow_bonus":"ONE_RARE_RELIC","is_prod":false,"is_daily":false,"chose_seed":false,"campfire_upgraded":2,"win_rate":0,"timestamp":1554288950,"path_taken":["M","M","M","$","M","R","?","R","T","E","$","M","E","M"],"build_version":"2019-01-23","purchased_purges":1,"victory":false,"max_hp_per_floor":[64,64,64,64,64,64,64,64,64,64,64,64,64,64],"card_choices":[{"not_picked":["Undo","Compile Driver"],"picked":"Cold Snap","floor":1},{"not_picked":["Rebound","Heatsinks"],"picked":"Hologram","floor":2},{"not_picked":["Conserve Battery","Gash"],"picked":"Machine Learning","floor":3},{"not_picked":["Sweeping Beam","Steam","Double Energy"],"picked":"SKIP","floor":5},{"not_picked":["Coolheaded","Hologram"],"picked":"Cold Snap","floor":10},{"not_picked":["Melter","Stack"],"picked":"Defragment","floor":12},{"not_picked":["Hello World","Doom and Gloom"],"picked":"Electrodynamics","floor":13}],"player_experience":463446,"relics_obtained":[{"floor":9,"key":"Whetstone"},{"floor":10,"key":"Ancient Tea Set"},{"floor":13,"key":"Ornamental Fan"}],"event_choices":[{"damage_healed":0,"gold_gain":0,"player_choice":"3 cards matched","damage_taken":0,"max_hp_gain":0,"max_hp_loss":0,"event_name":"Match and Keep!","floor":7,"gold_loss":0,"cards_obtained":["Writhe","Tempest","Echo Form"]}],"is_beta":false,"boss_relics":[],"items_purged_floors":[11],"is_endless":false,"potions_floor_spawned":[3,5,12,13],"killed_by":"Exordium Thugs","ascension_level":18}