{"gold_per_floor":[113,38,113,132,147,175,175,75,75,75,75,85,116,133,133,237,237,250,125,135,145,165,165,15,15,15,32,66,85,184,184,184,281,281,294,294,119,130,148,162,197,213,213,213,233,243,261,261],"floor_reached":48,"playtime":2184,"items_purged":["Strike_R","Defend_R","Defend_R","Strike_R","Defend_R"],"score":548,"play_id":"a221dc4d-179c-42c7-8a51-f4c948ecf05b","local_time":"20190412012052","is_ascension_mode":false,"campfire_choices":[{"data":"Bash","floor":7,"key":"SMITH"},{"data":"Shrug It Off","floor":11,"key":"SMITH"},{"data":"Pommel Strike","floor":15,"key":"SMITH"},{"data":"Dropkick","floor":23,"key":"SMITH"},{"floor":32,"key":"REST"},{"floor":44,"key":"REST"}],"neow_cost":"PERCENT_DAMAGE","seed_source_timestamp":306174338881027,"circlet_count":0,"master_deck":["Strike_R","Strike_R","Bash+1","Dropkick+1","Shrug It Off+1","Pommel Strike+1"],"relics":["Burning Blood","Ice Cream","Bottled Flame","Potion Belt","Cursed Key","MutagenicStrength","Pear","Fusion Hammer","FaceOfCleric","Question Card"],"potions_floor_usage":[13,16,16,16,21,28,28,29,29,29,29,29,29,33,33,39,46],"damage_taken":[{"damage":10,"enemies":"Small Slimes","floor":1,"turns":3},{"damage":6,"enemies":"Jaw Worm","floor":4,"turns":3},{"damage":0,"enemies":"Cultist","floor":5,"turns":2},{"damage":24,"enemies":"Lagavulin","floor":6,"turns":9},{"damage":0,"enemies":"Exordium Wildlife","floor":12,"turns":4},{"damage":6,"enemies":"Gremlin Nob","floor":13,"turns":4},{"damage":5,"enemies":"Looter","floor":14,"turns":3},{"damage":23,"enemies":"Slime Boss","floor":16,"turns":10},{"damage":1,"enemies":"Shell Parasite","floor":18,"turns":3},{"damage":0,"enemies":"Chosen","floor":20,"turns":3},{"damage":39,"enemies":"Sentry and Sphere","floor":21,"turns":8},{"damage":10,"enemies":"Snake Plant","floor":22,"turns":3},{"damage":1,"enemies":"Centurion and Healer","floor":27,"turns":3},{"damage":23,"enemies":"Gremlin Leader","floor":28,"turns":7},{"damage":13,"enemies":"Sentry and Sphere","floor":29,"turns":5},{"damage":38,"enemies":"Champ","floor":33,"turns":7},{"damage":13,"enemies":"3 Darklings","floor":35,"turns":4},{"damage":16,"enemies":"3 Shapes","floor":38,"turns":3},{"damage":0,"enemies":"Jaw Worm Horde","floor":39,"turns":2},{"damage":29,"enemies":"4 Shapes","floor":40,"turns":4},{"damage":0,"enemies":"Nemesis","floor":41,"turns":3},{"damage":1,"enemies":"Maw","floor":42,"turns":5},{"damage":4,"enemies":"Writhing Mass","floor":45,"turns":3},{"damage":4,"enemies":"Sphere and 2 Shapes","floor":46,"turns":4},{"damage":0,"enemies":"Spire Growth","floor":47,"turns":2},{"damage":0,"enemies":"3 Darklings","floor":48,"turns":1}],"seed_played":"-4309380586662215106","potions_obtained":[{"floor":1,"key":"Block Potion"},{"floor":4,"key":"EntropicBrew"},{"floor":13,"key":"FearPotion"},{"floor":21,"key":"Swift Potion"},{"floor":28,"key":"Dexterity Potion"},{"floor":33,"key":"Weak Potion"},{"floor":35,"key":"Energy Potion"},{"floor":40,"key":"AttackPotion"},{"floor":41,"key":"BloodPotion"}],"is_trial":false,"path_per_floor":["M","$","?","M","M","E","R","$","T","?","R","M","E","M","R","B",null,"M","$","M","M","M","R","$","?","T","M","E","M","?","?","R","B",null,"M","?","$","M","M","M","E","M","T","R","M","M","M","M"],"character_chosen":"IRONCLAD","items_purchased":[],"campfire_rested":2,"item_purchase_floors":[],"current_hp_per_floor":[52,52,41,41,47,29,29,29,29,29,29,35,35,36,36,19,80,80,80,80,47,43,43,43,43,43,48,41,52,52,52,79,47,90,83,83,83,74,81,59,66,72,72,95,96,97,98,98],"gold":261,"neow_bonus":"REMOVE_TWO","is_prod":false,"is_daily":false,"chose_seed":false,"campfire_upgraded":4,"win_rate":0,"timestamp":1555057252,"path_taken":["M","$","?","M","M","E","R","$","T","?","R","M","E","?","R","BOSS","M","$","M","M","M","R","$","?","T","M","E","M","?","?","R","BOSS","M","?","$","?","M","M","E","M","T","R","M","M","M","M"],"build_version":"2019-01-23","purchased_purges":5,"victory":false,"max_hp_per_floor":[80,80,80,80,80,80,80,80,80,80,80,80,80,80,80,80,80,80,80,80,80,80,80,80,80,80,80,90,90,90,90,90,90,90,90,90,90,91,92,93,94,95,95,95,96,97,98,98],"card_choices":[{"not_picked":["Bloodletting","Shrug It Off"],"picked":"Dropkick","floor":1},{"not_picked":["Evolve","Dual Wield","Uppercut"],"picked":"SKIP","floor":4},{"not_picked":["Clash","Shockwave"],"picked":"Shrug It Off","floor":5},{"not_picked":["Shockwave","Wild Strike","Heavy Blade"],"picked":"SKIP","floor":6},{"not_picked":["Ghostly Armor","Reckless Charge"],"picked":"Pommel Strike","floor":12},{"not_picked":["Wild Strike","Corruption","Rage"],"picked":"SKIP","floor":13},{"not_picked":["Shockwave","Flex","Heavy Blade"],"picked":"SKIP","floor":14},{"not_picked":["Flex","Fire Breathing","Perfected Strike"],"picked":"SKIP","floor":18},{"not_picked":["Body Slam","Power Through","Shockwave"],"picked":"SKIP","floor":20},{"not_picked":["Armaments","Reckless Charge","Headbutt"],"picked":"SKIP","floor":21},{"not_picked":["Corruption","Searing Blow","Iron Wave"],"picked":"SKIP","floor":22},{"not_picked":["Thunderclap","Anger","Wild Strike+1"],"picked":"SKIP","floor":27},{"not_picked":["Seeing Red","Whirlwind+1","Anger"],"picked":"SKIP","floor":28},{"not_picked":["Havoc","Blood for Blood+1","Bludgeon"],"picked":"SKIP","floor":29},{"not_picked":["Clash","Clothesline+1","Rampage+1"],"picked":"SKIP","floor":35},{"not_picked":["Clothesline+1","Thunderclap","Havoc+1"],"picked":"SKIP","floor":38},{"not_picked":["Iron Wave+1","Pummel+1","Flex+1"],"picked":"SKIP","floor":39},{"not_picked":["Impervious","Anger+1","Perfected Strike+1"],"picked":"SKIP","floor":40},{"not_picked":["Twin Strike","Cleave","Offering"],"picked":"SKIP","floor":41},{"not_picked":["Rupture+1","Ghostly Armor+1","Twin Strike","Evolve+1"],"picked":"SKIP","floor":42},{"not_picked":["Flex","Iron Wave+1","Heavy Blade+1","True Grit"],"picked":"SKIP","floor":45},{"not_picked":["Reckless Charge","Warcry","Entrench+1","Thunderclap"],"picked":"SKIP","floor":46},{"not_picked":["Sword Boomerang","Barricade","Feel No Pain+1","Evolve+1"],"picked":"SKIP","floor":47}],"player_experience":550363,"relics_obtained":[{"floor":6,"key":"Ice Cream"},{"floor":9,"key":"Bottled Flame"},{"floor":13,"key":"Potion Belt"},{"floor":28,"key":"Pear"},{"floor":41,"key":"Question Card"}],"event_choices":[{"damage_healed":0,"gold_gain":75,"player_choice":"Gather Gold","damage_taken":11,"max_hp_gain":0,"max_hp_loss":0,"event_name":"World of Goop","floor":3,"gold_loss":0},{"damage_healed":0,"gold_gain":0,"player_choice":"Bought 0 Potions","damage_taken":0,"max_hp_gain":0,"max_hp_loss":0,"event_name":"The Woman in Blue","floor":10,"gold_loss":0},{"damage_healed":0,"gold_gain":0,"player_choice":"Inject Mutagens","damage_taken":0,"relics_obtained":["MutagenicStrength"],"max_hp_gain":0,"max_hp_loss":0,"event_name":"Drug Dealer","floor":25,"gold_loss":0},{"damage_healed":0,"gold_gain":99,"player_choice":"Stole From Cult","damage_taken":0,"max_hp_gain":0,"max_hp_loss":0,"event_name":"Nest","floor":30,"gold_loss":0},{"damage_healed":0,"gold_gain":0,"player_choice":"Ignored","damage_taken":0,"max_hp_gain":0,"max_hp_loss":0,"event_name":"Ghosts","floor":31,"gold_loss":0},{"damage_healed":0,"gold_gain":0,"player_choice":"Trade","damage_taken":0,"relics_obtained":["FaceOfCleric"],"max_hp_gain":0,"max_hp_loss":0,"event_name":"FaceTrader","floor":36,"gold_loss":0}],"is_beta":false,"boss_relics":[{"not_picked":["Snecko Eye","Black Star"],"picked":"Cursed Key"},{"not_picked":["Runic Cube","Mark of Pain"],"picked":"Fusion Hammer"}],"items_purged_floors":[2,8,19,24,37],"is_endless":false,"potions_floor_spawned":[1,4,13,21,28,33,35,40,41],"killed_by":"3 Darklings","ascension_level":0}