{"gold_per_floor":[113,128,128,128,153,194,194,232,257,280,295,313,336,350,350,479,479,493,15,15,40,65,109,109,127,151,189,18,18,39,59,59,182,182,195,208,223,242,242,242,276,276,300,313,115,140,176,196,196,196],"floor_reached":51,"playtime":6733,"items_purged":["Strike_G","Strike_G","Strike_G"],"score":816,"play_id":"c639fe63-39a0-4267-b20c-4b4619f53b80","local_time":"20190407143402","is_ascension_mode":true,"campfire_choices":[{"floor":7,"key":"REST"},{"floor":15,"key":"REST"},{"floor":24,"key":"REST"},{"data":"Accuracy","floor":32,"key":"SMITH"},{"data":"Deflect","floor":40,"key":"SMITH"},{"floor":42,"key":"REST"},{"floor":49,"key":"REST"}],"neow_cost":"NONE","seed_source_timestamp":6006854561417,"circlet_count":0,"master_deck":["Defend_G","Defend_G","Defend_G+1","Defend_G","Defend_G","Strike_G","Strike_G","Survivor+1","Neutralize","Cloak And Dagger+1","Cloak And Dagger","Deflect+1","Prepared","Escape Plan","Accuracy+1","Storm of Steel","Flying Knee","Caltrops+1","Infinite Blades+1","PiercingWail","Blade Dance+1","PiercingWail","Terror+1","Tools of the Trade+1","Accuracy+1","Leg Sweep","Escape Plan","Leg Sweep+1","Bullet Time","Accuracy+1","PiercingWail+1","Heel Hook","Deflect+1"],"relics":["Runic Pyramid","Golden Idol","Centennial Puzzle","Ancient Tea Set","WristBlade","Frozen Egg 2","Incense Burner","Anchor","Smiling Mask","Empty Cage","Pantograph","Dodecahedron","War Paint","Blood Vial"],"potions_floor_usage":[11,12,14,16,21,23,25,25,27,30,38,47,47,50,50],"damage_taken":[{"damage":0,"enemies":"2 Louse","floor":1,"turns":5},{"damage":0,"enemies":"Jaw Worm","floor":2,"turns":4},{"damage":0,"enemies":"Cultist","floor":5,"turns":4},{"damage":21,"enemies":"3 Sentries","floor":6,"turns":15},{"damage":15,"enemies":"Gremlin Nob","floor":8,"turns":5},{"damage":0,"enemies":"2 Fungi Beasts","floor":10,"turns":4},{"damage":4,"enemies":"Blue Slaver","floor":11,"turns":3},{"damage":0,"enemies":"Lots of Slimes","floor":12,"turns":1},{"damage":0,"enemies":"Looter","floor":13,"turns":4},{"damage":9,"enemies":"Gremlin Gang","floor":14,"turns":4},{"damage":13,"enemies":"Hexaghost","floor":16,"turns":10},{"damage":3,"enemies":"3 Byrds","floor":18,"turns":6},{"damage":2,"enemies":"Shell Parasite","floor":21,"turns":5},{"damage":22,"enemies":"Sentry and Sphere","floor":22,"turns":5},{"damage":15,"enemies":"Book of Stabbing","floor":23,"turns":5},{"damage":7,"enemies":"Centurion and Healer","floor":25,"turns":5},{"damage":8,"enemies":"Slavers","floor":27,"turns":6},{"damage":0,"enemies":"Snake Plant","floor":30,"turns":6},{"damage":11,"enemies":"Sentry and Sphere","floor":31,"turns":5},{"damage":22,"enemies":"Champ","floor":33,"turns":7},{"damage":3,"enemies":"3 Shapes","floor":35,"turns":8},{"damage":0,"enemies":"Orb Walker","floor":36,"turns":3},{"damage":1,"enemies":"4 Shapes","floor":37,"turns":9},{"damage":13,"enemies":"Jaw Worm Horde","floor":38,"turns":5},{"damage":25,"enemies":"Nemesis","floor":41,"turns":5},{"damage":2,"enemies":"Maw","floor":44,"turns":7},{"damage":26,"enemies":"Writhing Mass","floor":46,"turns":4},{"damage":0,"enemies":"Reptomancer","floor":47,"turns":4},{"damage":0,"enemies":"Jaw Worm Horde","floor":48,"turns":3},{"damage":23,"enemies":"Time Eater","floor":50,"turns":8}],"seed_played":"-4557845421149690971","potions_obtained":[{"floor":6,"key":"EssenceOfSteel"},{"floor":8,"key":"Explosive Potion"},{"floor":10,"key":"Weak Potion"},{"floor":12,"key":"Strength Potion"},{"floor":14,"key":"LiquidBronze"},{"floor":21,"key":"Energy Potion"},{"floor":22,"key":"EssenceOfSteel"},{"floor":23,"key":"EssenceOfSteel"},{"floor":25,"key":"Strength Potion"},{"floor":33,"key":"Block Potion"},{"floor":35,"key":"Strength Potion"},{"floor":37,"key":"PowerPotion"},{"floor":44,"key":"Ancient Potion"},{"floor":48,"key":"EssenceOfSteel"}],"is_trial":false,"path_per_floor":["?","?","M","?","?","M","M","?","M"],"character_chosen":"THE_SILENT","items_purchased":["GamblersBrew","Flying Knee","Frozen Egg 2","Caltrops+1","PiercingWail","GhostInAJar","Bullet Time","Accuracy+1"],"campfire_rested":5,"item_purchase_floors":[19,19,19,19,28,28,45,45],"current_hp_per_floor":[70,70,53,53,53,32,53,38,38,38,34,34,34,25,46,33,70,67,67,67,65,43,28,49,42,42,34,34,70,70,59,59,37,70,67,67,66,53,53,53,28,49,49,47,47,21,21,23,44,47],"gold":196,"neow_bonus":"BOSS_RELIC","is_prod":false,"is_daily":false,"chose_seed":false,"campfire_upgraded":2,"win_rate":1,"timestamp":1554640442,"path_taken":["M","M","?","?","M","E","R","E","T","M","M","M","?","M","R","BOSS","M","$","?","M","M","E","R","M","T","E","$","?","?","?","R","BOSS","M","M","M","M","?","R","E","R","T","?","$","M","E","M","R","BOSS"],"build_version":"2019-01-23","purchased_purges":3,"victory":true,"max_hp_per_floor":[70,70,70,70,70,70,70,70,70,70,70,70,70,70,70,70,70,70,70,70,70,70,70,70,70,70,70,70,70,70,70,70,70,70,70,70,70,70,70,70,70,70,70,70,70,70,70,70,70,70],"card_choices":[{"not_picked":["Prepared","Bouncing Flask"],"picked":"Cloak And Dagger","floor":1},{"not_picked":["Outmaneuver","Predator","Footwork"],"picked":"SKIP","floor":2},{"not_picked":["Choke","Acrobatics"],"picked":"Poisoned Stab","floor":5},{"not_picked":["Distraction","Backflip"],"picked":"Cloak And Dagger","floor":6},{"not_picked":["Acrobatics","Backstab"],"picked":"Noxious Fumes","floor":8},{"not_picked":["Prepared","Cloak And Dagger"],"picked":"Deflect","floor":10},{"not_picked":["After Image","Quick Slash","Acrobatics"],"picked":"SKIP","floor":11},{"not_picked":["Leg Sweep","Acrobatics"],"picked":"Prepared","floor":12},{"not_picked":["Distraction","Underhanded Strike"],"picked":"Escape Plan","floor":13},{"not_picked":["Deadly Poison","Leg Sweep"],"picked":"Accuracy","floor":14},{"not_picked":["Venomology","Tools of the Trade"],"picked":"Storm of Steel","floor":16},{"not_picked":["Dagger Spray","Footwork","Expertise"],"picked":"SKIP","floor":18},{"not_picked":["Terror","Quick Slash","Bane"],"picked":"SKIP","floor":21},{"not_picked":["Riddle With Holes+1","Underhanded Strike"],"picked":"Infinite Blades+1","floor":22},{"not_picked":["Bouncing Flask+1","Terror","Flechettes"],"picked":"SKIP","floor":23},{"not_picked":["Sucker Punch","Underhanded Strike"],"picked":"PiercingWail","floor":25},{"not_picked":["Dagger Throw+1","Flechettes+1"],"picked":"Blade Dance+1","floor":27},{"not_picked":["Expertise","Dagger Throw"],"picked":"Terror+1","floor":30},{"not_picked":["Distraction","Flying Knee+1","Bane+1"],"picked":"SKIP","floor":31},{"not_picked":["Phantasmal Killer","Glass Knife"],"picked":"Tools of the Trade+1","floor":33},{"not_picked":["Masterful Stab+1","Catalyst"],"picked":"Accuracy+1","floor":35},{"not_picked":["Infinite Blades+1","Expertise"],"picked":"Leg Sweep","floor":36},{"not_picked":["Footwork+1","Caltrops+1","Quick Slash+1"],"picked":"SKIP","floor":37},{"not_picked":["Dagger Throw+1","Riddle With Holes","Poisoned Stab"],"picked":"SKIP","floor":38},{"not_picked":["Flying Knee","Cloak And Dagger+1"],"picked":"Escape Plan","floor":41},{"not_picked":["Bane","Slice"],"picked":"Leg Sweep+1","floor":44},{"not_picked":["Footwork+1","Slice"],"picked":"PiercingWail+1","floor":46},{"not_picked":["Expertise+1","Underhanded Strike"],"picked":"Heel Hook","floor":47},{"not_picked":["Skewer+1","All Out Attack+1"],"picked":"Deflect+1","floor":48}],"player_experience":66637,"relics_obtained":[{"floor":6,"key":"Centennial Puzzle"},{"floor":8,"key":"Ancient Tea Set"},{"floor":23,"key":"Incense Burner"},{"floor":26,"key":"Anchor"},{"floor":27,"key":"Smiling Mask"},{"floor":39,"key":"Pantograph"},{"floor":41,"key":"Dodecahedron"},{"floor":43,"key":"War Paint"},{"floor":47,"key":"Blood Vial"}],"event_choices":[{"damage_healed":0,"gold_gain":0,"player_choice":"Take Damage","damage_taken":17,"relics_obtained":["Golden Idol"],"max_hp_gain":0,"max_hp_loss":0,"event_name":"Golden Idol","floor":3,"gold_loss":0},{"damage_healed":0,"gold_gain":0,"player_choice":"Forge","damage_taken":0,"max_hp_gain":0,"max_hp_loss":0,"event_name":"Accursed Blacksmith","floor":4,"gold_loss":0,"cards_upgraded":["Cloak And Dagger"]},{"damage_healed":0,"gold_gain":0,"player_choice":"Ignored","damage_taken":0,"max_hp_gain":0,"max_hp_loss":0,"event_name":"Beggar","floor":20,"gold_loss":0},{"damage_healed":36,"gold_gain":0,"player_choice":"Full Heal","damage_taken":0,"max_hp_gain":0,"max_hp_loss":0,"event_name":"Wheel of Change","floor":29,"gold_loss":0},{"damage_healed":0,"gold_gain":0,"player_choice":"Relic","damage_taken":0,"max_hp_gain":0,"max_hp_loss":0,"event_name":"Wheel of Change","floor":39,"gold_loss":0}],"is_beta":false,"boss_relics":[{"not_picked":["Cursed Key","Lizard Tail"],"picked":"WristBlade"},{"not_picked":["Velvet Choker","Eternal Feather"],"picked":"Empty Cage"}],"items_purged_floors":[19,28,45],"is_endless":false,"potions_floor_spawned":[6,8,10,12,14,21,22,23,25,33,35,37,44,48],"ascension_level":2}