{"gold_per_floor":[360,239,254,270,282,282,312,312,312,323,350,366,35,47,47,149,149,167,92,106,119,134,134,168,186,186,186,186,203,203,222,222,324,324,338,357,102,115,0,0,31,31,55,55,80,100,4,16,16,16],"floor_reached":51,"playtime":3702,"items_purged":[],"score":1018,"play_id":"04c8d8be-aefb-474e-89c5-a3740f80b0e4","local_time":"20190411013355","is_ascension_mode":false,"campfire_choices":[{"data":"Perfected Strike","floor":6,"key":"SMITH"},{"data":"Bash","floor":8,"key":"SMITH"},{"data":"Clothesline","floor":15,"key":"SMITH"},{"data":"Disarm","floor":23,"key":"SMITH"},{"data":"Panacea","floor":28,"key":"SMITH"},{"data":"Bludgeon","floor":30,"key":"SMITH"},{"data":"Offering","floor":32,"key":"SMITH"},{"floor":40,"key":"RECALL"},{"floor":42,"key":"REST"},{"floor":49,"key":"REST"}],"neow_cost":"PERCENT_DAMAGE","seed_source_timestamp":27748769347300,"circlet_count":0,"master_deck":["Strike_R","Strike_R","Strike_R","Strike_R","Strike_R","Defend_R","Defend_R","Defend_R","Bash+1","Perfected Strike+1","Iron Wave","Armaments","Seeing Red","Headbutt","Pommel Strike","Intimidate","Disarm+1","Bludgeon+1","Clothesline+1","Battle Trance","Panacea+1","Master of Strategy","Shrug It Off","Offering+1","Perfected Strike","Spot Weakness","Clothesline+1","Exhume","Flame Barrier","Demon Form","Corruption","Seeing Red","Sentinel","Mind Blast","Feel No Pain+1","Pommel Strike+1","Shrug It Off","Battle Trance+1"],"relics":["Burning Blood","Sundial","Thread and Needle","FossilizedHelix","Snecko Eye","Pear","Bottled Lightning","MutagenicStrength","Fusion Hammer","Red Mask","Mercury Hourglass","Regal Pillow","StoneCalendar","Bag of Marbles"],"potions_floor_usage":[5,7,7,11,31,33,41,50,50],"damage_taken":[{"damage":5,"enemies":"Cultist","floor":1,"turns":4},{"damage":5,"enemies":"Jaw Worm","floor":3,"turns":4},{"damage":0,"enemies":"2 Louse","floor":4,"turns":2},{"damage":0,"enemies":"Looter","floor":5,"turns":3},{"damage":3,"enemies":"Gremlin Nob","floor":7,"turns":3},{"damage":0,"enemies":"Blue Slaver","floor":10,"turns":4},{"damage":0,"enemies":"3 Sentries","floor":11,"turns":8},{"damage":4,"enemies":"Exordium Thugs","floor":12,"turns":3},{"damage":0,"enemies":"Looter","floor":14,"turns":2},{"damage":0,"enemies":"The Guardian","floor":16,"turns":10},{"damage":0,"enemies":"Chosen","floor":18,"turns":4},{"damage":0,"enemies":"3 Byrds","floor":20,"turns":4},{"damage":14,"enemies":"Centurion and Healer","floor":21,"turns":5},{"damage":6,"enemies":"Shelled Parasite and Fungi","floor":22,"turns":4},{"damage":12,"enemies":"Slavers","floor":24,"turns":4},{"damage":7,"enemies":"3 Cultists","floor":25,"turns":4},{"damage":7,"enemies":"Snecko","floor":29,"turns":4},{"damage":0,"enemies":"Shelled Parasite and Fungi","floor":31,"turns":3},{"damage":0,"enemies":"Collector","floor":33,"turns":4},{"damage":22,"enemies":"3 Darklings","floor":35,"turns":5},{"damage":0,"enemies":"Orb Walker","floor":36,"turns":2},{"damage":6,"enemies":"3 Darklings","floor":38,"turns":5},{"damage":12,"enemies":"Reptomancer","floor":41,"turns":4},{"damage":6,"enemies":"Giant Head","floor":45,"turns":4},{"damage":6,"enemies":"Transient","floor":46,"turns":5},{"damage":0,"enemies":"4 Shapes","floor":48,"turns":4},{"damage":0,"enemies":"Time Eater","floor":50,"turns":6}],"seed_played":"-3837747822775994026","potions_obtained":[{"floor":1,"key":"Block Potion"},{"floor":4,"key":"EntropicBrew"},{"floor":11,"key":"EssenceOfSteel"},{"floor":12,"key":"Strength Potion"},{"floor":14,"key":"SpeedPotion"},{"floor":25,"key":"PowerPotion"},{"floor":35,"key":"Poison Potion"},{"floor":46,"key":"Poison Potion"}],"is_trial":false,"path_per_floor":["M","$","M","M","M","R","E","R","T","M","E","M","$","M","R","B",null,"M","?","M","M","M","R","E","M","T","?","R","M","R","M","R","B",null,"M","M","$","M","?","R","E","R","T","?","E","M","$","M","R","B",null],"character_chosen":"IRONCLAD","items_purchased":["Iron Wave","Anger","Armaments","Battle Trance","Panacea","Master of Strategy","Seeing Red","Sentinel","Dexterity Potion","Mind Blast","Shrug It Off","Block Potion"],"campfire_rested":2,"item_purchase_floors":[2,2,2,13,13,13,37,37,37,37,47,47],"current_hp_per_floor":[57,57,58,64,70,70,73,73,73,79,80,80,80,80,80,80,80,80,80,80,72,72,72,76,75,75,75,75,74,74,80,80,86,90,74,80,80,80,80,80,74,90,90,90,90,90,90,90,90,90],"gold":16,"neow_bonus":"TWO_FIFTY_GOLD","is_prod":false,"is_daily":false,"chose_seed":false,"campfire_upgraded":7,"win_rate":1,"timestamp":1554971635,"path_taken":["M","$","M","M","?","R","E","R","T","M","E","M","$","M","R","BOSS","M","?","M","M","M","R","E","M","T","?","R","M","R","M","R","BOSS","M","M","$","M","?","R","E","R","T","?","E","M","$","M","R","BOSS"],"build_version":"2019-01-23","purchased_purges":0,"victory":true,"max_hp_per_floor":[80,80,80,80,80,80,80,80,80,80,80,80,80,80,80,80,80,80,80,80,80,80,80,90,90,90,90,90,90,90,90,90,90,90,90,90,90,90,90,90,90,90,90,90,90,90,90,90,90,90],"card_choices":[{"not_picked":["Hemokinesis","Warcry"],"picked":"Perfected Strike","floor":1},{"not_picked":["Warcry","True Grit"],"picked":"Seeing Red","floor":3},{"not_picked":["Sword Boomerang","Armaments"],"picked":"Headbutt","floor":4},{"not_picked":["Rage","Wild Strike"],"picked":"Pommel Strike","floor":5},{"not_picked":["Thunderclap","Wild Strike"],"picked":"Intimidate","floor":7},{"not_picked":["Cleave","Perfected Strike"],"picked":"Disarm","floor":10},{"not_picked":["Iron Wave","Hemokinesis"],"picked":"Bludgeon","floor":11},{"not_picked":["Thunderclap","Shrug It Off"],"picked":"Clothesline","floor":12},{"not_picked":["Searing Blow","Havoc"],"picked":"Shrug It Off","floor":14},{"not_picked":["Double Tap","Bludgeon"],"picked":"Offering","floor":16},{"not_picked":["Clash","Hemokinesis"],"picked":"Perfected Strike","floor":18},{"not_picked":["Uppercut","Sword Boomerang"],"picked":"Spot Weakness","floor":20},{"not_picked":["Clash","True Grit+1"],"picked":"Clothesline+1","floor":21},{"not_picked":["Clothesline","Fire Breathing","Havoc"],"picked":"SKIP","floor":22},{"not_picked":["Cleave+1","Body Slam"],"picked":"Exhume","floor":24},{"not_picked":["Iron Wave","Flex","Heavy Blade"],"picked":"SKIP","floor":25},{"not_picked":["Body Slam+1","Warcry","Havoc"],"picked":"SKIP","floor":29},{"not_picked":["Havoc+1","Shrug It Off"],"picked":"Flame Barrier","floor":31},{"not_picked":["Fiend Fire","Offering"],"picked":"Demon Form","floor":33},{"not_picked":["Havoc+1","Dropkick+1","Fire Breathing+1"],"picked":"SKIP","floor":35},{"not_picked":["Thunderclap+1","Heavy Blade"],"picked":"Corruption","floor":36},{"not_picked":["Perfected Strike","Entrench+1"],"picked":"Feel No Pain+1","floor":38},{"not_picked":["Whirlwind","Dropkick+1","Sword Boomerang"],"picked":"SKIP","floor":41},{"not_picked":["Clash","Pummel+1"],"picked":"Pommel Strike+1","floor":45},{"not_picked":["Flex+1","Sword Boomerang","Body Slam+1"],"picked":"SKIP","floor":46},{"not_picked":["Thunderclap+1","Heavy Blade"],"picked":"Battle Trance+1","floor":48}],"player_experience":282532,"relics_obtained":[{"floor":7,"key":"Sundial"},{"floor":9,"key":"Thread and Needle"},{"floor":11,"key":"FossilizedHelix"},{"floor":24,"key":"Pear"},{"floor":26,"key":"Bottled Lightning"},{"floor":41,"key":"Mercury Hourglass"},{"floor":43,"key":"Regal Pillow"},{"floor":45,"key":"Bag of Marbles"}],"event_choices":[{"cards_removed":["Defend_R"],"damage_healed":0,"gold_gain":0,"player_choice":"Gave Gold","damage_taken":0,"max_hp_gain":0,"max_hp_loss":0,"event_name":"Beggar","floor":19,"gold_loss":75},{"damage_healed":0,"gold_gain":0,"player_choice":"Inject Mutagens","damage_taken":0,"relics_obtained":["MutagenicStrength"],"max_hp_gain":0,"max_hp_loss":0,"event_name":"Drug Dealer","floor":27,"gold_loss":0},{"damage_healed":0,"gold_gain":0,"player_choice":"Paid","damage_taken":0,"relics_obtained":["Red Mask"],"max_hp_gain":0,"max_hp_loss":0,"event_name":"Tomb of Lord Red Mask","floor":39,"gold_loss":115},{"cards_removed":["Anger"],"damage_healed":0,"gold_gain":0,"player_choice":"Gave Card","damage_taken":0,"relics_obtained":["StoneCalendar"],"max_hp_gain":0,"max_hp_loss":0,"event_name":"WeMeetAgain","floor":44,"gold_loss":0}],"is_beta":false,"boss_relics":[{"not_picked":["Busted Crown","Astrolabe"],"picked":"Snecko Eye"},{"not_picked":["Calling Bell","Orrery"],"picked":"Fusion Hammer"}],"items_purged_floors":[],"is_endless":false,"potions_floor_spawned":[1,4,11,12,14,21,22,24,25,35,38,46,48],"ascension_level":0}