{"gold_per_floor":[119,294,369,246,246,265,265,293,320,330,330,361,261,272,272,377,377,396,311,321,166,166,166],"floor_reached":23,"playtime":651,"items_purged":["Doubt","Strike_B"],"score":222,"play_id":"239aa3d5-61d7-4d76-a020-4266d895c743","local_time":"20190410011559","is_ascension_mode":false,"campfire_choices":[{"data":"Defragment","floor":7,"key":"SMITH"},{"data":"Zap","floor":15,"key":"SMITH"}],"neow_cost":"NONE","seed_source_timestamp":252052427849274,"circlet_count":0,"master_deck":["Strike_B","Strike_B","Strike_B","Defend_B+1","Defend_B","Defend_B+1","Defend_B","Zap+1","Dualcast","Hologram","Defragment+1","Creative AI"],"relics":["Cracked Core","StoneCalendar","Vajra","Orichalcum","War Paint","Sundial","Snecko Eye","Dodecahedron","Regal Pillow","Nloth\u0027s Gift"],"potions_floor_usage":[18,18],"damage_taken":[{"damage":0,"enemies":"Cultist","floor":1,"turns":1},{"damage":0,"enemies":"2 Louse","floor":6,"turns":1},{"damage":0,"enemies":"Lagavulin","floor":8,"turns":1},{"damage":4,"enemies":"Jaw Worm","floor":10,"turns":4},{"damage":16,"enemies":"Gremlin Nob","floor":12,"turns":4},{"damage":0,"enemies":"3 Louse","floor":14,"turns":3},{"damage":29,"enemies":"The Guardian","floor":16,"turns":9},{"damage":25,"enemies":"3 Byrds","floor":18,"turns":5},{"damage":7,"enemies":"Shell Parasite","floor":20,"turns":6},{"damage":44,"enemies":"Gremlin Leader","floor":23,"turns":4}],"seed_played":"7411545846203806321","potions_obtained":[{"floor":8,"key":"LiquidBronze"},{"floor":12,"key":"Energy Potion"},{"floor":14,"key":"SteroidPotion"},{"floor":18,"key":"LiquidBronze"}],"is_trial":false,"path_per_floor":["M","?","?","$","T","M","R","E","T","M","?","E","$","M","R","B",null,"M","?","M","$","?","E"],"character_chosen":"DEFECT","items_purchased":["Hologram","Regal Pillow"],"campfire_rested":0,"item_purchase_floors":[4,21],"current_hp_per_floor":[75,75,64,64,64,64,64,64,64,60,60,44,44,44,44,15,75,50,50,43,43,43,0],"gold":166,"neow_bonus":"THREE_ENEMY_KILL","is_prod":false,"is_daily":false,"chose_seed":false,"campfire_upgraded":2,"win_rate":0,"timestamp":1554884159,"path_taken":["M","?","?","$","?","M","R","E","T","M","?","E","$","M","R","BOSS","M","?","M","$","?","E"],"build_version":"2019-01-23","purchased_purges":2,"victory":false,"max_hp_per_floor":[75,75,75,75,75,75,75,75,75,75,75,75,75,75,75,75,75,75,75,75,75,75,75],"card_choices":[{"not_picked":["Gash","Stack","Sweeping Beam"],"picked":"SKIP","floor":1},{"not_picked":["Streamline","Double Energy"],"picked":"Defragment","floor":6},{"not_picked":["Auto Shields","Compile Driver","Multi-Cast"],"picked":"SKIP","floor":8},{"not_picked":["Redo","Compile Driver","Steam Power"],"picked":"SKIP","floor":10},{"not_picked":["Barrage","Doom and Gloom","Rip and Tear"],"picked":"SKIP","floor":12},{"not_picked":["Ball Lightning","Hello World","Leap"],"picked":"SKIP","floor":14},{"not_picked":["Rainbow","Buffer"],"picked":"Creative AI","floor":16},{"not_picked":["Ball Lightning","Barrage","Gash"],"picked":"SKIP","floor":18},{"not_picked":["Stack+1","Conserve Battery","Streamline"],"picked":"SKIP","floor":20}],"player_experience":542706,"relics_obtained":[{"floor":5,"key":"StoneCalendar"},{"floor":8,"key":"Vajra"},{"floor":9,"key":"Orichalcum"},{"floor":12,"key":"Sundial"}],"event_choices":[{"damage_healed":0,"gold_gain":175,"player_choice":"AGREE","damage_taken":0,"max_hp_gain":0,"max_hp_loss":0,"event_name":"Liars Game","floor":2,"gold_loss":0,"cards_obtained":["Doubt"]},{"damage_healed":0,"gold_gain":75,"player_choice":"Gather Gold","damage_taken":11,"max_hp_gain":0,"max_hp_loss":0,"event_name":"World of Goop","floor":3,"gold_loss":0},{"damage_healed":0,"gold_gain":0,"player_choice":"Searched \u00272\u0027 times","damage_taken":0,"relics_obtained":["War Paint"],"max_hp_gain":0,"max_hp_loss":0,"event_name":"Dead Adventurer","floor":11,"gold_loss":0},{"damage_healed":0,"gold_gain":0,"player_choice":"Obtained Relic","damage_taken":0,"relics_obtained":["Dodecahedron"],"max_hp_gain":0,"max_hp_loss":0,"event_name":"Addict","floor":19,"gold_loss":85},{"damage_healed":0,"gold_gain":0,"player_choice":"Traded Relic","damage_taken":0,"relics_obtained":["Nloth\u0027s Gift"],"max_hp_gain":0,"max_hp_loss":0,"event_name":"N\u0027loth","floor":22,"relics_lost":["NeowsBlessing"],"gold_loss":0}],"is_beta":false,"boss_relics":[{"not_picked":["White Beast Statue","Cursed Key"],"picked":"Snecko Eye"}],"items_purged_floors":[4,13],"is_endless":false,"potions_floor_spawned":[8,12,14,18],"killed_by":"Gremlin Leader","ascension_level":0}