{"gold_per_floor":[109,64,80,95,45,78,78,93,119,139,139,64,79,91,91,186,186,201,211,126,139,139,139],"floor_reached":23,"playtime":3250,"items_purged":["Strike_R"],"score":195,"play_id":"8b1e5948-027f-4dc4-adea-e60fa784d0a9","local_time":"20181123190429","is_ascension_mode":false,"campfire_choices":[{"data":"Anger","floor":7,"key":"SMITH"},{"floor":15,"key":"REST"}],"neow_cost":"NONE","seed_source_timestamp":583657348202220,"circlet_count":0,"master_deck":["Strike_R","Strike_R+1","Strike_R","Strike_R","Defend_R","Defend_R","Defend_R","Bash","Anger+1","Anger","Armaments","Flex","Sword Boomerang+1","Battle Trance","Pommel Strike","Armaments","Double Tap","Power Through+1","Juggernaut+1","Iron Wave+1","Body Slam+1","True Grit+1"],"relics":["Burning Blood","Whetstone","Centennial Puzzle","Orichalcum","Astrolabe","Nloth\u0027s Gift"],"potions_floor_usage":[],"damage_taken":[{"damage":1,"enemies":"Cultist","floor":1,"turns":3},{"damage":1,"enemies":"2 Louse","floor":3,"turns":3},{"damage":5,"enemies":"Jaw Worm","floor":4,"turns":4},{"damage":36,"enemies":"3 Sentries","floor":6,"turns":10},{"damage":0,"enemies":"Exordium Thugs","floor":8,"turns":5},{"damage":16,"enemies":"Exordium Wildlife","floor":10,"turns":3},{"damage":0,"enemies":"Large Slime","floor":13,"turns":3},{"damage":10,"enemies":"Exordium Thugs","floor":14,"turns":4},{"damage":30,"enemies":"Slime Boss","floor":16,"turns":11},{"damage":11,"enemies":"Chosen","floor":18,"turns":5},{"damage":20,"enemies":"Spheric Guardian","floor":19,"turns":4},{"damage":29,"enemies":"Centurion and Healer","floor":21,"turns":6},{"damage":44,"enemies":"Gremlin Leader","floor":23,"turns":3}],"seed_played":"-2272223257287717601","potions_obtained":[{"floor":3,"key":"SkillPotion"},{"floor":6,"key":"Block Potion"},{"floor":8,"key":"Dexterity Potion"},{"floor":19,"key":"Weak Potion"},{"floor":21,"key":"EssenceOfSteel"}],"is_trial":false,"path_per_floor":["M","$","M","M","$","E","R","M","T","M","?","$","M","M","R","B",null,"M","M","?","M","?","E"],"character_chosen":"IRONCLAD","items_purchased":["Anger","Flex"],"campfire_rested":1,"item_purchase_floors":[2,5],"current_hp_per_floor":[80,80,80,80,80,50,50,56,56,46,46,46,52,48,72,48,80,75,61,61,38,38,0],"gold":139,"neow_bonus":"TRANSFORM_CARD","is_prod":false,"is_daily":false,"chose_seed":false,"campfire_upgraded":1,"win_rate":0.0,"timestamp":1543021469,"path_taken":["M","?","M","M","$","E","R","M","T","?","?","$","M","M","R","BOSS","M","M","?","M","?","E"],"build_version":"2018-11-15","purchased_purges":1,"victory":false,"max_hp_per_floor":[80,80,80,80,80,80,80,80,80,80,80,80,80,80,80,80,80,80,80,80,80,80,80],"card_choices":[{"not_picked":["Shrug It Off","Intimidate"],"picked":"Anger","floor":1},{"not_picked":["Headbutt","Intimidate"],"picked":"Armaments","floor":3},{"not_picked":["Flame Barrier","Shockwave"],"picked":"Armaments","floor":4},{"not_picked":["Second Wind","Pummel"],"picked":"Sword Boomerang","floor":6},{"not_picked":["Clothesline","Thunderclap"],"picked":"Battle Trance","floor":8},{"not_picked":["Offering","Clash"],"picked":"Pommel Strike","floor":10},{"not_picked":["Dropkick","Feel No Pain"],"picked":"Armaments","floor":13},{"not_picked":["Combust","True Grit"],"picked":"Rage","floor":14},{"not_picked":["Feed","Bludgeon"],"picked":"Double Tap","floor":16},{"not_picked":["Headbutt","Battle Trance+1"],"picked":"Body Slam+1","floor":18},{"not_picked":["Twin Strike","Carnage"],"picked":"True Grit+1","floor":19},{"not_picked":["Combust","Uppercut","Ghostly Armor"],"picked":"SKIP","floor":21}],"player_experience":2530,"relics_obtained":[{"floor":6,"key":"Whetstone"},{"floor":9,"key":"Centennial Puzzle"},{"floor":11,"key":"Orichalcum"}],"event_choices":[{"damage_healed":0,"gold_gain":0,"player_choice":"Relic","damage_taken":0,"max_hp_gain":0,"max_hp_loss":0,"event_name":"Wheel of Change","floor":11,"gold_loss":0},{"damage_healed":0,"gold_gain":0,"player_choice":"Obtained Relic","damage_taken":0,"relics_obtained":["Dodecahedron"],"max_hp_gain":0,"max_hp_loss":0,"event_name":"Addict","floor":20,"gold_loss":85},{"damage_healed":0,"gold_gain":0,"player_choice":"Traded Relic","damage_taken":0,"relics_obtained":["Nloth\u0027s Gift"],"max_hp_gain":0,"max_hp_loss":0,"event_name":"N\u0027loth","floor":22,"relics_lost":["Dodecahedron"],"gold_loss":0}],"is_beta":false,"boss_relics":[{"not_picked":["Empty Cage","Calling Bell"],"picked":"Astrolabe"}],"items_purged_floors":[12],"is_endless":false,"potions_floor_spawned":[3,6,8,13,19,21],"killed_by":"Gremlin Leader","ascension_level":0}