{"gold_per_floor":[216,70,87,103,123,123,83,98,124,158,175,175,175,193,193,298,298,318,329,349,349,448,448,466,479,479,510,510,524,538,95,95,199,199,214,261,272,122,122,149,149,159,229,307,321,321,332,349,349,349],"floor_reached":51,"playtime":2990,"items_purged":["Strike_G","Strike_G"],"score":830,"play_id":"31e73fc2-241b-4dbc-9367-afaa477c7010","local_time":"20181206144618","is_ascension_mode":false,"campfire_choices":[{"data":"Crippling Poison","floor":6,"key":"SMITH"},{"data":"Bouncing Flask","floor":13,"key":"SMITH"},{"data":"Deadly Poison","floor":15,"key":"SMITH"},{"data":"Burst","floor":23,"key":"SMITH"},{"floor":28,"key":"REST"},{"data":"Deadly Poison","floor":32,"key":"SMITH"},{"data":"Corpse Explosion","floor":41,"key":"SMITH"},{"floor":49,"key":"REST"}],"neow_cost":"NONE","seed_source_timestamp":1188761861505815,"circlet_count":0,"master_deck":["Defend_G","Defend_G+1","Defend_G","Defend_G","Defend_G","Strike_G","Strike_G","Strike_G","Neutralize","Deadly Poison+1","Bane","Poisoned Stab","Crippling Poison+1","Bane","Deadly Poison+1","Bouncing Flask+1","Burst+1","Bouncing Flask+1","Well Laid Plans+1","Deadly Poison+1","Bane","Bane","Corpse Explosion+1","Bouncing Flask","Bouncing Flask+1","Heel Hook+1","Catalyst","Backflip","Distraction+1","Crippling Poison+1","Deflect+1","Blur+1"],"relics":["Ring of the Snake","Snake Skull","Smiling Mask","Oddly Smooth Stone","Velvet Choker","Pantograph","Strawberry","TwistedFunnel","War Paint","Sozu","Unceasing Top","Vajra","Darkstone Periapt","Question Card","Pear"],"potions_floor_usage":[10,10,10,16,20,33,33,42],"damage_taken":[{"damage":2,"enemies":"Cultist","floor":1,"turns":5},{"damage":2,"enemies":"Jaw Worm","floor":3,"turns":3},{"damage":0,"enemies":"Small Slimes","floor":4,"turns":3},{"damage":13,"enemies":"2 Fungi Beasts","floor":5,"turns":3},{"damage":0,"enemies":"Exordium Wildlife","floor":8,"turns":3},{"damage":2,"enemies":"3 Sentries","floor":10,"turns":6},{"damage":0,"enemies":"Large Slime","floor":11,"turns":4},{"damage":0,"enemies":"2 Fungi Beasts","floor":14,"turns":4},{"damage":0,"enemies":"Slime Boss","floor":16,"turns":6},{"damage":12,"enemies":"2 Thieves","floor":18,"turns":3},{"damage":3,"enemies":"Shell Parasite","floor":19,"turns":3},{"damage":14,"enemies":"Snecko","floor":20,"turns":4},{"damage":1,"enemies":"Cultist and Chosen","floor":24,"turns":4},{"damage":0,"enemies":"Snake Plant","floor":25,"turns":2},{"damage":27,"enemies":"Slavers","floor":27,"turns":4},{"damage":3,"enemies":"Chosen and Byrds","floor":29,"turns":4},{"damage":24,"enemies":"Shelled Parasite and Fungi","floor":30,"turns":3},{"damage":63,"enemies":"Automaton","floor":33,"turns":7},{"damage":4,"enemies":"Orb Walker","floor":35,"turns":2},{"damage":40,"enemies":"2 Orb Walkers","floor":36,"turns":4},{"damage":8,"enemies":"3 Shapes","floor":37,"turns":3},{"damage":10,"enemies":"Giant Head","floor":40,"turns":5},{"damage":18,"enemies":"Maw","floor":42,"turns":3},{"damage":15,"enemies":"Sphere and 2 Shapes","floor":45,"turns":3},{"damage":10,"enemies":"Jaw Worm Horde","floor":47,"turns":3},{"damage":10,"enemies":"Spire Growth","floor":48,"turns":3},{"damage":23,"enemies":"Time Eater","floor":50,"turns":6}],"seed_played":"-7756696632130310978","potions_obtained":[{"floor":1,"key":"GamblersBrew"},{"floor":5,"key":"FearPotion"},{"floor":7,"key":"GhostInAJar"},{"floor":7,"key":"SkillPotion"},{"floor":7,"key":"Dexterity Potion"},{"floor":10,"key":"Swift Potion"},{"floor":16,"key":"Regen Potion"},{"floor":18,"key":"GhostInAJar"},{"floor":19,"key":"Swift Potion"},{"floor":24,"key":"GamblersBrew"}],"is_trial":false,"path_per_floor":["M","$","M","M","M","R","?","M","T","E","M","?","R","M","R","B",null,"M","M","M","?","?","R","M","M","T","E","R","M","M","$","R","B",null,"M","?","M","$","?","E","R","M","T","T","M","T","M","M","R","B",null],"character_chosen":"THE_SILENT","items_purchased":["Snake Skull","TwistedFunnel","War Paint","Bane","Catalyst","Backflip"],"campfire_rested":2,"item_purchase_floors":[2,31,31,31,38,38],"current_hp_per_floor":[68,68,66,66,53,53,53,53,53,51,51,51,51,51,51,51,70,58,55,50,70,70,70,69,69,69,49,72,69,45,45,45,7,77,73,33,25,25,67,57,57,39,39,39,24,34,24,14,37,39],"gold":349,"neow_bonus":"HUNDRED_GOLD","is_prod":false,"is_daily":false,"chose_seed":false,"campfire_upgraded":6,"win_rate":0.0,"timestamp":1544136378,"path_taken":["M","$","M","M","M","R","?","M","T","E","?","?","R","M","R","BOSS","M","M","?","?","?","R","M","M","T","E","R","?","M","$","R","BOSS","M","?","M","$","?","E","R","M","T","?","?","?","M","M","R","BOSS"],"build_version":"2018-11-15","purchased_purges":2,"victory":true,"max_hp_per_floor":[70,70,70,70,70,70,70,70,70,70,70,70,70,70,70,70,70,70,70,70,70,70,70,70,70,70,77,77,77,77,77,77,77,77,77,77,77,77,67,67,67,67,67,67,67,77,77,77,77,77],"card_choices":[{"not_picked":["Flechettes","Choke"],"picked":"Deadly Poison","floor":1},{"not_picked":["Quick Slash","Dagger Throw"],"picked":"Bane","floor":3},{"not_picked":["Flying Knee","Prepared"],"picked":"Poisoned Stab","floor":4},{"not_picked":["Outmaneuver","Skewer"],"picked":"Crippling Poison","floor":5},{"not_picked":["Riddle With Holes","Dagger Spray"],"picked":"Bane","floor":8},{"not_picked":["Flying Knee","Dodge and Roll"],"picked":"Deadly Poison","floor":10},{"not_picked":["Dagger Throw","Slice"],"picked":"Bouncing Flask","floor":11},{"not_picked":["Dagger Spray","Distraction","Malaise"],"picked":"SKIP","floor":14},{"not_picked":["After Image","Bullet Time"],"picked":"Burst","floor":16},{"not_picked":["Slice+1","Acrobatics","Prepared"],"picked":"SKIP","floor":18},{"not_picked":["Endless Agony","Predator","Reflex"],"picked":"SKIP","floor":19},{"not_picked":["Choke","Deflect"],"picked":"Bouncing Flask+1","floor":20},{"not_picked":["Dodge and Roll","Masterful Stab"],"picked":"Well Laid Plans+1","floor":24},{"not_picked":["Sucker Punch+1","Expertise"],"picked":"Deadly Poison","floor":25},{"not_picked":["Outmaneuver","Blur","Bullet Time"],"picked":"SKIP","floor":27},{"not_picked":["Skewer","Infinite Blades+1","Dash"],"picked":"SKIP","floor":29},{"not_picked":["Predator","Outmaneuver+1"],"picked":"Bane","floor":30},{"not_picked":["Die Die Die","After Image"],"picked":"Corpse Explosion","floor":33},{"not_picked":["Finisher","Quick Slash"],"picked":"Bouncing Flask","floor":35},{"not_picked":["Skewer+1","Well Laid Plans+1"],"picked":"Bouncing Flask+1","floor":36},{"not_picked":["Well Laid Plans+1","Finisher+1"],"picked":"Heel Hook+1","floor":37},{"not_picked":["Blade Dance","Flying Knee"],"picked":"Distraction+1","floor":40},{"not_picked":["Poisoned Stab","Outmaneuver+1"],"picked":"Crippling Poison+1","floor":42},{"not_picked":["Quick Slash","Blade Dance+1","Masterful Stab"],"picked":"Deflect+1","floor":45},{"not_picked":["Dagger Throw+1","PiercingWail+1","Underhanded Strike","Tactician"],"picked":"SKIP","floor":47},{"not_picked":["All Out Attack+1","Endless Agony+1","Footwork"],"picked":"Blur+1","floor":48}],"player_experience":37353,"relics_obtained":[{"floor":9,"key":"Smiling Mask"},{"floor":10,"key":"Oddly Smooth Stone"},{"floor":26,"key":"Pantograph"},{"floor":27,"key":"Strawberry"},{"floor":36,"key":"Unceasing Top"},{"floor":40,"key":"Vajra"},{"floor":43,"key":"Darkstone Periapt"},{"floor":44,"key":"Question Card"},{"floor":46,"key":"Pear"}],"event_choices":[{"damage_healed":0,"gold_gain":0,"player_choice":"Bought 3 Potions","damage_taken":0,"max_hp_gain":0,"max_hp_loss":0,"event_name":"The Woman in Blue","floor":7,"gold_loss":0},{"cards_removed":["Survivor"],"damage_healed":0,"gold_gain":0,"player_choice":"Offered Basic","damage_taken":0,"max_hp_gain":0,"max_hp_loss":0,"event_name":"Bonfire Elementals","floor":12,"gold_loss":0},{"damage_healed":23,"gold_gain":0,"player_choice":"Heal","damage_taken":0,"max_hp_gain":0,"max_hp_loss":0,"event_name":"The Library","floor":21,"gold_loss":0},{"damage_healed":0,"gold_gain":99,"player_choice":"Stole From Cult","damage_taken":0,"max_hp_gain":0,"max_hp_loss":0,"event_name":"Nest","floor":22,"gold_loss":0},{"damage_healed":0,"gold_gain":0,"player_choice":"Fight","damage_taken":0,"max_hp_gain":0,"max_hp_loss":0,"event_name":"Mysterious Sphere","floor":36,"gold_loss":0},{"damage_healed":67,"gold_gain":0,"player_choice":"Heal","damage_taken":0,"max_hp_gain":0,"max_hp_loss":10,"event_name":"The Moai Head","floor":39,"gold_loss":0}],"is_beta":false,"boss_relics":[{"not_picked":["Eternal Feather","WristBlade"],"picked":"Velvet Choker"},{"not_picked":["Black Star","HoveringKite"],"picked":"Sozu"}],"items_purged_floors":[31,38],"is_endless":false,"potions_floor_spawned":[1,5,10,16,18,19,24,27,40,45,47,48],"ascension_level":0}