{"gold_per_floor":[111,38,56,75,75,75,85,85,108,108,128,144,169,184,184,282,282,294,314,78,93,93,93,122,0,0,0,15,15,28,28,28,28],"floor_reached":33,"playtime":2314,"items_purged":[],"score":259,"play_id":"b68b76c2-f8a8-4b65-aaa0-ee27a4d83e83","local_time":"20181105041413","is_ascension_mode":false,"campfire_choices":[{"data":"Storm","floor":6,"key":"SMITH"},{"floor":8,"key":"REST"},{"data":"Double Energy","floor":10,"key":"SMITH"},{"floor":15,"key":"REST"},{"floor":23,"key":"REST"},{"floor":27,"key":"REST"},{"floor":32,"key":"REST"}],"neow_cost":"NONE","seed_source_timestamp":195237206656009,"circlet_count":0,"master_deck":["Strike_B","Defend_B","Defend_B","Defend_B","Defend_B","Zap","Dualcast","Double Energy+1","Storm+1","Loop","Tempest","FTL","Redo","White Noise","Conserve Battery","Glacier","Reprogram","Machine Learning","Undo+1","Barrage+1","All For One+1","Fusion","Beam Cell+1","Heatsinks","Hello World+1","Static Discharge","Leap","Glacier"],"relics":["Cracked Core","Strawberry","Odd Mushroom","Astrolabe","Juzu Bracelet","Bag of Marbles","Letter Opener","Torii","Dream Catcher"],"potions_floor_usage":[13,16,16,21,24],"damage_taken":[{"damage":2,"enemies":"Small Slimes","floor":1,"turns":3},{"damage":8,"enemies":"Jaw Worm","floor":3,"turns":4},{"damage":3,"enemies":"2 Louse","floor":4,"turns":2},{"damage":33,"enemies":"Large Slime","floor":7,"turns":4},{"damage":7,"enemies":"Blue Slaver","floor":11,"turns":2},{"damage":23,"enemies":"Lots of Slimes","floor":12,"turns":3},{"damage":18,"enemies":"The Mushroom Lair","floor":13,"turns":3},{"damage":0,"enemies":"Large Slime","floor":14,"turns":5},{"damage":23,"enemies":"Slime Boss","floor":16,"turns":6},{"damage":12,"enemies":"3 Byrds","floor":18,"turns":5},{"damage":7,"enemies":"Shell Parasite","floor":19,"turns":6},{"damage":46,"enemies":"Shelled Parasite and Fungi","floor":21,"turns":6},{"damage":32,"enemies":"Slavers","floor":24,"turns":2},{"damage":28,"enemies":"Snecko","floor":28,"turns":6},{"damage":10,"enemies":"3 Cultists","floor":30,"turns":4},{"damage":46,"enemies":"Automaton","floor":33,"turns":6}],"seed_played":"-2239876880549837882","potions_obtained":[{"floor":7,"key":"Weak Potion"},{"floor":11,"key":"PowerPotion"},{"floor":13,"key":"Block Potion"},{"floor":18,"key":"SneckoOil"},{"floor":21,"key":"PowerPotion"}],"is_trial":false,"path_per_floor":["M","$","M","M","?","R","M","R","T","R","M","M","?","M","R","B",null,"M","M","$","M","?","R","E","?","T","R","M","T","M","?","R","B"],"character_chosen":"DEFECT","items_purchased":["Loop","Juzu Bracelet","Heatsinks"],"campfire_rested":5,"item_purchase_floors":[2,20,20],"current_hp_per_floor":[73,73,65,62,67,67,34,58,65,65,58,35,17,17,43,20,87,75,68,68,22,22,48,16,16,16,42,14,14,4,4,30,0],"gold":28,"neow_bonus":"THREE_CARDS","is_prod":false,"is_daily":false,"chose_seed":false,"campfire_upgraded":2,"win_rate":0.0,"timestamp":1541420053,"path_taken":["M","$","M","M","?","R","M","R","T","R","M","M","?","M","R","BOSS","M","M","$","M","?","R","E","?","T","R","M","?","M","?","R","BOSS"],"build_version":"2018-11-01","purchased_purges":0,"victory":false,"max_hp_per_floor":[75,75,75,75,80,80,80,80,87,87,87,87,87,87,87,87,87,87,87,87,87,87,87,87,87,87,87,87,87,87,87,87,87],"card_choices":[{"not_picked":["Redo","Coolheaded"],"picked":"Double Energy","floor":0},{"not_picked":["Leap","Capacitor"],"picked":"Storm","floor":1},{"not_picked":["Scrape","Defragment"],"picked":"Tempest","floor":3},{"not_picked":["Beam Cell","Coolheaded"],"picked":"FTL","floor":4},{"not_picked":["Compile Driver","Doom and Gloom"],"picked":"Redo","floor":7},{"not_picked":["Blizzard","Compile Driver"],"picked":"White Noise","floor":11},{"not_picked":["Leap","Loop"],"picked":"Conserve Battery","floor":12},{"not_picked":["Stack","Beam Cell"],"picked":"Glacier","floor":13},{"not_picked":["Scrape","Leap"],"picked":"Reprogram","floor":14},{"not_picked":["Buffer","Multi-Cast"],"picked":"Machine Learning","floor":16},{"not_picked":["Steam","Chaos"],"picked":"Fusion","floor":18},{"not_picked":["Auto Shields","Cold Snap"],"picked":"Beam Cell+1","floor":19},{"not_picked":["Streamline+1","Rebound"],"picked":"Hello World+1","floor":21},{"not_picked":["Gash","Self Repair"],"picked":"Static Discharge","floor":24},{"not_picked":["Darkness+1","Cold Snap"],"picked":"Leap","floor":28},{"not_picked":["Heatsinks","Cold Snap"],"picked":"Storm","floor":30},{"not_picked":["Rebound","Chaos"],"picked":"Glacier","floor":32}],"player_experience":6753,"relics_obtained":[{"floor":9,"key":"Strawberry"},{"floor":13,"key":"Odd Mushroom"},{"floor":24,"key":"Bag of Marbles"},{"floor":26,"key":"Letter Opener"},{"floor":29,"key":"Torii"}],"event_choices":[{"damage_healed":0,"gold_gain":0,"player_choice":"Donut","damage_taken":0,"max_hp_gain":5,"max_hp_loss":0,"event_name":"Big Fish","floor":5,"gold_loss":0},{"damage_healed":0,"gold_gain":0,"player_choice":"Fought Mushrooms","damage_taken":0,"max_hp_gain":0,"max_hp_loss":0,"event_name":"Mushrooms","floor":13,"gold_loss":0},{"damage_healed":0,"gold_gain":0,"player_choice":"Ignored","damage_taken":0,"max_hp_gain":0,"max_hp_loss":0,"event_name":"Vampires","floor":22,"gold_loss":0},{"damage_healed":0,"gold_gain":0,"player_choice":"Paid Fearfully","damage_taken":0,"max_hp_gain":0,"max_hp_loss":0,"event_name":"Masked Bandits","floor":25,"gold_loss":122},{"cards_removed":["Storm"],"damage_healed":0,"gold_gain":0,"player_choice":"Gave Card","damage_taken":0,"relics_obtained":["Dream Catcher"],"max_hp_gain":0,"max_hp_loss":0,"event_name":"WeMeetAgain","floor":31,"gold_loss":0}],"is_beta":false,"boss_relics":[{"not_picked":["Inserter","Velvet Choker"],"picked":"Astrolabe"}],"items_purged_floors":[],"is_endless":false,"potions_floor_spawned":[7,11,13,18,21],"killed_by":"Automaton","ascension_level":0}