{"gold_per_floor":[112,131,131,92,103,138,138,52,52,85,85,105,105,123,123,200,200,178,178,198,378,396,396,139,168,168,168,40,40,57,7,7,82,82,99,118,8,8,8],"floor_reached":39,"playtime":1524,"items_purged":["Strike_B","Dualcast"],"score":753,"play_id":"ac2f15ff-aee2-4cba-93a9-49216e61dc56","local_time":"20190403065246","is_ascension_mode":true,"campfire_choices":[{"floor":7,"key":"REST"},{"data":"Zap","floor":11,"key":"SMITH"},{"data":"Consume","floor":13,"key":"SMITH"},{"data":"Static Discharge","floor":15,"key":"SMITH"},{"floor":23,"key":"REST"},{"floor":27,"key":"RECALL"},{"floor":29,"key":"REST"},{"floor":32,"key":"REST"}],"neow_cost":"NONE","seed_source_timestamp":89106008215192,"circlet_count":0,"master_deck":["AscendersBane","Strike_B","Strike_B","Strike_B","Defend_B","Defend_B","Defend_B","Defend_B","Zap+1","Conserve Battery","Leap","BootSequence","Consume+1","Coolheaded","Loop","Self Repair","Static Discharge+1","Thunder Strike","Storm","Ball Lightning+1","Self Repair","Tempest","Apotheosis","Cold Snap","Echo Form","White Noise","Loop"],"relics":["Cracked Core","NeowsBlessing","Bird Faced Urn","Darkstone Periapt","Dodecahedron","Fusion Hammer","Membership Card","Happy Flower","Matryoshka","Philosopher\u0027s Stone","Chemical X","Bag of Marbles"],"potions_floor_usage":[6,14,18,19,20,33,33,39],"damage_taken":[{"damage":0,"enemies":"Cultist","floor":1,"turns":1},{"damage":0,"enemies":"Small Slimes","floor":2,"turns":1},{"damage":0,"enemies":"Jaw Worm","floor":5,"turns":1},{"damage":31,"enemies":"3 Sentries","floor":6,"turns":8},{"damage":17,"enemies":"Lagavulin","floor":10,"turns":11},{"damage":16,"enemies":"Exordium Thugs","floor":12,"turns":5},{"damage":9,"enemies":"Lots of Slimes","floor":14,"turns":6},{"damage":11,"enemies":"Hexaghost","floor":16,"turns":11},{"damage":3,"enemies":"2 Thieves","floor":18,"turns":4},{"damage":12,"enemies":"Shell Parasite","floor":20,"turns":4},{"damage":25,"enemies":"Snake Plant","floor":22,"turns":3},{"damage":12,"enemies":"Book of Stabbing","floor":25,"turns":4},{"damage":1,"enemies":"3 Cultists","floor":30,"turns":4},{"damage":73,"enemies":"Automaton","floor":33,"turns":9},{"damage":22,"enemies":"Orb Walker","floor":35,"turns":3},{"damage":36,"enemies":"3 Darklings","floor":36,"turns":4},{"damage":68,"enemies":"Jaw Worm Horde","floor":39,"turns":3}],"seed_played":"8436362138803400612","potions_obtained":[{"floor":5,"key":"AttackPotion"},{"floor":10,"key":"SkillPotion"},{"floor":14,"key":"Block Potion"},{"floor":16,"key":"AttackPotion"},{"floor":18,"key":"EssenceOfSteel"},{"floor":19,"key":"Fruit Juice"},{"floor":19,"key":"Regen Potion"},{"floor":30,"key":"Fire Potion"},{"floor":33,"key":"Swift Potion"},{"floor":36,"key":"Dexterity Potion"}],"is_trial":false,"path_per_floor":["M","M","?","$","M","E","R","$","T","E","R","M","R","M","R","B",null,"M","?","M","?","M","R","$","E","T","R","$","R","M","$","R","B",null,"M","M","$","?","M"],"character_chosen":"DEFECT","items_purchased":["BootSequence","Loop","Membership Card","Apotheosis","Cold Snap","Chemical X"],"campfire_rested":4,"item_purchase_floors":[4,8,24,28,28,37],"current_hp_per_floor":[64,64,60,60,60,29,50,50,50,35,35,21,21,23,23,25,60,61,66,69,48,38,60,60,72,72,72,72,76,75,75,76,38,67,65,50,50,50,0],"gold":8,"neow_bonus":"THREE_ENEMY_KILL","is_prod":false,"is_daily":false,"chose_seed":false,"campfire_upgraded":3,"win_rate":0,"timestamp":1554241966,"path_taken":["M","?","?","?","M","E","R","$","T","E","R","?","R","M","R","BOSS","M","?","?","?","M","R","$","E","T","R","?","R","M","$","R","BOSS","M","M","?","?","M"],"build_version":"2019-01-23","purchased_purges":2,"victory":false,"max_hp_per_floor":[71,71,71,71,71,71,71,71,71,71,71,71,71,71,71,71,71,71,76,76,76,76,76,76,76,76,76,76,76,76,76,76,76,76,76,76,76,76,76],"card_choices":[{"not_picked":["Sweeping Beam","Stack"],"picked":"Conserve Battery","floor":1},{"not_picked":["Barrage","Lockon"],"picked":"Leap","floor":2},{"not_picked":["Conserve Battery","Gash"],"picked":"Consume","floor":5},{"not_picked":["Reprogram","Stack"],"picked":"Coolheaded","floor":6},{"not_picked":["Gash","Thunder Strike","Beam Cell"],"picked":"SKIP","floor":10},{"not_picked":["Turbo","Beam Cell"],"picked":"Self Repair","floor":12},{"not_picked":["Sweeping Beam","Double Energy"],"picked":"Static Discharge","floor":14},{"not_picked":["Amplify","Rainbow"],"picked":"Thunder Strike","floor":16},{"not_picked":["Turbo","Compile Driver+1"],"picked":"Storm","floor":18},{"not_picked":["Stack","Go for the Eyes"],"picked":"Ball Lightning+1","floor":20},{"not_picked":["Steam+1","Sweeping Beam"],"picked":"Self Repair","floor":22},{"not_picked":["Blizzard","Auto Shields"],"picked":"Tempest","floor":25},{"not_picked":["Rebound","Hologram","Redo"],"picked":"SKIP","floor":30},{"not_picked":["Machine Learning","Rainbow"],"picked":"Echo Form","floor":33},{"not_picked":["Lockon+1","Scrape"],"picked":"White Noise","floor":35},{"not_picked":["Sweeping Beam","Leap"],"picked":"Loop","floor":36}],"player_experience":448755,"relics_obtained":[{"floor":6,"key":"Bird Faced Urn"},{"floor":9,"key":"Darkstone Periapt"},{"floor":10,"key":"Dodecahedron"},{"floor":25,"key":"Happy Flower"},{"floor":26,"key":"Matryoshka"}],"event_choices":[{"damage_healed":0,"gold_gain":0,"player_choice":"Bought 0 Potions","damage_taken":0,"max_hp_gain":0,"max_hp_loss":0,"event_name":"The Woman in Blue","floor":3,"gold_loss":0},{"damage_healed":0,"gold_gain":0,"player_choice":"Got Potions","damage_taken":0,"max_hp_gain":0,"max_hp_loss":0,"event_name":"Lab","floor":19,"gold_loss":0},{"damage_healed":0,"gold_gain":180,"player_choice":"GOLD GOLD ","damage_taken":21,"max_hp_gain":0,"max_hp_loss":0,"event_name":"Knowing Skull","floor":21,"potions_obtained":[],"gold_loss":0,"cards_obtained":[]},{"damage_healed":0,"gold_gain":0,"player_choice":"Gave Potion","damage_taken":0,"relics_obtained":["Bag of Marbles"],"max_hp_gain":0,"max_hp_loss":0,"event_name":"WeMeetAgain","floor":38,"gold_loss":0}],"is_beta":false,"boss_relics":[{"not_picked":["Empty Cage","Eternal Feather"],"picked":"Fusion Hammer"},{"not_picked":["Black Star","Lizard Tail"],"picked":"Philosopher\u0027s Stone"}],"items_purged_floors":[24,31],"is_endless":false,"potions_floor_spawned":[5,10,14,16,18,30,33,36],"killed_by":"Jaw Worm Horde","ascension_level":17}