{"gold_per_floor":[210,225,239,259,269,294,294,323,349,349,375,375,403,14,14,90,90,106,124,136,151,151,185,185,106,106,106],"floor_reached":27,"playtime":2003,"items_purged":["Dualcast"],"score":579,"play_id":"bc607c44-af74-4507-b788-796582b6c4bf","local_time":"20190403055417","is_ascension_mode":true,"campfire_choices":[{"data":"Zap","floor":7,"key":"SMITH"},{"data":"Go for the Eyes","floor":10,"key":"SMITH"},{"data":"Coolheaded","floor":15,"key":"SMITH"},{"data":"Glacier","floor":24,"key":"SMITH"}],"neow_cost":"NONE","seed_source_timestamp":85501048371374,"circlet_count":0,"master_deck":["AscendersBane","Strike_B","Strike_B","Strike_B","Defend_B","Defend_B","Defend_B","Defend_B","Zap+1","Glacier+1","Cold Snap","Go for the Eyes+1","Self Repair","Echo Form","Conserve Battery","Biased Cognition","Coolheaded+1","Machine Learning","Genetic Algorithm+1","Storm","Stack+1","Consume+1","HandOfGreed"],"relics":["Cracked Core","Boot","Potion Belt","Bronze Scales","Blood Vial","Vajra","Membership Card","Toxic Egg 2","Sozu","The Courier"],"potions_floor_usage":[5,13,16,23],"damage_taken":[{"damage":20,"enemies":"Small Slimes","floor":1,"turns":3},{"damage":1,"enemies":"Cultist","floor":2,"turns":3},{"damage":1,"enemies":"2 Louse","floor":3,"turns":4},{"damage":0,"enemies":"Blue Slaver","floor":4,"turns":4},{"damage":0,"enemies":"Gremlin Gang","floor":5,"turns":4},{"damage":0,"enemies":"Lagavulin","floor":6,"turns":11},{"damage":24,"enemies":"Gremlin Nob","floor":8,"turns":4},{"damage":6,"enemies":"Lagavulin","floor":11,"turns":8},{"damage":0,"enemies":"Gremlin Nob","floor":13,"turns":4},{"damage":23,"enemies":"The Guardian","floor":16,"turns":13},{"damage":17,"enemies":"Shell Parasite","floor":18,"turns":5},{"damage":8,"enemies":"Spheric Guardian","floor":19,"turns":5},{"damage":28,"enemies":"3 Cultists","floor":20,"turns":5},{"damage":41,"enemies":"Shelled Parasite and Fungi","floor":21,"turns":6},{"damage":30,"enemies":"Slavers","floor":23,"turns":7},{"damage":50,"enemies":"Gremlin Leader","floor":27,"turns":9}],"seed_played":"5196325641554191146","potions_obtained":[{"floor":1,"key":"Ancient Potion"},{"floor":2,"key":"Explosive Potion"},{"floor":13,"key":"Energy Potion"},{"floor":16,"key":"FocusPotion"}],"is_trial":false,"path_per_floor":["M","M","M","M","M","E","R","E","T","R","E","?","E","$","R","B",null,"M","M","M","M","?","E","R","$","T","E"],"character_chosen":"DEFECT","items_purchased":["Membership Card","Toxic Egg 2","HandOfGreed"],"campfire_rested":0,"item_purchase_floors":[14,14,25],"current_hp_per_floor":[44,43,42,42,49,56,56,46,46,46,54,47,56,56,56,42,64,63,64,52,20,71,48,48,48,48,0],"gold":106,"neow_bonus":"HUNDRED_GOLD","is_prod":false,"is_daily":false,"chose_seed":false,"campfire_upgraded":4,"win_rate":0,"timestamp":1554238457,"path_taken":["M","M","M","M","M","E","R","E","T","R","E","?","E","$","R","BOSS","M","M","M","M","?","E","R","?","T","E"],"build_version":"2019-01-23","purchased_purges":1,"victory":false,"max_hp_per_floor":[71,71,71,71,71,71,71,71,71,71,71,71,71,71,71,71,71,71,71,71,71,71,71,71,71,71,71],"card_choices":[{"not_picked":["Static Discharge","Streamline"],"picked":"Glacier","floor":1},{"not_picked":["Gash","Stack"],"picked":"Cold Snap","floor":2},{"not_picked":["Sweeping Beam","Lockon"],"picked":"Go for the Eyes","floor":3},{"not_picked":["Hello World","Fusion"],"picked":"Self Repair","floor":4},{"not_picked":["Force Field","Conserve Battery"],"picked":"Echo Form","floor":5},{"not_picked":["Compile Driver","Hello World","Static Discharge"],"picked":"SKIP","floor":6},{"not_picked":["Fusion","Steam Power"],"picked":"Conserve Battery","floor":8},{"not_picked":["Redo","Steam Power"],"picked":"Biased Cognition","floor":11},{"not_picked":["Ball Lightning","Turbo"],"picked":"Coolheaded","floor":13},{"not_picked":["Biased Cognition","Rainbow+1"],"picked":"Machine Learning","floor":16},{"not_picked":["Leap+1","Rip and Tear"],"picked":"Genetic Algorithm+1","floor":18},{"not_picked":["Self Repair","Aggregate+1"],"picked":"Storm","floor":19},{"not_picked":["Ball Lightning","Redo+1","Lockon"],"picked":"SKIP","floor":20},{"not_picked":["Static Discharge","Go for the Eyes+1"],"picked":"Stack+1","floor":21},{"not_picked":["Beam Cell","Redo+1"],"picked":"Consume+1","floor":23}],"player_experience":446160,"relics_obtained":[{"floor":6,"key":"Boot"},{"floor":8,"key":"Potion Belt"},{"floor":9,"key":"Bronze Scales"},{"floor":11,"key":"Blood Vial"},{"floor":13,"key":"Vajra"},{"floor":23,"key":"The Courier"}],"event_choices":[{"cards_removed":["Strike_B"],"damage_healed":0,"gold_gain":0,"player_choice":"Card Removal","damage_taken":7,"max_hp_gain":0,"max_hp_loss":0,"event_name":"Golden Wing","floor":12,"gold_loss":0},{"damage_healed":51,"gold_gain":0,"player_choice":"Full Heal","damage_taken":0,"max_hp_gain":0,"max_hp_loss":0,"event_name":"Wheel of Change","floor":22,"gold_loss":0}],"is_beta":false,"boss_relics":[{"not_picked":["Velvet Choker","Fusion Hammer"],"picked":"Sozu"}],"items_purged_floors":[14],"is_endless":false,"potions_floor_spawned":[1,2,13,16,18,19,20,21],"killed_by":"Gremlin Leader","ascension_level":17}