{"gold_per_floor":[115,115,115,125,143,143,218,247,247,273,286,298,298,330,330,433,433,433,388,388,84,84,84,84,84,84,84,47,47,47,47,47,47,47,47,47,47,47,47,47,47,47,47,47,47,47,47,47,47,47],"floor_reached":51,"playtime":2871,"items_purged":[],"score":823,"play_id":"aafb7971-860d-4631-9c47-7cf63e7838c0","local_time":"20190416112535","is_ascension_mode":false,"campfire_choices":[{"data":"Shockwave","floor":6,"key":"SMITH"},{"floor":13,"key":"REST"},{"data":"Uppercut","floor":15,"key":"SMITH"},{"data":"Flex","floor":24,"key":"SMITH"},{"data":"Corruption","floor":27,"key":"SMITH"},{"data":"Shockwave","floor":30,"key":"SMITH"},{"data":"Disarm","floor":32,"key":"SMITH"},{"data":"Flex","floor":40,"key":"SMITH"},{"data":"Offering","floor":45,"key":"SMITH"},{"data":"Armaments","floor":49,"key":"SMITH"}],"neow_cost":"NONE","seed_source_timestamp":345801530225700,"circlet_count":0,"master_deck":["Strike_R","Strike_R","Strike_R","Strike_R","Strike_R","Defend_R","Defend_R+1","Defend_R","Defend_R","Bash+1","Clothesline+1","Shockwave+1","Uppercut+1","Thunderclap","Spot Weakness","Twin Strike","Power Through","True Grit","Reaper","Warcry+1","Infernal Blade+1","Feel No Pain","Flex+1","Spot Weakness","Corruption+1","Shockwave+1","True Grit","Disarm+1","Offering+1","Ghostly Armor+1","Parasite","Burning Pact","Shrug It Off+1","Flex+1","Shrug It Off+1","Metallicize+1","Armaments+1","Feel No Pain"],"relics":["Burning Blood","Dodecahedron","Blue Candle","Bag of Marbles","Bag of Preparation","Ectoplasm","OrangePellets","Vajra","Strawberry","Incense Burner","Black Star","Sundial","Bottled Flame","Blood Vial","Smiling Mask","Juzu Bracelet","Happy Flower"],"potions_floor_usage":[8,11,18,25,50,50],"damage_taken":[{"damage":8,"enemies":"Jaw Worm","floor":1,"turns":5},{"damage":2,"enemies":"Small Slimes","floor":4,"turns":3},{"damage":0,"enemies":"Cultist","floor":5,"turns":3},{"damage":30,"enemies":"Lagavulin","floor":8,"turns":9},{"damage":30,"enemies":"3 Sentries","floor":10,"turns":8},{"damage":1,"enemies":"Large Slime","floor":11,"turns":7},{"damage":8,"enemies":"Gremlin Gang","floor":12,"turns":4},{"damage":16,"enemies":"Lagavulin","floor":14,"turns":7},{"damage":4,"enemies":"The Guardian","floor":16,"turns":11},{"damage":9,"enemies":"Shell Parasite","floor":18,"turns":4},{"damage":12,"enemies":"2 Thieves","floor":19,"turns":3},{"damage":11,"enemies":"Shelled Parasite and Fungi","floor":20,"turns":4},{"damage":4,"enemies":"Snake Plant","floor":22,"turns":4},{"damage":4,"enemies":"3 Cultists","floor":23,"turns":5},{"damage":15,"enemies":"Book of Stabbing","floor":25,"turns":4},{"damage":9,"enemies":"Gremlin Leader","floor":29,"turns":5},{"damage":0,"enemies":"Chosen and Byrds","floor":31,"turns":4},{"damage":28,"enemies":"Automaton","floor":33,"turns":8},{"damage":12,"enemies":"3 Shapes","floor":35,"turns":6},{"damage":0,"enemies":"Orb Walker","floor":36,"turns":3},{"damage":6,"enemies":"Writhing Mass","floor":37,"turns":8},{"damage":5,"enemies":"Jaw Worm Horde","floor":38,"turns":5},{"damage":13,"enemies":"Maw","floor":39,"turns":9},{"damage":26,"enemies":"Giant Head","floor":41,"turns":7},{"damage":24,"enemies":"Writhing Mass","floor":44,"turns":9},{"damage":3,"enemies":"Jaw Worm Horde","floor":46,"turns":5},{"damage":6,"enemies":"Spire Growth","floor":47,"turns":4},{"damage":0,"enemies":"Nemesis","floor":48,"turns":7},{"damage":28,"enemies":"Time Eater","floor":50,"turns":14}],"seed_played":"-453741076760479504","potions_obtained":[{"floor":5,"key":"Poison Potion"},{"floor":10,"key":"SkillPotion"},{"floor":12,"key":"BloodPotion"},{"floor":16,"key":"Fruit Juice"},{"floor":19,"key":"Block Potion"},{"floor":23,"key":"BloodPotion"},{"floor":25,"key":"SmokeBomb"},{"floor":33,"key":"Strength Potion"},{"floor":35,"key":"Explosive Potion"},{"floor":41,"key":"SteroidPotion"},{"floor":46,"key":"GamblersBrew"},{"floor":48,"key":"GamblersBrew"}],"is_trial":false,"path_per_floor":["M","?","?","M","M","R","?","E","T","E","M","M","R","E","R","B",null,"M","M","M","$","M","M","R","E","T","R","$","E","R","M","R","B",null,"M","M","M","M","M","R","E","?","T","M","R","M","M","E","R","B",null],"character_chosen":"IRONCLAD","items_purchased":["OrangePellets","Feel No Pain","Flex","Shockwave"],"campfire_rested":1,"item_purchase_floors":[21,21,21,28],"current_hp_per_floor":[86,68,68,72,78,78,70,46,46,22,27,25,51,41,41,43,88,93,87,92,92,93,93,93,93,100,100,100,100,100,100,100,78,100,100,100,100,100,100,100,100,100,100,98,98,100,100,100,100,100],"gold":47,"neow_bonus":"TEN_PERCENT_HP_BONUS","is_prod":false,"is_daily":false,"chose_seed":false,"campfire_upgraded":9,"win_rate":1,"timestamp":1555439135,"path_taken":["M","?","?","M","M","R","?","E","T","E","M","M","R","E","R","BOSS","M","M","M","$","M","M","R","E","T","R","$","E","R","M","R","BOSS","M","?","M","M","M","R","E","?","T","M","R","?","M","E","R","BOSS"],"build_version":"2019-01-23","purchased_purges":0,"victory":true,"max_hp_per_floor":[88,88,88,88,88,88,88,88,88,88,88,88,88,88,88,88,88,93,93,93,93,93,93,93,93,100,100,100,100,100,100,100,100,100,100,100,100,100,100,100,100,100,100,100,100,100,100,100,100,100],"card_choices":[{"not_picked":["Rage","Flex"],"picked":"Clothesline","floor":1},{"not_picked":["Sword Boomerang","Anger"],"picked":"Shockwave","floor":4},{"not_picked":["Blood for Blood","Sword Boomerang"],"picked":"Uppercut","floor":5},{"not_picked":["Blood for Blood","Fire Breathing"],"picked":"Thunderclap","floor":8},{"not_picked":["Sword Boomerang","Body Slam"],"picked":"Spot Weakness","floor":10},{"not_picked":["Flex","Heavy Blade"],"picked":"Twin Strike","floor":11},{"not_picked":["Rage","Twin Strike"],"picked":"Power Through","floor":12},{"not_picked":["Burning Pact","Flex"],"picked":"True Grit","floor":14},{"not_picked":["Impervious","Barricade"],"picked":"Reaper","floor":16},{"not_picked":["Infernal Blade+1","Second Wind+1"],"picked":"Warcry+1","floor":18},{"not_picked":["Warcry","Sentinel"],"picked":"Infernal Blade+1","floor":19},{"not_picked":["Thunderclap+1","Twin Strike","Havoc"],"picked":"SKIP","floor":20},{"not_picked":["Havoc","Warcry","Body Slam"],"picked":"SKIP","floor":22},{"not_picked":["Intimidate+1","Clothesline"],"picked":"Spot Weakness","floor":23},{"not_picked":["Flex","Headbutt+1"],"picked":"Corruption","floor":25},{"not_picked":["Wild Strike","Sever Soul"],"picked":"True Grit","floor":29},{"not_picked":["Clothesline","Armaments"],"picked":"Disarm","floor":31},{"not_picked":["Fiend Fire","Double Tap"],"picked":"Offering","floor":33},{"not_picked":["Second Wind+1","Warcry+1"],"picked":"Ghostly Armor+1","floor":35},{"not_picked":["Hemokinesis","Havoc+1","Evolve+1"],"picked":"SKIP","floor":36},{"not_picked":["Perfected Strike+1","Thunderclap+1"],"picked":"Burning Pact","floor":37},{"not_picked":["Clash","Warcry+1"],"picked":"Shrug It Off+1","floor":38},{"not_picked":["Carnage+1","Heavy Blade"],"picked":"Flex","floor":39},{"not_picked":["Heavy Blade+1","Fire Breathing"],"picked":"Shrug It Off+1","floor":41},{"not_picked":["Warcry+1","Anger+1"],"picked":"Metallicize+1","floor":44},{"not_picked":["Fiend Fire","Clothesline","Body Slam+1"],"picked":"SKIP","floor":46},{"not_picked":["Intimidate","Sword Boomerang+1"],"picked":"Armaments","floor":47},{"not_picked":["Anger","Carnage+1"],"picked":"Feel No Pain","floor":48}],"player_experience":387833,"relics_obtained":[{"floor":8,"key":"Dodecahedron"},{"floor":9,"key":"Blue Candle"},{"floor":10,"key":"Bag of Marbles"},{"floor":14,"key":"Bag of Preparation"},{"floor":25,"key":"Vajra"},{"floor":26,"key":"Strawberry"},{"floor":29,"key":"Incense Burner"},{"floor":41,"key":"Sundial"},{"floor":41,"key":"Bottled Flame"},{"floor":42,"key":"Blood Vial"},{"floor":43,"key":"Smiling Mask"},{"floor":48,"key":"Juzu Bracelet"},{"floor":48,"key":"Happy Flower"}],"event_choices":[{"damage_healed":0,"gold_gain":0,"player_choice":"Entered Light","damage_taken":18,"max_hp_gain":0,"max_hp_loss":0,"event_name":"Shining Light","floor":2,"gold_loss":0,"cards_upgraded":["Bash","Defend_R"]},{"damage_healed":0,"gold_gain":0,"player_choice":"Grow","damage_taken":0,"max_hp_gain":0,"max_hp_loss":0,"event_name":"Living Wall","floor":3,"gold_loss":0,"cards_upgraded":["Clothesline"]},{"damage_healed":0,"gold_gain":75,"player_choice":"Touch","damage_taken":8,"max_hp_gain":0,"max_hp_loss":0,"event_name":"FaceTrader","floor":7,"gold_loss":0},{"damage_healed":0,"gold_gain":0,"player_choice":"Relic","damage_taken":0,"max_hp_gain":0,"max_hp_loss":0,"event_name":"Wheel of Change","floor":42,"gold_loss":0}],"is_beta":false,"boss_relics":[{"not_picked":["Astrolabe","Runic Cube"],"picked":"Ectoplasm"},{"not_picked":["Pandora\u0027s Box","White Beast Statue"],"picked":"Black Star"}],"items_purged_floors":[],"is_endless":false,"potions_floor_spawned":[5,10,12,16,19,23,25,33,35,41,44,46,48],"ascension_level":0}