{"gold_per_floor":[115,115,135,153,153,194,194,194,194,219,242,17,17,41,41,171,171,191,281,295,5,20,20,56,71,150,150,173,192,192,212,212,317,317,327,427,443,453,453,453,478,478,478,478],"floor_reached":44,"playtime":4516,"items_purged":[],"score":510,"play_id":"4bea5e6a-86cd-444a-97d4-215f2c721fa6","local_time":"20190410130025","is_ascension_mode":true,"campfire_choices":[{"floor":8,"key":"REST"},{"floor":13,"key":"DIG"},{"floor":15,"key":"REST"},{"floor":23,"key":"REST"},{"floor":27,"key":"REST"},{"floor":32,"key":"DIG"},{"floor":40,"key":"DIG"},{"floor":42,"key":"REST"}],"neow_cost":"NONE","seed_source_timestamp":1826050562922,"circlet_count":0,"master_deck":["Strike_B","Strike_B","Strike_B","Strike_B","Defend_B","Defend_B","Defend_B","Defend_B","Zap","Dualcast","Conserve Battery","Genetic Algorithm+1","Steam","Ball Lightning","Self Repair","Buffer","Capacitor","PanicButton","Go for the Eyes+1","Coolheaded","Chill","Glacier","Double Energy+1","White Noise","FTL+1","Buffer","Storm+1","Auto Shields","Writhe","Machine Learning"],"relics":["Cracked Core","Bloody Idol","StoneCalendar","Shovel","Blood Vial","Centennial Puzzle","Nuclear Battery","Bird Faced Urn","Darkstone Periapt","Question Card","Lantern","Velvet Choker","Thread and Needle","Bag of Preparation","Bronze Scales","Pear"],"potions_floor_usage":[6,16,16,20,28,31,33,33,41,41,41],"damage_taken":[{"damage":1,"enemies":"2 Louse","floor":1,"turns":2},{"damage":0,"enemies":"Small Slimes","floor":3,"turns":3},{"damage":4,"enemies":"Cultist","floor":4,"turns":5},{"damage":55,"enemies":"Gremlin Nob","floor":6,"turns":6},{"damage":0,"enemies":"Exordium Wildlife","floor":10,"turns":4},{"damage":2,"enemies":"Looter","floor":11,"turns":3},{"damage":10,"enemies":"3 Louse","floor":14,"turns":2},{"damage":10,"enemies":"Hexaghost","floor":16,"turns":8},{"damage":10,"enemies":"Spheric Guardian","floor":18,"turns":5},{"damage":28,"enemies":"Shell Parasite","floor":20,"turns":7},{"damage":16,"enemies":"Shelled Parasite and Fungi","floor":22,"turns":7},{"damage":34,"enemies":"Gremlin Leader","floor":24,"turns":7},{"damage":29,"enemies":"Sentry and Sphere","floor":25,"turns":7},{"damage":15,"enemies":"3 Cultists","floor":28,"turns":7},{"damage":28,"enemies":"Centurion and Healer","floor":29,"turns":8},{"damage":8,"enemies":"Snake Plant","floor":31,"turns":7},{"damage":35,"enemies":"Champ","floor":33,"turns":15},{"damage":5,"enemies":"3 Darklings","floor":35,"turns":7},{"damage":4,"enemies":"Mind Bloom Boss Battle","floor":36,"turns":10},{"damage":0,"enemies":"3 Shapes","floor":37,"turns":5},{"damage":24,"enemies":"Sphere and 2 Shapes","floor":38,"turns":7},{"damage":76,"enemies":"Nemesis","floor":41,"turns":11},{"damage":104,"enemies":"Giant Head","floor":44,"turns":13}],"seed_played":"2072016851338450639","potions_obtained":[{"floor":3,"key":"AttackPotion"},{"floor":10,"key":"Fire Potion"},{"floor":11,"key":"Poison Potion"},{"floor":16,"key":"Swift Potion"},{"floor":18,"key":"Ancient Potion"},{"floor":24,"key":"Fire Potion"},{"floor":25,"key":"LiquidBronze"},{"floor":29,"key":"Regen Potion"},{"floor":31,"key":"GamblersBrew"},{"floor":36,"key":"SneckoOil"},{"floor":37,"key":"Block Potion"}],"is_trial":false,"path_per_floor":["?","?","?","?","M","?","?","?"],"character_chosen":"DEFECT","items_purchased":["Blood Vial","FocusPotion","Bird Faced Urn"],"campfire_rested":5,"item_purchase_floors":[12,12,21],"current_hp_per_floor":[81,61,61,57,57,2,2,26,26,26,24,24,24,16,40,39,82,79,55,36,36,35,59,40,24,24,48,46,33,33,62,62,49,82,82,82,82,70,88,88,24,50,60,0],"gold":478,"neow_bonus":"TEN_PERCENT_HP_BONUS","is_prod":false,"is_daily":false,"chose_seed":false,"campfire_upgraded":0,"win_rate":0,"timestamp":1554894025,"path_taken":["M","?","M","M","?","E","?","R","T","M","M","$","R","M","R","BOSS","M","?","M","$","M","R","E","?","T","R","M","M","?","M","R","BOSS","M","?","M","M","?","R","E","R","T","E"],"build_version":"2019-01-23","purchased_purges":0,"victory":false,"max_hp_per_floor":[82,82,82,82,82,82,82,82,82,82,82,82,82,82,82,82,82,82,82,82,82,82,82,82,82,82,82,82,82,82,82,82,82,82,82,82,82,82,88,88,88,88,98,98],"card_choices":[{"not_picked":["Streamline","Stack"],"picked":"Conserve Battery","floor":1},{"not_picked":["Consume","Cold Snap"],"picked":"Genetic Algorithm","floor":3},{"not_picked":["Steam Power","Reprogram"],"picked":"Steam","floor":4},{"not_picked":["Stack","Hello World","Biased Cognition"],"picked":"SKIP","floor":6},{"not_picked":["Chaos","Rebound"],"picked":"Ball Lightning","floor":10},{"not_picked":["Steam Power","Leap"],"picked":"Self Repair","floor":11},{"not_picked":["Rebound","Redo","Steam Power"],"picked":"SKIP","floor":14},{"not_picked":["Machine Learning","Hyperbeam"],"picked":"Buffer","floor":16},{"not_picked":["Compile Driver","Stack+1"],"picked":"Capacitor","floor":18},{"not_picked":["Turbo","Rebound+1"],"picked":"Go for the Eyes+1","floor":20},{"not_picked":["Conserve Battery+1","Go for the Eyes"],"picked":"Coolheaded","floor":22},{"not_picked":["Steam Power","Core Surge"],"picked":"Chill","floor":24},{"not_picked":["Cold Snap+1","Conserve Battery"],"picked":"Glacier","floor":25},{"not_picked":["Stack","Aggregate","Storm+1"],"picked":"Double Energy+1","floor":28},{"not_picked":["Reinforced Body","Doom and Gloom","Hologram"],"picked":"White Noise","floor":29},{"not_picked":["Leap","Conserve Battery","Turbo"],"picked":"FTL+1","floor":31},{"not_picked":["Electrodynamics","Hyperbeam","Thunder Strike"],"picked":"Buffer","floor":33},{"not_picked":["Darkness+1","Sweeping Beam","Heatsinks+1"],"picked":"Storm+1","floor":35},{"not_picked":["Recycle","FTL","Skim+1"],"picked":"Auto Shields","floor":36},{"not_picked":["Ball Lightning","Conserve Battery+1","Sweeping Beam+1","Coolheaded+1"],"picked":"SKIP","floor":37},{"not_picked":["Hologram","Rebound+1","Rip and Tear+1","Sweeping Beam"],"picked":"SKIP","floor":38},{"not_picked":["Chaos+1","Leap","Sweeping Beam"],"picked":"Machine Learning","floor":41}],"player_experience":75002,"relics_obtained":[{"floor":6,"key":"StoneCalendar"},{"floor":9,"key":"Shovel"},{"floor":13,"key":"Centennial Puzzle"},{"floor":24,"key":"Darkstone Periapt"},{"floor":26,"key":"Question Card"},{"floor":32,"key":"Lantern"},{"floor":36,"key":"Thread and Needle"},{"floor":40,"key":"Bag of Preparation"},{"floor":41,"key":"Bronze Scales"},{"floor":43,"key":"Pear"}],"event_choices":[{"damage_healed":0,"gold_gain":0,"player_choice":"Take Damage","damage_taken":20,"relics_obtained":["Golden Idol"],"max_hp_gain":0,"max_hp_loss":0,"event_name":"Golden Idol","floor":2,"gold_loss":0},{"damage_healed":0,"gold_gain":0,"player_choice":"Ignored","damage_taken":0,"max_hp_gain":0,"max_hp_loss":0,"event_name":"Golden Wing","floor":5,"gold_loss":0},{"damage_healed":0,"gold_gain":0,"player_choice":"Grow","damage_taken":0,"max_hp_gain":0,"max_hp_loss":0,"event_name":"Living Wall","floor":7,"gold_loss":0,"cards_upgraded":["Genetic Algorithm"]},{"damage_healed":0,"gold_gain":90,"player_choice":"CARD GOLD ","damage_taken":24,"max_hp_gain":0,"max_hp_loss":0,"event_name":"Knowing Skull","floor":19,"potions_obtained":[],"gold_loss":0,"cards_obtained":["PanicButton"]},{"damage_healed":0,"gold_gain":0,"player_choice":"Gave Idol","damage_taken":0,"relics_obtained":["Bloody Idol"],"max_hp_gain":0,"max_hp_loss":0,"event_name":"Forgotten Altar","floor":30,"relics_lost":["Golden Idol"],"gold_loss":0},{"damage_healed":0,"gold_gain":0,"player_choice":"Fight","damage_taken":0,"max_hp_gain":0,"max_hp_loss":0,"event_name":"MindBloom","floor":36,"gold_loss":0},{"damage_healed":21,"gold_gain":0,"player_choice":"Writhe","damage_taken":0,"max_hp_gain":0,"max_hp_loss":0,"event_name":"Winding Halls","floor":39,"gold_loss":0,"cards_obtained":["Writhe"]}],"is_beta":false,"boss_relics":[{"not_picked":["Runic Pyramid","Coffee Dripper"],"picked":"Nuclear Battery"},{"not_picked":["Eternal Feather","Lizard Tail"],"picked":"Velvet Choker"}],"items_purged_floors":[],"is_endless":false,"potions_floor_spawned":[3,10,11,16,18,24,25,29,31,36,37,38],"killed_by":"Giant Head","ascension_level":1}