{"gold_per_floor":[113,123,138,213,138,138,170,188,188,188,198,198,218,235,235,235],"floor_reached":16,"playtime":665,"items_purged":["Defend_R"],"score":104,"play_id":"6a6f3abf-46ac-4fca-893d-df9299dc5efd","local_time":"20190417011438","is_ascension_mode":false,"campfire_choices":[{"data":"Bash","floor":6,"key":"SMITH"},{"data":"Shrug It Off","floor":12,"key":"SMITH"},{"data":"Strike_R","floor":15,"key":"SMITH"}],"neow_cost":"TEN_PERCENT_HP_LOSS","seed_source_timestamp":58229646395355,"circlet_count":0,"master_deck":["Strike_R","Strike_R","Strike_R+1","Defend_R","Defend_R","Bash+1","Shrug It Off+1"],"relics":["Burning Blood","Vajra","Darkstone Periapt"],"potions_floor_usage":[7,16,16,16],"damage_taken":[{"damage":1,"enemies":"Cultist","floor":1,"turns":3},{"damage":16,"enemies":"Jaw Worm","floor":2,"turns":5},{"damage":7,"enemies":"2 Louse","floor":3,"turns":3},{"damage":31,"enemies":"Lagavulin","floor":7,"turns":9},{"damage":2,"enemies":"Blue Slaver","floor":8,"turns":5},{"damage":2,"enemies":"Looter","floor":11,"turns":4},{"damage":0,"enemies":"3 Louse","floor":13,"turns":5},{"damage":2,"enemies":"Exordium Thugs","floor":14,"turns":6},{"damage":52,"enemies":"Hexaghost","floor":16,"turns":11}],"seed_played":"5245601126408033171","potions_obtained":[{"floor":3,"key":"PowerPotion"},{"floor":7,"key":"Strength Potion"},{"floor":13,"key":"BloodPotion"},{"floor":14,"key":"Explosive Potion"}],"is_trial":false,"path_per_floor":["M","M","M","?","$","R","E","M","T","?","M","R","M","M","R","B"],"character_chosen":"IRONCLAD","items_purchased":[],"campfire_rested":0,"item_purchase_floors":[],"current_hp_per_floor":[72,62,61,50,50,50,25,29,29,29,33,33,39,43,43,0],"gold":235,"neow_bonus":"REMOVE_TWO","is_prod":false,"is_daily":false,"chose_seed":false,"campfire_upgraded":3,"win_rate":0,"timestamp":1555488878,"path_taken":["M","M","M","?","$","R","E","M","T","?","M","R","?","M","R","BOSS"],"build_version":"2019-01-23","purchased_purges":1,"victory":false,"max_hp_per_floor":[72,72,72,72,72,72,72,72,72,72,72,72,72,72,72,72],"card_choices":[{"not_picked":["Armaments","Wild Strike","Twin Strike"],"picked":"SKIP","floor":1},{"not_picked":["Fire Breathing","Whirlwind"],"picked":"Shrug It Off","floor":2},{"not_picked":["Anger","Twin Strike","Clothesline"],"picked":"SKIP","floor":3},{"not_picked":["Cleave","Armaments","Demon Form"],"picked":"SKIP","floor":7},{"not_picked":["Shrug It Off","Anger","Perfected Strike"],"picked":"SKIP","floor":8},{"not_picked":["Fiend Fire","Twin Strike","Armaments"],"picked":"SKIP","floor":11},{"not_picked":["Shrug It Off","Body Slam","Anger"],"picked":"SKIP","floor":13},{"not_picked":["Twin Strike","Infernal Blade","True Grit"],"picked":"SKIP","floor":14}],"player_experience":554756,"relics_obtained":[{"floor":7,"key":"Vajra"},{"floor":9,"key":"Darkstone Periapt"}],"event_choices":[{"damage_healed":0,"gold_gain":75,"player_choice":"Gather Gold","damage_taken":11,"max_hp_gain":0,"max_hp_loss":0,"event_name":"World of Goop","floor":4,"gold_loss":0},{"cards_removed":["Strike_R"],"damage_healed":0,"gold_gain":0,"player_choice":"Forget","damage_taken":0,"max_hp_gain":0,"max_hp_loss":0,"event_name":"Living Wall","floor":10,"gold_loss":0}],"is_beta":false,"boss_relics":[],"items_purged_floors":[5],"is_endless":false,"potions_floor_spawned":[3,7,13,14],"killed_by":"Hexaghost","ascension_level":0}