{"gold_per_floor":[119,119,137,25,44,44,44,44,124,72,98,98,115,115,115,220,220,234,234,245,261,261,261,261,274,299,299,299,309,18,45,45,149,149,168,168,17,17,28,28,62,77,77,2,16,32,32,32],"floor_reached":48,"playtime":1705,"items_purged":["Strike_B"],"score":483,"play_id":"4baef850-19d8-41e1-b9d5-e719ccf32b22","local_time":"20181126001930","is_ascension_mode":false,"campfire_choices":[{"floor":6,"key":"REST"},{"data":"Zap","floor":8,"key":"SMITH"},{"floor":15,"key":"REST"},{"data":"Storm","floor":23,"key":"SMITH"},{"floor":27,"key":"REST"},{"floor":32,"key":"REST"},{"data":"Thunder Strike","floor":40,"key":"SMITH"},{"floor":47,"key":"REST"}],"neow_cost":"NONE","seed_source_timestamp":776901460863225,"circlet_count":0,"master_deck":["Strike_B+1","Strike_B+1","Strike_B+1","Defend_B+1","Defend_B+1","Defend_B+1","Defend_B+1","Zap+1","Dualcast","Creative AI+1","Steam Power","Steam","Self Repair","Storm","Parasite","Steam","Thunder Strike+1","Sweeping Beam","Biased Cognition","Storm+1","Hologram","BootSequence","Conserve Battery","BootSequence","Machine Learning+1","Auto Shields","Madness","Madness","Stack","Ball Lightning","Conserve Battery+1","Capacitor","Thunder Strike","Melter+1"],"relics":["Cracked Core","Bottled Tornado","Blood Vial","Mango","Runic Pyramid","Nilry\u0027s Codex","Bag of Preparation","MutagenicStrength","Thread and Needle","Vajra","Inserter","Orichalcum","Pocketwatch","Calipers"],"potions_floor_usage":[16,45,45],"damage_taken":[{"damage":23,"enemies":"Jaw Worm","floor":1,"turns":7},{"damage":12,"enemies":"2 Louse","floor":3,"turns":3},{"damage":17,"enemies":"Small Slimes","floor":5,"turns":4},{"damage":31,"enemies":"3 Sentries","floor":11,"turns":7},{"damage":10,"enemies":"Looter","floor":13,"turns":4},{"damage":37,"enemies":"Hexaghost","floor":16,"turns":7},{"damage":10,"enemies":"Chosen","floor":18,"turns":4},{"damage":24,"enemies":"Spheric Guardian","floor":20,"turns":4},{"damage":13,"enemies":"Snecko","floor":21,"turns":5},{"damage":11,"enemies":"Snake Plant","floor":25,"turns":3},{"damage":15,"enemies":"Cultist and Chosen","floor":29,"turns":5},{"damage":25,"enemies":"Champ","floor":33,"turns":8},{"damage":12,"enemies":"Orb Walker","floor":35,"turns":5},{"damage":5,"enemies":"3 Shapes","floor":39,"turns":3},{"damage":25,"enemies":"Giant Head","floor":41,"turns":6},{"damage":18,"enemies":"Jaw Worm Horde","floor":42,"turns":4},{"damage":20,"enemies":"3 Darklings","floor":45,"turns":5},{"damage":11,"enemies":"Spire Growth","floor":46,"turns":4},{"damage":52,"enemies":"Reptomancer","floor":48,"turns":2}],"seed_played":"8325551932715746639","potions_obtained":[{"floor":5,"key":"AttackPotion"},{"floor":11,"key":"EssenceOfSteel"},{"floor":18,"key":"FocusPotion"},{"floor":33,"key":"FocusPotion"}],"is_trial":false,"path_per_floor":["M","?","M","$","M","R","?","R","T","$","E","?","M","?","R","B",null,"M","?","M","M","?","R","?","M","T","R","?","M","$","T","R","B",null,"M","?","$","?","M","R","E","M","T","$","M","M","R","E"],"character_chosen":"DEFECT","items_purchased":["Self Repair","Steam","Thread and Needle","Orichalcum","Capacitor"],"campfire_rested":5,"item_purchase_floors":[4,10,30,37,44],"current_hp_per_floor":[52,37,25,25,15,37,55,55,55,55,31,42,34,34,60,25,89,86,70,48,44,44,44,27,18,18,46,46,40,40,40,68,45,94,89,77,77,77,81,81,58,42,42,42,31,22,50,0],"gold":32,"neow_bonus":"ONE_RANDOM_RARE_CARD","is_prod":false,"is_daily":false,"chose_seed":false,"campfire_upgraded":3,"win_rate":0.0,"timestamp":1543213170,"path_taken":["M","?","M","$","M","R","?","R","T","$","E","?","M","?","R","BOSS","M","?","M","M","?","R","?","M","T","R","?","M","$","?","R","BOSS","M","?","$","?","M","R","E","?","T","$","M","M","R","E"],"build_version":"2018-11-15","purchased_purges":1,"victory":false,"max_hp_per_floor":[75,75,75,75,75,75,75,75,75,75,75,89,89,89,89,89,89,89,89,89,89,89,89,94,94,94,94,94,94,94,94,94,94,94,94,94,94,94,94,94,94,94,94,94,94,94,94,94],"card_choices":[{"not_picked":["Stack","Chaos"],"picked":"Steam Power","floor":1},{"not_picked":["Heatsinks","Rip and Tear"],"picked":"Steam","floor":3},{"not_picked":["Conserve Battery","Cold Snap"],"picked":"Storm","floor":5},{"not_picked":["White Noise","Sweeping Beam"],"picked":"Thunder Strike","floor":11},{"not_picked":["Force Field","Chaos"],"picked":"Sweeping Beam","floor":13},{"not_picked":["Reboot","Amplify"],"picked":"Biased Cognition","floor":16},{"not_picked":["Steam+1","White Noise"],"picked":"Storm","floor":18},{"not_picked":["Barrage+1","Conserve Battery"],"picked":"Hologram","floor":20},{"not_picked":["Turbo","Force Field"],"picked":"BootSequence","floor":21},{"not_picked":["Go for the Eyes","Compile Driver"],"picked":"Conserve Battery","floor":25},{"not_picked":["Doom and Gloom","Darkness"],"picked":"BootSequence","floor":29},{"not_picked":["Rainbow","Fission"],"picked":"Machine Learning","floor":33},{"not_picked":["Scrape+1","Rebound+1"],"picked":"Auto Shields","floor":35},{"not_picked":["Rip and Tear","Hello World+1"],"picked":"Stack","floor":39},{"not_picked":["Auto Shields","Hello World+1"],"picked":"Ball Lightning","floor":41},{"not_picked":["Double Energy","Cold Snap"],"picked":"Conserve Battery+1","floor":42},{"not_picked":["Cold Snap","Streamline"],"picked":"Thunder Strike","floor":45},{"not_picked":["Aggregate","Rebound"],"picked":"Melter+1","floor":46}],"player_experience":48008,"relics_obtained":[{"floor":9,"key":"Bottled Tornado"},{"floor":11,"key":"Blood Vial"},{"floor":19,"key":"Nilry\u0027s Codex"},{"floor":26,"key":"Bag of Preparation"},{"floor":31,"key":"Vajra"},{"floor":41,"key":"Pocketwatch"},{"floor":43,"key":"Calipers"}],"event_choices":[{"damage_healed":0,"gold_gain":0,"player_choice":"Entered Light","damage_taken":15,"max_hp_gain":0,"max_hp_loss":0,"event_name":"Shining Light","floor":2,"gold_loss":0,"cards_upgraded":["Creative AI","Defend_B"]},{"damage_healed":18,"gold_gain":0,"player_choice":"Healed and dodged fight","damage_taken":0,"max_hp_gain":0,"max_hp_loss":0,"event_name":"Mushrooms","floor":7,"gold_loss":0,"cards_obtained":["Parasite"]},{"damage_healed":0,"gold_gain":0,"player_choice":"Success","damage_taken":3,"relics_obtained":["Mango"],"max_hp_gain":0,"max_hp_loss":0,"event_name":"Scrap Ooze","floor":12,"gold_loss":0},{"damage_healed":0,"gold_gain":0,"player_choice":"Ignored","damage_taken":0,"max_hp_gain":0,"max_hp_loss":0,"event_name":"Liars Game","floor":14,"gold_loss":0},{"damage_healed":0,"gold_gain":0,"player_choice":"Obtained Book","damage_taken":16,"max_hp_gain":0,"max_hp_loss":0,"event_name":"Cursed Tome","floor":19,"gold_loss":0},{"damage_healed":0,"gold_gain":0,"player_choice":"Simplicity","damage_taken":0,"max_hp_gain":0,"max_hp_loss":0,"event_name":"Back to Basics","floor":22,"gold_loss":0,"cards_upgraded":["Strike_B","Strike_B","Strike_B","Defend_B","Defend_B","Defend_B"]},{"damage_healed":0,"gold_gain":0,"player_choice":"Shed Blood","damage_taken":22,"max_hp_gain":5,"max_hp_loss":0,"event_name":"Forgotten Altar","floor":24,"gold_loss":0},{"damage_healed":0,"gold_gain":0,"player_choice":"Inject Mutagens","damage_taken":0,"relics_obtained":["MutagenicStrength"],"max_hp_gain":0,"max_hp_loss":0,"event_name":"Drug Dealer","floor":28,"gold_loss":0},{"damage_healed":0,"gold_gain":0,"player_choice":"Embrace Madness","damage_taken":12,"max_hp_gain":0,"max_hp_loss":0,"event_name":"Winding Halls","floor":36,"gold_loss":0,"cards_obtained":["Madness","Madness"]},{"damage_healed":0,"gold_gain":0,"player_choice":"Upgraded","damage_taken":0,"max_hp_gain":0,"max_hp_loss":0,"event_name":"Upgrade Shrine","floor":38,"gold_loss":0,"cards_upgraded":["Machine Learning"]}],"is_beta":false,"boss_relics":[{"not_picked":["Cursed Key","Eternal Feather"],"picked":"Runic Pyramid"},{"not_picked":["Orrery","Nuclear Battery"],"picked":"Inserter"}],"items_purged_floors":[4],"is_endless":false,"potions_floor_spawned":[5,11,18,33,39,41,42],"killed_by":"Reptomancer","ascension_level":0}