{"gold_per_floor":[115,130,148,161,161,161,180,190,216,34,57,72,82,46,46,150,150,167,167,184,199,124,124,124,144,168,168,168,168],"floor_reached":29,"playtime":1131,"items_purged":[],"score":219,"play_id":"0e7191f7-70b0-4ecd-b49d-65a61b027de2","local_time":"20181125235050","is_ascension_mode":false,"campfire_choices":[{"data":"Hologram","floor":6,"key":"SMITH"},{"data":"Capacitor","floor":15,"key":"SMITH"},{"floor":23,"key":"REST"},{"floor":27,"key":"REST"}],"neow_cost":"NONE","seed_source_timestamp":775756346581481,"circlet_count":0,"master_deck":["Strike_B","Strike_B","Strike_B","Defend_B","Defend_B","Defend_B","Defend_B","Zap+1","Dualcast","Hologram+1","Static Discharge","Self Repair","Turbo","Steam","Capacitor+1","Auto Shields","Aggregate","Tempest","Melter","Echo Form","Hello World","Gash","Auto Shields+1"],"relics":["Cracked Core","Boot","Bronze Scales","Orichalcum","Blood Vial","Black Star","Strawberry"],"potions_floor_usage":[],"damage_taken":[{"damage":8,"enemies":"Jaw Worm","floor":1,"turns":3},{"damage":3,"enemies":"Cultist","floor":2,"turns":4},{"damage":8,"enemies":"2 Louse","floor":3,"turns":2},{"damage":15,"enemies":"Large Slime","floor":4,"turns":4},{"damage":4,"enemies":"Exordium Wildlife","floor":7,"turns":3},{"damage":12,"enemies":"3 Louse","floor":8,"turns":3},{"damage":8,"enemies":"Gremlin Gang","floor":12,"turns":4},{"damage":2,"enemies":"Red Slaver","floor":13,"turns":4},{"damage":40,"enemies":"Slime Boss","floor":16,"turns":11},{"damage":14,"enemies":"Chosen","floor":18,"turns":5},{"damage":16,"enemies":"Shell Parasite","floor":20,"turns":7},{"damage":33,"enemies":"Centurion and Healer","floor":21,"turns":9},{"damage":37,"enemies":"Snecko","floor":25,"turns":6},{"damage":33,"enemies":"3 Cultists","floor":29,"turns":3}],"seed_played":"1064942435577987069","potions_obtained":[{"floor":1,"key":"Strength Potion"},{"floor":2,"key":"SpeedPotion"},{"floor":3,"key":"AttackPotion"}],"is_trial":false,"path_per_floor":["M","M","M","M","?","R","M","M","T","$","T","M","M","$","R","B",null,"M","?","M","M","?","R","?","M","T","R","?","M"],"character_chosen":"DEFECT","items_purchased":["Orichalcum","Auto Shields","Melter"],"campfire_rested":2,"item_purchase_floors":[10,10,14],"current_hp_per_floor":[67,64,56,48,48,48,51,46,46,46,46,47,54,54,54,23,75,68,68,61,37,37,59,43,15,22,46,30,0],"gold":168,"neow_bonus":"RANDOM_COMMON_RELIC","is_prod":false,"is_daily":false,"chose_seed":false,"campfire_upgraded":2,"win_rate":0.0,"timestamp":1543211450,"path_taken":["M","M","M","M","?","R","M","?","T","$","?","M","M","?","R","BOSS","M","?","M","?","?","R","?","M","T","R","?","M"],"build_version":"2018-11-15","purchased_purges":0,"victory":false,"max_hp_per_floor":[75,75,75,75,75,75,75,75,75,75,75,75,75,75,75,75,75,75,75,75,75,75,75,75,75,82,82,87,87],"card_choices":[{"not_picked":["Darkness","Redo"],"picked":"Hologram","floor":1},{"not_picked":["Streamline","Beam Cell"],"picked":"Static Discharge","floor":2},{"not_picked":["Sweeping Beam","Chill"],"picked":"Self Repair","floor":3},{"not_picked":["Undo","Biased Cognition"],"picked":"Turbo","floor":4},{"not_picked":["Leap","Turbo"],"picked":"Steam","floor":7},{"not_picked":["Barrage","Turbo"],"picked":"Capacitor","floor":8},{"not_picked":["Heatsinks","Reinforced Body"],"picked":"Aggregate","floor":12},{"not_picked":["Gash","Cold Snap"],"picked":"Tempest","floor":13},{"not_picked":["Hyperbeam","Core Surge"],"picked":"Echo Form","floor":16},{"not_picked":["Reprogram+1","Tempest"],"picked":"Hello World","floor":18},{"not_picked":["Sunder","Chaos","Scrape+1"],"picked":"SKIP","floor":20},{"not_picked":["Recycle","Cold Snap"],"picked":"Gash","floor":21},{"not_picked":["Barrage+1","Redo"],"picked":"Auto Shields+1","floor":25}],"player_experience":46877,"relics_obtained":[{"floor":9,"key":"Bronze Scales"},{"floor":11,"key":"Blood Vial"},{"floor":26,"key":"Strawberry"}],"event_choices":[{"damage_healed":0,"gold_gain":0,"player_choice":"Forge","damage_taken":0,"max_hp_gain":0,"max_hp_loss":0,"event_name":"Accursed Blacksmith","floor":5,"gold_loss":0,"cards_upgraded":["Zap"]},{"damage_healed":0,"gold_gain":0,"player_choice":"Ignored","damage_taken":0,"max_hp_gain":0,"max_hp_loss":0,"event_name":"NoteForYourself","floor":19,"gold_loss":0},{"cards_removed":["Strike_B"],"damage_healed":0,"gold_gain":0,"player_choice":"Gave Gold","damage_taken":0,"max_hp_gain":0,"max_hp_loss":0,"event_name":"Beggar","floor":22,"gold_loss":75},{"damage_healed":0,"gold_gain":0,"player_choice":"Obtained Book","damage_taken":16,"max_hp_gain":0,"max_hp_loss":0,"event_name":"Cursed Tome","floor":24,"gold_loss":0},{"damage_healed":0,"gold_gain":0,"player_choice":"Shed Blood","damage_taken":21,"max_hp_gain":5,"max_hp_loss":0,"event_name":"Forgotten Altar","floor":28,"gold_loss":0}],"is_beta":false,"boss_relics":[{"not_picked":["Runic Dome","Velvet Choker"],"picked":"Black Star"}],"items_purged_floors":[],"is_endless":false,"potions_floor_spawned":[1,2,3,8,16,20,25],"killed_by":"3 Cultists","ascension_level":0}