{"gold_per_floor":[362,378,390,15,26,58,68,68,68,95,107,125,154,172,172,246,246,263,263,263,287,82,82,111,127,127,147,147,173,173,173,173,247,247,261,272,25,43,62,62,87,87,87,99,111,130,160,211,211,211,211,211,211,42,71,71],"floor_reached":56,"playtime":3715,"items_purged":[],"score":1992,"play_id":"4b379f3b-575a-48cf-91d7-fcc49e81c3fa","local_time":"20190406204846","is_ascension_mode":true,"campfire_choices":[{"data":"Loop","floor":8.0,"key":"SMITH"},{"floor":15.0,"key":"REST"},{"floor":23.0,"key":"REST"},{"floor":32.0,"key":"REST"},{"data":"Panache","floor":40.0,"key":"SMITH"},{"floor":42.0,"key":"RECALL"},{"floor":49.0,"key":"REST"},{"data":"Heatsinks","floor":53.0,"key":"SMITH"}],"neow_cost":"TEN_PERCENT_HP_LOSS","seed_source_timestamp":0,"circlet_count":0,"master_deck":["AscendersBane","Strike_B","Strike_B","Defend_B","Defend_B","Defend_B","Defend_B","Zap","Dualcast","BootSequence","Leap","Genetic Algorithm","Loop+1","Electrodynamics","Loop","White Noise","Genetic Algorithm","Glacier","Echo Form","Panache+1","Coolheaded","Electrodynamics","Static Discharge","Reinforced Body","Amplify","Go for the Eyes+1","Defragment+1","Heatsinks+1","Skim","Meteor Strike","Sunder","Reboot"],"special_seed":0,"relics":["Cracked Core","Mummified Hand","PreservedInsect","Bag of Preparation","Strawberry","Symbiotic Virus","Sozu","Centennial Puzzle","Pocketwatch","Shuriken","Bottled Tornado","Eternal Feather","Anchor","Darkstone Periapt","Regal Pillow","Gambling Chip","Art of War","Pantograph"],"potions_floor_usage":[],"damage_taken":[{"damage":5.0,"enemies":"2 Louse","floor":1.0,"turns":4.0},{"damage":2.0,"enemies":"Jaw Worm","floor":2.0,"turns":4.0},{"damage":2.0,"enemies":"Cultist","floor":3.0,"turns":5.0},{"damage":1.0,"enemies":"2 Fungi Beasts","floor":5.0,"turns":4.0},{"damage":23.0,"enemies":"Lagavulin","floor":6.0,"turns":6.0},{"damage":0.0,"enemies":"Exordium Wildlife","floor":7.0,"turns":3.0},{"damage":6.0,"enemies":"Gremlin Nob","floor":10.0,"turns":3.0},{"damage":21.0,"enemies":"Gremlin Gang","floor":11.0,"turns":4.0},{"damage":0.0,"enemies":"Blue Slaver","floor":12.0,"turns":3.0},{"damage":5.0,"enemies":"3 Sentries","floor":13.0,"turns":3.0},{"damage":0.0,"enemies":"2 Fungi Beasts","floor":14.0,"turns":2.0},{"damage":23.0,"enemies":"The Guardian","floor":16.0,"turns":9.0},{"damage":0.0,"enemies":"3 Byrds","floor":18.0,"turns":2.0},{"damage":10.0,"enemies":"Book of Stabbing","floor":24.0,"turns":4.0},{"damage":0.0,"enemies":"Spheric Guardian","floor":25.0,"turns":3.0},{"damage":13.0,"enemies":"Snecko","floor":27.0,"turns":4.0},{"damage":0.0,"enemies":"Gremlin Leader","floor":29.0,"turns":4.0},{"damage":33.0,"enemies":"Collector","floor":33.0,"turns":10.0},{"damage":17.0,"enemies":"3 Darklings","floor":35.0,"turns":3.0},{"damage":1.0,"enemies":"Orb Walker","floor":36.0,"turns":3.0},{"damage":0.0,"enemies":"Transient","floor":38.0,"turns":6.0},{"damage":10.0,"enemies":"Writhing Mass","floor":39.0,"turns":3.0},{"damage":0.0,"enemies":"Nemesis","floor":41.0,"turns":8.0},{"damage":0.0,"enemies":"4 Shapes","floor":44.0,"turns":4.0},{"damage":0.0,"enemies":"Jaw Worm Horde","floor":45.0,"turns":3.0},{"damage":8.0,"enemies":"Maw","floor":46.0,"turns":5.0},{"damage":11.0,"enemies":"Reptomancer","floor":47.0,"turns":4.0},{"damage":11.0,"enemies":"2 Orb Walkers","floor":48.0,"turns":3.0},{"damage":48.0,"enemies":"Time Eater","floor":50.0,"turns":10.0},{"damage":9.0,"enemies":"Awakened One","floor":51.0,"turns":8.0},{"damage":4,"enemies":"Shield and Spear","floor":55,"turns":3},{"damage":76,"enemies":"The Heart","floor":56,"turns":5}],"seed_played":"8125879430442444123","potions_obtained":[{"floor":1.0,"key":"Strength Potion"},{"floor":3.0,"key":"Poison Potion"},{"floor":11.0,"key":"Energy Potion"},{"floor":13.0,"key":"Weak Potion"},{"floor":16.0,"key":"Swift Potion"}],"is_trial":false,"path_per_floor":["M","M","M","$","M","E","M","R","T","E","M","M","E","M","R","B",null,"M","?","?","T","$","R","E","M","T","M","?","E","$","$","R","B",null,"M","M","$","M","M","R","E","R","T","M","M","M","E","?","R","B","B",null,"R","$","E","B"],"character_chosen":"DEFECT","items_purchased":["Mummified Hand","Loop","Panache","Heatsinks","Anchor","Art of War"],"campfire_rested":4,"item_purchase_floors":[4,4,22,37,37,54],"current_hp_per_floor":[59,57,55,55,54,31,31,31,31,32,11,11,6,6,27,4,54,54,34,34,34,34,56,46,46,46,33,33,33,33,33,55,22,63,46,45,45,45,35,50,50,68,68,68,68,60,49,38,76,28,19,62,76,76,72,0],"gold":71,"neow_bonus":"TWO_FIFTY_GOLD","is_prod":false,"is_daily":false,"chose_seed":false,"campfire_upgraded":3,"win_rate":0,"timestamp":1554608926,"path_taken":["M","M","M","$","M","E","M","R","T","E","M","M","E","M","R","BOSS","M","?","?","?","$","R","E","M","T","?","?","E","?","$","R","BOSS","M","?","$","M","M","R","E","R","T","M","M","M","E","?","R","BOSS","BOSS","R","$","E","BOSS"],"build_version":"2019-01-23","purchased_purges":0,"victory":false,"max_hp_per_floor":[64,64,64,64,64,64,64,64,64,71,71,71,71,71,71,71,71,71,76,76,76,76,76,76,76,76,76,76,76,76,76,76,76,76,76,76,76,76,76,76,76,76,76,76,76,76,76,76,76,76,76,76,76,76,76,76],"card_choices":[{"not_picked":["Turbo","Skim"],"picked":"BootSequence","floor":1.0},{"not_picked":["Sweeping Beam","Compile Driver"],"picked":"Leap","floor":2.0},{"not_picked":["Gash","Redo"],"picked":"Genetic Algorithm","floor":3.0},{"not_picked":["Go for the Eyes","Hello World"],"picked":"Electrodynamics","floor":5.0},{"not_picked":["Blizzard","Fusion","Beam Cell"],"picked":"SKIP","floor":6.0},{"not_picked":["Blizzard","Chaos"],"picked":"Loop","floor":7.0},{"not_picked":["Streamline","Compile Driver","Sweeping Beam"],"picked":"SKIP","floor":10.0},{"not_picked":["Recycle","Cold Snap"],"picked":"White Noise","floor":11.0},{"not_picked":["Darkness","Streamline"],"picked":"Genetic Algorithm","floor":12.0},{"not_picked":["Fusion","Redo","Reprogram"],"picked":"SKIP","floor":13.0},{"not_picked":["Sweeping Beam","Rebound"],"picked":"Glacier","floor":14.0},{"not_picked":["Buffer","Reboot"],"picked":"Echo Form","floor":16.0},{"not_picked":["Streamline","Blizzard","Barrage"],"picked":"SKIP","floor":18.0},{"not_picked":["Hologram","Redo","Steam"],"picked":"SKIP","floor":24.0},{"not_picked":["Turbo","Aggregate","Conserve Battery"],"picked":"SKIP","floor":25.0},{"not_picked":["Double Energy","Redo"],"picked":"Coolheaded","floor":27.0},{"not_picked":["Recycle","Rebound"],"picked":"Reinforced Body","floor":29.0},{"not_picked":["Meteor Strike","Fission"],"picked":"Amplify","floor":33.0},{"not_picked":["Stack","Redo"],"picked":"Go for the Eyes+1","floor":35.0},{"not_picked":["Leap","Aggregate"],"picked":"Defragment+1","floor":36.0},{"not_picked":["Beam Cell","Hologram+1"],"picked":"Skim","floor":38.0},{"not_picked":["Doom and Gloom+1","Gash","Steam"],"picked":"SKIP","floor":39.0},{"not_picked":["Scrape+1","Darkness"],"picked":"Meteor Strike","floor":41.0},{"not_picked":["Streamline","Go for the Eyes","Turbo"],"picked":"SKIP","floor":44.0},{"not_picked":["Steam","Beam Cell","Rebound"],"picked":"SKIP","floor":45.0},{"not_picked":["Cold Snap","Sweeping Beam"],"picked":"Sunder","floor":46.0},{"not_picked":["Gash","Sweeping Beam+1"],"picked":"Reboot","floor":47.0},{"not_picked":["Go for the Eyes","Conserve Battery","Beam Cell"],"picked":"SKIP","floor":55}],"player_experience":508217,"relics_obtained":[{"floor":6.0,"key":"PreservedInsect"},{"floor":9.0,"key":"Bag of Preparation"},{"floor":10.0,"key":"Strawberry"},{"floor":13.0,"key":"Symbiotic Virus"},{"floor":21.0,"key":"Centennial Puzzle"},{"floor":24.0,"key":"Pocketwatch"},{"floor":26.0,"key":"Shuriken"},{"floor":29.0,"key":"Bottled Tornado"},{"floor":41.0,"key":"Darkstone Periapt"},{"floor":47.0,"key":"Regal Pillow"},{"floor":48.0,"key":"Gambling Chip"},{"floor":55,"key":"Pantograph"}],"event_choices":[{"damage_healed":0.0,"max_hp_gain":5.0,"max_hp_loss":0.0,"gold_gain":0.0,"event_name":"Forgotten Altar","player_choice":"Shed Blood","floor":19.0,"gold_loss":0.0,"damage_taken":25.0},{"damage_healed":0.0,"max_hp_gain":0.0,"max_hp_loss":0.0,"gold_gain":0.0,"event_name":"Cursed Tome","player_choice":"Ignored","floor":20.0,"gold_loss":0.0,"damage_taken":0.0},{"damage_healed":0.0,"max_hp_gain":0.0,"max_hp_loss":0.0,"gold_gain":0.0,"cards_transformed":["Strike_B","Strike_B"],"event_name":"Drug Dealer","player_choice":"Became Test Subject","floor":28.0,"gold_loss":0.0,"damage_taken":0.0,"cards_obtained":["Electrodynamics","Static Discharge"]},{"damage_healed":0.0,"max_hp_gain":0.0,"max_hp_loss":0.0,"gold_gain":0.0,"event_name":"Mysterious Sphere","player_choice":"Fight","floor":48.0,"gold_loss":0.0,"damage_taken":0.0}],"is_beta":false,"boss_relics":[{"not_picked":["Cursed Key","Empty Cage"],"picked":"Sozu"},{"not_picked":["Tiny House","Runic Dome"],"picked":"Eternal Feather"}],"items_purged_floors":[],"is_endless":false,"potions_floor_spawned":[1,3,5,11,13,16,18,27,36,44,45,46,47],"killed_by":"The Heart","ascension_level":20}