{"gold_per_floor":[111,111,125,138,150,164,196,216,216,216],"floor_reached":10,"playtime":958,"items_purged":[],"score":72,"play_id":"1e4effe6-f8b0-458a-b066-5ffd617a08e0","local_time":"20181104035645","is_ascension_mode":false,"campfire_choices":[],"neow_cost":"NONE","seed_source_timestamp":109146945094296,"circlet_count":0,"master_deck":["Defend_G","Defend_G","Defend_G","Defend_G","Defend_G","Strike_G","Strike_G","Strike_G","Strike_G","Strike_G","Survivor","Neutralize","Deadly Poison","Acrobatics","Backflip","Finisher","Noxious Fumes","Venomology","Noxious Fumes"],"relics":["Ring of the Snake","Oddly Smooth Stone","Bottled Flame"],"potions_floor_usage":[7,8,10,10],"damage_taken":[{"damage":8,"enemies":"Cultist","floor":1,"turns":5},{"damage":9,"enemies":"2 Louse","floor":3,"turns":2},{"damage":3,"enemies":"Jaw Worm","floor":4,"turns":6},{"damage":8,"enemies":"Exordium Wildlife","floor":5,"turns":8},{"damage":16,"enemies":"Blue Slaver","floor":6,"turns":5},{"damage":28,"enemies":"Gremlin Nob","floor":7,"turns":5},{"damage":3,"enemies":"2 Fungi Beasts","floor":8,"turns":4},{"damage":4,"enemies":"Lots of Slimes","floor":10,"turns":2}],"seed_played":"6208067555555132030","potions_obtained":[{"floor":3,"key":"Poison Potion"},{"floor":5,"key":"Strength Potion"}],"is_trial":false,"path_per_floor":["M","?","M","M","M","M","E","M","T","M"],"character_chosen":"THE_SILENT","items_purchased":[],"campfire_rested":0,"item_purchase_floors":[],"current_hp_per_floor":[69,69,60,57,49,33,5,2,2,0],"gold":216,"neow_bonus":"TEN_PERCENT_HP_BONUS","is_prod":false,"is_daily":false,"chose_seed":false,"campfire_upgraded":0,"win_rate":0.0,"timestamp":1541332605,"path_taken":["M","?","M","M","M","M","E","M","T","M"],"build_version":"2018-11-01","purchased_purges":0,"victory":false,"max_hp_per_floor":[77,77,77,77,77,77,77,77,77,77],"card_choices":[{"not_picked":["Slice","Sucker Punch"],"picked":"Deadly Poison","floor":1},{"not_picked":["Finisher","Blade Dance"],"picked":"Acrobatics","floor":3},{"not_picked":["Sucker Punch","Quick Slash"],"picked":"Backflip","floor":4},{"not_picked":["Slice","Expertise"],"picked":"Finisher","floor":5},{"not_picked":["Prepared","Dagger Spray"],"picked":"Noxious Fumes","floor":6},{"not_picked":["PiercingWail","Skewer"],"picked":"Venomology","floor":7},{"not_picked":["Dash","Poisoned Stab"],"picked":"Noxious Fumes","floor":8}],"player_experience":2053,"relics_obtained":[{"floor":7,"key":"Oddly Smooth Stone"},{"floor":9,"key":"Bottled Flame"}],"event_choices":[{"damage_healed":0,"gold_gain":0,"player_choice":"Ignored","damage_taken":0,"max_hp_gain":0,"max_hp_loss":0,"event_name":"Liars Game","floor":2,"gold_loss":0}],"is_beta":false,"boss_relics":[],"items_purged_floors":[],"is_endless":false,"potions_floor_spawned":[3,5],"killed_by":"Lots of Slimes","ascension_level":0}