{"gold_per_floor":[217,233,249,259,277,309,10,38,63,80,80,95,95,129,141,228,240,272,284,314,326,338],"floor_reached":22,"playtime":1703,"items_purged":[],"score":374,"play_id":"e9e5e18e-9140-4fb5-bfe8-1d75b24526b8","local_time":"20190331172347","is_ascension_mode":true,"campfire_choices":[{"floor":13.0,"key":"REST"},{"floor":15,"key":"REST"}],"neow_cost":"NONE","seed_source_timestamp":0,"circlet_count":0,"master_deck":["AscendersBane","Strike_B","Strike_B","Strike_B","Strike_B","Defend_B","Defend_B","Defend_B","Defend_B","Zap","Dualcast","Capacitor","Coolheaded","Reinforced Body","FTL","Loop","White Noise","Cold Snap","Coolheaded","White Noise","Glacier","Biased Cognition","White Noise","Self Repair"],"special_seed":0,"relics":["Cracked Core","Boot","Lee\u0027s Waffle","Omamori","Smiling Mask","MawBank","Cursed Key"],"potions_floor_usage":[],"damage_taken":[{"damage":1.0,"enemies":"Cultist","floor":1.0,"turns":4.0},{"damage":1.0,"enemies":"2 Louse","floor":2.0,"turns":3.0},{"damage":0.0,"enemies":"Small Slimes","floor":3.0,"turns":3.0},{"damage":10.0,"enemies":"Exordium Thugs","floor":4.0,"turns":6.0},{"damage":11.0,"enemies":"Exordium Wildlife","floor":5.0,"turns":5.0},{"damage":13.0,"enemies":"Lagavulin","floor":6.0,"turns":7.0},{"damage":39.0,"enemies":"Gremlin Nob","floor":8.0,"turns":5.0},{"damage":19.0,"enemies":"Lots of Slimes","floor":10.0,"turns":4.0},{"damage":5.0,"enemies":"Exordium Thugs","floor":12.0,"turns":5.0},{"damage":12,"enemies":"Lagavulin","floor":14,"turns":10},{"damage":27,"enemies":"The Guardian","floor":16,"turns":22},{"damage":12,"enemies":"Shell Parasite","floor":18,"turns":8},{"damage":1,"enemies":"Spheric Guardian","floor":20,"turns":7},{"damage":41,"enemies":"Snake Plant","floor":22,"turns":4}],"seed_played":"-2956735329301046623","potions_obtained":[{"floor":1.0,"key":"Poison Potion"},{"floor":2.0,"key":"LiquidBronze"},{"floor":6.0,"key":"PowerPotion"},{"floor":8.0,"key":"EssenceOfSteel"},{"floor":16,"key":"Energy Potion"},{"floor":18,"key":"Poison Potion"}],"is_trial":false,"path_per_floor":["M","M","M","M","M","E","$","E","T","M","?","M","R","E","R","B",null,"M","?","M","$","M"],"character_chosen":"DEFECT","items_purchased":["Lee\u0027s Waffle","Cold Snap","Coolheaded"],"campfire_rested":2,"item_purchase_floors":[7,7,7],"current_hp_per_floor":[63,62,62,52,41,28,78,39,39,20,20,15,38,26,49,22,64,52,41,40,40,0],"gold":338,"neow_bonus":"HUNDRED_GOLD","is_prod":false,"is_daily":false,"chose_seed":false,"campfire_upgraded":0,"win_rate":0,"timestamp":1554020627,"path_taken":["M","M","M","M","M","E","$","E","T","M","?","M","R","E","R","BOSS","M","?","M","$","?"],"build_version":"2019-01-23","purchased_purges":0,"victory":false,"max_hp_per_floor":[71,71,71,71,71,71,78,78,78,78,78,78,78,78,78,78,78,78,78,78,78,78],"card_choices":[{"not_picked":["Hologram","Sweeping Beam"],"picked":"Capacitor","floor":1.0},{"not_picked":["Streamline","Steam"],"picked":"Coolheaded","floor":2.0},{"not_picked":["Go for the Eyes","Beam Cell"],"picked":"Reinforced Body","floor":3.0},{"not_picked":["Beam Cell","Cold Snap"],"picked":"FTL","floor":4.0},{"not_picked":["Go for the Eyes","Gash"],"picked":"Loop","floor":5.0},{"not_picked":["Turbo","Thunder Strike"],"picked":"White Noise","floor":6.0},{"not_picked":["Scrape","Redo"],"picked":"White Noise","floor":8.0},{"not_picked":["Heatsinks","Barrage","Darkness"],"picked":"SKIP","floor":10.0},{"not_picked":["Barrage","Loop"],"picked":"Glacier","floor":12.0},{"not_picked":["Leap","Melter","Hello World"],"picked":"SKIP","floor":14},{"not_picked":["Buffer","Rainbow"],"picked":"Biased Cognition","floor":16},{"not_picked":["Gash","Barrage"],"picked":"White Noise","floor":18},{"not_picked":["Stack","Chill"],"picked":"Self Repair","floor":20}],"player_experience":426691,"relics_obtained":[{"floor":6.0,"key":"Boot"},{"floor":8.0,"key":"Omamori"},{"floor":9.0,"key":"Smiling Mask"},{"floor":14,"key":"MawBank"}],"event_choices":[{"damage_healed":0.0,"max_hp_gain":0.0,"max_hp_loss":0.0,"gold_gain":0.0,"event_name":"Liars Game","player_choice":"Ignored","floor":11.0,"gold_loss":0.0,"damage_taken":0.0},{"damage_healed":0,"gold_gain":0,"player_choice":"Damaged","damage_taken":11,"max_hp_gain":0,"max_hp_loss":0,"event_name":"Wheel of Change","floor":19,"gold_loss":0}],"is_beta":false,"boss_relics":[{"not_picked":["Orrery","Runic Pyramid"],"picked":"Cursed Key"}],"items_purged_floors":[],"is_endless":false,"potions_floor_spawned":[1,2,6,8,16,18],"killed_by":"Snake Plant","ascension_level":16}