{"gold_per_floor":[12,12,12,12,31,31,45,45,72,45,145,176,189,203,203,300,300,315,240,240,165,165,165,27,27,27,27,60,73,73,90,90,193,193,208,208,224,99,110,110,120,136,136,155,182,32,32,32,32,32],"floor_reached":51,"playtime":1813,"items_purged":["Defend_R","Strike_R","Defend_R+1","Strike_R+1"],"score":893,"play_id":"fd39ef63-31d6-440e-83f4-4bc73004b482","local_time":"20190417014535","is_ascension_mode":false,"campfire_choices":[{"data":"Bash","floor":6,"key":"SMITH"},{"data":"Clash","floor":8,"key":"SMITH"},{"data":"Shrug It Off","floor":15,"key":"SMITH"},{"data":"Strike_R","floor":23,"key":"SMITH"},{"data":"Dropkick","floor":25,"key":"SMITH"},{"data":"Defend_R","floor":27,"key":"SMITH"},{"data":"Strike_R","floor":32,"key":"SMITH"},{"data":"Madness","floor":40,"key":"SMITH"},{"data":"Madness","floor":49,"key":"SMITH"}],"neow_cost":"NO_GOLD","seed_source_timestamp":58928752604382,"circlet_count":0,"master_deck":["Strike_R+1","Bash+1","Clash+1","Shrug It Off+1","Dropkick+1","Madness+1"],"relics":["Burning Blood","Regal Pillow","Pear","Sozu","MutagenicStrength","Letter Opener","Bag of Marbles","Busted Crown","Boot","Strawberry"],"potions_floor_usage":[12,12,33,45],"damage_taken":[{"damage":1,"enemies":"Cultist","floor":1,"turns":3},{"damage":9,"enemies":"2 Louse","floor":5,"turns":3},{"damage":7,"enemies":"Small Slimes","floor":7,"turns":4},{"damage":20,"enemies":"Gremlin Nob","floor":12,"turns":5},{"damage":4,"enemies":"3 Louse","floor":13,"turns":3},{"damage":0,"enemies":"Large Slime","floor":14,"turns":3},{"damage":69,"enemies":"Slime Boss","floor":16,"turns":21},{"damage":10,"enemies":"2 Thieves","floor":18,"turns":3},{"damage":25,"enemies":"Book of Stabbing","floor":28,"turns":5},{"damage":0,"enemies":"Chosen","floor":29,"turns":2},{"damage":0,"enemies":"Snecko","floor":31,"turns":2},{"damage":52,"enemies":"Automaton","floor":33,"turns":7},{"damage":0,"enemies":"Orb Walker","floor":35,"turns":2},{"damage":0,"enemies":"3 Darklings","floor":37,"turns":3},{"damage":0,"enemies":"Maw","floor":39,"turns":4},{"damage":9,"enemies":"Sphere and 2 Shapes","floor":41,"turns":3},{"damage":10,"enemies":"Spire Growth","floor":42,"turns":3},{"damage":30,"enemies":"4 Shapes","floor":44,"turns":4},{"damage":22,"enemies":"Reptomancer","floor":45,"turns":4},{"damage":24,"enemies":"Donu and Deca","floor":50,"turns":4}],"seed_played":"-3145186966827613940","potions_obtained":[{"floor":1,"key":"Weak Potion"},{"floor":7,"key":"LiquidBronze"},{"floor":13,"key":"Block Potion"},{"floor":16,"key":"SkillPotion"}],"is_trial":false,"path_per_floor":["M","$","?","?","M","R","M","R","T","$","?","E","M","M","R","B",null,"M","$","?","?","?","R","$","R","T","R","E","M","$","M","R","B",null,"M","?","M","$","M","R","M","M","T","M","E","$","?","$","R","B",null],"character_chosen":"IRONCLAD","items_purchased":["Shrug It Off","Dropkick"],"campfire_rested":0,"item_purchase_floors":[10,24],"current_hp_per_floor":[80,80,80,80,77,77,76,76,76,76,76,72,74,80,80,17,90,86,86,86,86,86,86,86,86,86,86,67,73,73,79,79,33,90,90,79,85,85,90,90,87,83,83,59,50,50,50,50,50,32],"gold":32,"neow_bonus":"REMOVE_TWO","is_prod":false,"is_daily":false,"chose_seed":false,"campfire_upgraded":9,"win_rate":0,"timestamp":1555490735,"path_taken":["M","?","?","?","M","R","M","R","T","$","?","E","?","M","R","BOSS","M","$","?","?","?","R","$","R","T","R","E","M","$","M","R","BOSS","M","?","M","$","M","R","M","M","T","M","E","$","?","$","R","BOSS"],"build_version":"2019-01-23","purchased_purges":4,"victory":true,"max_hp_per_floor":[80,80,80,80,80,80,80,80,80,80,80,90,90,90,90,90,90,90,90,90,90,90,90,90,90,90,90,90,90,90,90,90,90,90,90,90,90,90,90,90,90,90,90,90,97,97,97,97,97,97],"card_choices":[{"not_picked":["Flex","Pommel Strike","Inflame"],"picked":"SKIP","floor":1},{"not_picked":["Armaments","Feel No Pain","Anger"],"picked":"SKIP","floor":5},{"not_picked":["Shockwave","Headbutt"],"picked":"Clash","floor":7},{"not_picked":["Immolate","Heavy Blade","Flex"],"picked":"SKIP","floor":12},{"not_picked":["Combust","Armaments","Wild Strike"],"picked":"SKIP","floor":13},{"not_picked":["Seeing Red","Clothesline","Inflame"],"picked":"SKIP","floor":14},{"not_picked":["Intimidate+1","Warcry","True Grit"],"picked":"SKIP","floor":18},{"not_picked":["Burning Pact","Twin Strike","Heavy Blade"],"picked":"SKIP","floor":28},{"not_picked":["Anger","Perfected Strike","Cleave"],"picked":"SKIP","floor":29},{"not_picked":["Wild Strike","Feed","Warcry"],"picked":"SKIP","floor":31},{"not_picked":["Clothesline"],"picked":"SKIP","floor":35},{"not_picked":["Perfected Strike"],"picked":"SKIP","floor":37},{"not_picked":["Wild Strike"],"picked":"SKIP","floor":39},{"not_picked":["Brutality"],"picked":"SKIP","floor":41},{"not_picked":["Blood for Blood"],"picked":"SKIP","floor":42},{"not_picked":["Armaments+1"],"picked":"SKIP","floor":44},{"not_picked":["Warcry"],"picked":"SKIP","floor":45}],"player_experience":555421,"relics_obtained":[{"floor":9,"key":"Regal Pillow"},{"floor":12,"key":"Pear"},{"floor":26,"key":"Letter Opener"},{"floor":28,"key":"Bag of Marbles"},{"floor":43,"key":"Boot"},{"floor":45,"key":"Strawberry"}],"event_choices":[{"cards_removed":["Strike_R"],"damage_healed":0,"gold_gain":0,"player_choice":"Forget","damage_taken":0,"max_hp_gain":0,"max_hp_loss":0,"event_name":"Living Wall","floor":3,"gold_loss":0},{"damage_healed":0,"gold_gain":0,"player_choice":"Ignored","damage_taken":0,"max_hp_gain":0,"max_hp_loss":0,"event_name":"Liars Game","floor":4,"gold_loss":0},{"damage_healed":0,"gold_gain":100,"player_choice":"Pray","damage_taken":0,"max_hp_gain":0,"max_hp_loss":0,"event_name":"Golden Shrine","floor":11,"gold_loss":0},{"damage_healed":0,"gold_gain":0,"player_choice":"Inject Mutagens","damage_taken":0,"relics_obtained":["MutagenicStrength"],"max_hp_gain":0,"max_hp_loss":0,"event_name":"Drug Dealer","floor":20,"gold_loss":0},{"cards_removed":["Defend_R"],"damage_healed":0,"gold_gain":0,"player_choice":"Gave Gold","damage_taken":0,"max_hp_gain":0,"max_hp_loss":0,"event_name":"Beggar","floor":21,"gold_loss":75},{"damage_healed":0,"gold_gain":0,"player_choice":"Ignored","damage_taken":0,"max_hp_gain":0,"max_hp_loss":0,"event_name":"Ghosts","floor":22,"gold_loss":0},{"damage_healed":0,"gold_gain":0,"player_choice":"Embrace Madness","damage_taken":11,"max_hp_gain":0,"max_hp_loss":0,"event_name":"Winding Halls","floor":36,"gold_loss":0,"cards_obtained":["Madness","Madness"]},{"cards_removed":["Madness"],"damage_healed":0,"gold_gain":0,"player_choice":"Removed Skill","damage_taken":0,"max_hp_gain":0,"max_hp_loss":0,"event_name":"Falling","floor":47,"gold_loss":0}],"is_beta":false,"boss_relics":[{"not_picked":["Pandora\u0027s Box","Runic Cube"],"picked":"Sozu"},{"not_picked":["Eternal Feather","Coffee Dripper"],"picked":"Busted Crown"}],"items_purged_floors":[19,24,38,46],"is_endless":false,"potions_floor_spawned":[1,7,13,16,28,31,35,39,44],"ascension_level":0}