{"gold_per_floor":[116,133,133,148,165,165,199,216,241,241,259,71,102,120,120,120],"floor_reached":16,"playtime":1422,"items_purged":["Strike_B"],"score":120,"play_id":"ae405240-1235-433b-ba1d-a049512463db","local_time":"20181124070033","is_ascension_mode":true,"campfire_choices":[{"floor":10,"key":"REST"},{"floor":15,"key":"REST"}],"neow_cost":"NONE","seed_source_timestamp":125592485526180,"circlet_count":0,"master_deck":["Strike_B","Strike_B","Strike_B","Defend_B","Defend_B","Defend_B","Defend_B","Zap","Dualcast","Redo","Chill+1","Glacier","Creative AI","Coolheaded","Turbo","Heatsinks","Turbo","Heatsinks","Redo"],"relics":["Cracked Core","NeowsBlessing","Ancient Tea Set","Strawberry","Juzu Bracelet"],"potions_floor_usage":[7,7,8,11,16],"damage_taken":[{"damage":0,"enemies":"2 Louse","floor":1,"turns":1},{"damage":0,"enemies":"Cultist","floor":2,"turns":1},{"damage":0,"enemies":"Small Slimes","floor":4,"turns":1},{"damage":11,"enemies":"Exordium Thugs","floor":5,"turns":7},{"damage":19,"enemies":"3 Sentries","floor":7,"turns":6},{"damage":16,"enemies":"Looter","floor":8,"turns":3},{"damage":20,"enemies":"Large Slime","floor":11,"turns":10},{"damage":8,"enemies":"Lagavulin","floor":13,"turns":11},{"damage":23,"enemies":"Exordium Thugs","floor":14,"turns":9},{"damage":35,"enemies":"Slime Boss","floor":16,"turns":6}],"seed_played":"234428628991244012","potions_obtained":[{"floor":1,"key":"Weak Potion"},{"floor":4,"key":"Poison Potion"},{"floor":6,"key":"Dexterity Potion"},{"floor":6,"key":"AttackPotion"},{"floor":7,"key":"SpeedPotion"},{"floor":14,"key":"FearPotion"}],"is_trial":false,"path_per_floor":["M","M","?","M","M","?","E","M","T","R","M","$","E","M","R","B"],"character_chosen":"DEFECT","items_purchased":["Heatsinks","Turbo"],"campfire_rested":2,"item_purchase_floors":[12,12],"current_hp_per_floor":[75,75,75,75,64,64,45,29,36,60,40,40,32,9,33,0],"gold":120,"neow_bonus":"THREE_ENEMY_KILL","is_prod":false,"is_daily":false,"chose_seed":false,"campfire_upgraded":0,"win_rate":0,"timestamp":1543071633,"path_taken":["M","M","?","M","M","?","E","M","T","R","?","$","E","M","R","BOSS"],"build_version":"2018-11-15","purchased_purges":1,"victory":false,"max_hp_per_floor":[75,75,75,75,75,75,75,75,82,82,82,82,82,82,82,82],"card_choices":[{"not_picked":["Skim","Leap"],"picked":"Redo","floor":1},{"not_picked":["Barrage","Doom and Gloom"],"picked":"Chill","floor":2},{"not_picked":["Scrape","Barrage"],"picked":"Glacier","floor":4},{"not_picked":["Rebound","Recycle"],"picked":"Creative AI","floor":5},{"not_picked":["Leap","Sunder","Sweeping Beam"],"picked":"SKIP","floor":7},{"not_picked":["Hologram","Chaos"],"picked":"Coolheaded","floor":8},{"not_picked":["Tempest","Hyperbeam"],"picked":"Turbo","floor":11},{"not_picked":["Meteor Strike","Genetic Algorithm"],"picked":"Heatsinks","floor":13},{"not_picked":["Melter","Barrage"],"picked":"Redo","floor":14}],"player_experience":29435,"relics_obtained":[{"floor":7,"key":"Ancient Tea Set"},{"floor":9,"key":"Strawberry"},{"floor":13,"key":"Juzu Bracelet"}],"event_choices":[{"damage_healed":0,"gold_gain":0,"player_choice":"Grow","damage_taken":0,"max_hp_gain":0,"max_hp_loss":0,"event_name":"Living Wall","floor":3,"gold_loss":0,"cards_upgraded":["Chill"]},{"damage_healed":0,"gold_gain":0,"player_choice":"Got Potions","damage_taken":0,"max_hp_gain":0,"max_hp_loss":0,"event_name":"Lab","floor":6,"gold_loss":0}],"is_beta":false,"boss_relics":[],"items_purged_floors":[12],"is_endless":false,"potions_floor_spawned":[1,4,7,14],"killed_by":"Slime Boss","ascension_level":1}