{"gold_per_floor":[115,132,145,163,163,190,265,265,265,297,5,5,5,33,33,129,129,142,162,162,437,454,454],"floor_reached":23,"playtime":1350,"items_purged":[],"score":230,"play_id":"b3d1161f-cd94-4dbc-a1fc-1e1f8933b40b","local_time":"20190319205147","is_ascension_mode":true,"campfire_choices":[{"data":"Infinite Blades","floor":8,"key":"SMITH"},{"floor":12,"key":"REST"},{"floor":15,"key":"REST"}],"neow_cost":"NONE","seed_source_timestamp":874937082497887,"circlet_count":0,"master_deck":["Defend_G","Defend_G","Defend_G","Defend_G","Defend_G","Strike_G","Strike_G","Strike_G","Strike_G","Survivor","Neutralize","Infinite Blades+1","Cloak And Dagger","Cloak And Dagger","Dodge and Roll","Caltrops","Crippling Poison","Leg Sweep","Infinite Blades","Dash","Regret"],"relics":["Ring of the Snake","Regal Pillow","Happy Flower","Blue Candle","Strawberry","Sundial","Sozu"],"potions_floor_usage":[6,6,10,23],"damage_taken":[{"damage":2,"enemies":"2 Louse","floor":1,"turns":3},{"damage":0,"enemies":"Small Slimes","floor":2,"turns":3},{"damage":0,"enemies":"Jaw Worm","floor":3,"turns":4},{"damage":4,"enemies":"2 Fungi Beasts","floor":4,"turns":5},{"damage":6,"enemies":"Lagavulin","floor":6,"turns":7},{"damage":36,"enemies":"Gremlin Nob","floor":10,"turns":6},{"damage":4,"enemies":"Lagavulin","floor":14,"turns":9},{"damage":37,"enemies":"Slime Boss","floor":16,"turns":16},{"damage":15,"enemies":"Spheric Guardian","floor":18,"turns":6},{"damage":0,"enemies":"Shell Parasite","floor":19,"turns":6},{"damage":9,"enemies":"Snake Plant","floor":22,"turns":7},{"damage":41,"enemies":"Gremlin Leader","floor":23,"turns":8}],"seed_played":"4178175067913522311","potions_obtained":[{"floor":1,"key":"Swift Potion"},{"floor":2,"key":"SkillPotion"},{"floor":3,"key":"PowerPotion"},{"floor":14,"key":"PowerPotion"},{"floor":16,"key":"Ancient Potion"}],"is_trial":false,"path_per_floor":["M","M","M","M","?","E","?","R","T","E","$","R","$","E","R","B",null,"M","M","?","?","M","E"],"character_chosen":"THE_SILENT","items_purchased":["Strawberry","Leg Sweep","Infinite Blades"],"campfire_rested":2,"item_purchase_floors":[11,11,11],"current_hp_per_floor":[75,75,75,71,64,58,47,47,47,11,18,58,58,54,84,47,84,69,69,69,69,60,19],"gold":454,"neow_bonus":"TEN_PERCENT_HP_BONUS","is_prod":false,"is_daily":false,"chose_seed":false,"campfire_upgraded":1,"win_rate":0,"timestamp":1553028707,"path_taken":["M","M","M","M","?","E","?","R","T","E","$","R","$","E","R","BOSS","M","M","?","?","M","E"],"build_version":"2019-01-23","purchased_purges":0,"victory":false,"max_hp_per_floor":[77,77,77,77,77,77,77,77,77,77,84,84,84,84,84,84,84,84,84,84,84,84,84],"card_choices":[{"not_picked":["Blur","Endless Agony"],"picked":"Infinite Blades","floor":1},{"not_picked":["Prepared","Sucker Punch"],"picked":"Cloak And Dagger","floor":2},{"not_picked":["Prepared","Deadly Poison"],"picked":"Cloak And Dagger","floor":3},{"not_picked":["Venomology","Poisoned Stab"],"picked":"Dodge and Roll","floor":4},{"not_picked":["Deadly Poison","Dagger Throw"],"picked":"Caltrops","floor":6},{"not_picked":["Endless Agony","Distraction"],"picked":"Crippling Poison","floor":10},{"not_picked":["Blade Dance","Accuracy"],"picked":"Dash","floor":14},{"not_picked":["Cloak And Dagger","Deadly Poison+1","Underhanded Strike"],"picked":"SKIP","floor":18},{"not_picked":["Outmaneuver","Flying Knee","Eviscerate"],"picked":"SKIP","floor":19},{"not_picked":["Blade Dance","Slice","Setup"],"picked":"SKIP","floor":22}],"player_experience":141082,"relics_obtained":[{"floor":6,"key":"Regal Pillow"},{"floor":9,"key":"Happy Flower"},{"floor":10,"key":"Blue Candle"},{"floor":14,"key":"Sundial"}],"event_choices":[{"cards_removed":["Strike_G"],"damage_healed":0,"gold_gain":0,"player_choice":"Card Removal","damage_taken":7,"max_hp_gain":0,"max_hp_loss":0,"event_name":"Golden Wing","floor":5,"gold_loss":0},{"damage_healed":0,"gold_gain":75,"player_choice":"Gather Gold","damage_taken":11,"max_hp_gain":0,"max_hp_loss":0,"event_name":"World of Goop","floor":7,"gold_loss":0},{"damage_healed":0,"gold_gain":0,"player_choice":"Ignored","damage_taken":0,"max_hp_gain":0,"max_hp_loss":0,"event_name":"Ghosts","floor":20,"gold_loss":0},{"damage_healed":0,"gold_gain":275,"player_choice":"Desecrate","damage_taken":0,"max_hp_gain":0,"max_hp_loss":0,"event_name":"Golden Shrine","floor":21,"gold_loss":0,"cards_obtained":["Regret"]}],"is_beta":false,"boss_relics":[{"not_picked":["Velvet Choker","Astrolabe"],"picked":"Sozu"}],"items_purged_floors":[],"is_endless":false,"potions_floor_spawned":[1,2,3,14,16,19,22],"killed_by":"Gremlin Leader","ascension_level":2}