{"gold_per_floor":[109,125,141,88,98,98,112,146,146,146,146,146,146,179,179,251,251,226,27,41,141,141,141,156,81,133,163,163,163,163,191,191,267,267,278,278,82,82,98,124,124,149,200,235,249,260,270,303,303,303],"floor_reached":50,"playtime":3196,"items_purged":["Decay","Writhe"],"score":1416,"play_id":"5313d93f-1dfa-4941-b59b-49621bbed820","local_time":"20190406104509","is_ascension_mode":true,"campfire_choices":[{"data":"Zap","floor":6.0,"key":"SMITH"},{"data":"Chaos","floor":10.0,"key":"SMITH"},{"data":"Go for the Eyes","floor":12.0,"key":"SMITH"},{"floor":15.0,"key":"REST"},{"floor":23.0,"key":"REST"},{"data":"Apotheosis","floor":28.0,"key":"SMITH"},{"floor":30.0,"key":"REST"},{"floor":32.0,"key":"REST"},{"data":"1","floor":41.0,"key":"LIFT"},{"data":"2","floor":49.0,"key":"LIFT"}],"neow_cost":"NONE","seed_source_timestamp":0,"circlet_count":0,"master_deck":["AscendersBane","Zap+1","Dualcast","Chaos+1","Reinforced Body","Storm","All For One","Darkness","Skim","Rip and Tear","FTL","Scrape","Ball Lightning+1","Gash","Go for the Eyes+1","Cold Snap+1","Gash","Defragment","Seek","FTL","Apotheosis+1","Cold Snap+1","Coolheaded","Chill","Electrodynamics","FTL","Seek","Gash","Defragment","Gash","Seek","All For One","Force Field+1","Go for the Eyes+1","Gash+1","Buffer","Loop+1"],"special_seed":0,"relics":["Pandora\u0027s Box","Regal Pillow","Mummified Hand","Prayer Wheel","Black Star","Girya","Pantograph","Potion Belt","Gremlin Horn","Bottled Flame","Art of War","Singing Bowl","Ornamental Fan","Fusion Hammer","Cables","Lantern","Whetstone","Strawberry","Letter Opener","Omamori","Nunchaku","DataDisk"],"potions_floor_usage":[],"damage_taken":[{"damage":0.0,"enemies":"Cultist","floor":1.0,"turns":3.0},{"damage":0.0,"enemies":"Jaw Worm","floor":2.0,"turns":3.0},{"damage":6.0,"enemies":"2 Louse","floor":3.0,"turns":2.0},{"damage":3.0,"enemies":"Blue Slaver","floor":5.0,"turns":3.0},{"damage":7.0,"enemies":"Large Slime","floor":7.0,"turns":4.0},{"damage":0.0,"enemies":"Lagavulin","floor":8.0,"turns":5.0},{"damage":19.0,"enemies":"3 Sentries","floor":14.0,"turns":6.0},{"damage":0.0,"enemies":"Slime Boss","floor":16.0,"turns":6.0},{"damage":9.0,"enemies":"2 Thieves","floor":18.0,"turns":4.0},{"damage":0.0,"enemies":"3 Byrds","floor":20.0,"turns":3.0},{"damage":5.0,"enemies":"Colosseum Slavers","floor":21.0,"turns":2.0},{"damage":37.0,"enemies":"Colosseum Nobs","floor":21.0,"turns":6.0},{"damage":11.0,"enemies":"Centurion and Healer","floor":24.0,"turns":4.0},{"damage":24.0,"enemies":"Book of Stabbing","floor":27.0,"turns":5.0},{"damage":45.0,"enemies":"Slavers","floor":31.0,"turns":3.0},{"damage":6.0,"enemies":"Automaton","floor":33.0,"turns":6.0},{"damage":0.0,"enemies":"Orb Walker","floor":35.0,"turns":3.0},{"damage":19.0,"enemies":"3 Shapes","floor":39.0,"turns":3.0},{"damage":9.0,"enemies":"Giant Head","floor":40.0,"turns":5.0},{"damage":8.0,"enemies":"Nemesis","floor":42.0,"turns":5.0},{"damage":0.0,"enemies":"Giant Head","floor":44.0,"turns":4.0},{"damage":0.0,"enemies":"Transient","floor":45.0,"turns":6.0},{"damage":0.0,"enemies":"Maw","floor":46.0,"turns":4.0},{"damage":0.0,"enemies":"4 Shapes","floor":47.0,"turns":2.0},{"damage":10.0,"enemies":"Nemesis","floor":48.0,"turns":5.0},{"damage":70,"enemies":"Time Eater","floor":50,"turns":6}],"seed_played":"5395851537877203375","potions_obtained":[{"floor":1.0,"key":"SteroidPotion"},{"floor":3.0,"key":"Strength Potion"},{"floor":5.0,"key":"Dexterity Potion"},{"floor":21.0,"key":"AttackPotion"},{"floor":24.0,"key":"LiquidBronze"},{"floor":31.0,"key":"Explosive Potion"},{"floor":39.0,"key":"AttackPotion"},{"floor":42.0,"key":"Swift Potion"},{"floor":45.0,"key":"AttackPotion"},{"floor":48.0,"key":"Ancient Potion"}],"is_trial":false,"path_per_floor":["M","M","M","$","M","R","M","E","T","R","$","R","?","E","R","B",null,"M","$","M","?","?","R","M","$","T","E","R","?","R","E","R","B",null,"M","?","$","?","M","E","R","E","T","E","M","M","M","E","R","B"],"character_chosen":"DEFECT","items_purchased":["Gash","Apotheosis","Gash","Defragment"],"campfire_rested":4,"item_purchase_floors":[4,19,37,37],"current_hp_per_floor":[64,64,58,58,55,55,48,48,48,48,48,48,48,29,65,65,70,61,61,61,19,19,55,44,44,44,20,20,20,56,11,47,65,70,74,74,74,74,57,48,48,47,47,47,49,53,53,43,43,0],"gold":303,"neow_bonus":"BOSS_RELIC","is_prod":false,"is_daily":false,"chose_seed":false,"campfire_upgraded":4,"win_rate":0,"timestamp":1554515109,"path_taken":["M","M","M","$","M","R","M","E","T","R","$","R","?","E","R","BOSS","M","$","M","?","?","R","M","$","T","E","R","?","R","E","R","BOSS","M","?","$","?","M","E","R","E","T","E","M","M","?","E","R","BOSS"],"build_version":"2019-01-23","purchased_purges":2,"victory":false,"max_hp_per_floor":[71,71,71,71,71,71,71,71,71,71,71,71,71,71,71,71,71,71,71,71,71,71,71,71,71,71,71,71,71,71,71,71,71,71,75,75,75,75,77,77,77,84,84,84,86,90,90,90,90,90],"card_choices":[{"not_picked":["Chaos","Aggregate"],"picked":"Scrape","floor":1.0},{"not_picked":["Streamline","Skim"],"picked":"Ball Lightning","floor":2.0},{"not_picked":["Sweeping Beam","Rebound"],"picked":"BootSequence","floor":3.0},{"not_picked":["Stack","Fusion"],"picked":"Go for the Eyes","floor":5.0},{"not_picked":["Rebound","Compile Driver"],"picked":"Cold Snap","floor":7.0},{"not_picked":["Streamline","Fusion"],"picked":"Gash","floor":8.0},{"not_picked":["All For One","Streamline"],"picked":"Defragment","floor":14.0},{"not_picked":["All For One","Thunder Strike"],"picked":"Seek","floor":16.0},{"not_picked":["Ball Lightning","BootSequence"],"picked":"FTL","floor":18.0},{"not_picked":["Turbo","Beam Cell","Barrage"],"picked":"SKIP","floor":18.0},{"not_picked":["Reinforced Body","Barrage"],"picked":"Cold Snap+1","floor":20.0},{"not_picked":["Genetic Algorithm","Melter","Cold Snap"],"picked":"SKIP","floor":20.0},{"not_picked":["Hyperbeam","Rip and Tear"],"picked":"Coolheaded","floor":21.0},{"not_picked":["Tempest+1","Scrape"],"picked":"Chill","floor":24.0},{"not_picked":["Sweeping Beam","Turbo","Barrage"],"picked":"SKIP","floor":24.0},{"not_picked":["Hologram","Loop"],"picked":"Electrodynamics","floor":27.0},{"not_picked":["Turbo","Reinforced Body"],"picked":"FTL","floor":31.0},{"not_picked":["Meteor Strike","Hyperbeam"],"picked":"Seek","floor":33.0},{"not_picked":["Beam Cell","Rebound","Consume"],"picked":"Singing Bowl","floor":35.0},{"not_picked":["Darkness","Rebound","Barrage"],"picked":"Singing Bowl","floor":35.0},{"not_picked":["Steam","Redo"],"picked":"Gash","floor":39.0},{"not_picked":["Stack","Hello World","Steam"],"picked":"Singing Bowl","floor":39.0},{"not_picked":["Go for the Eyes","Rebound"],"picked":"Seek","floor":40.0},{"not_picked":["Ball Lightning","Redo"],"picked":"All For One","floor":42.0},{"not_picked":["Rebound","Compile Driver"],"picked":"Force Field+1","floor":44.0},{"not_picked":["Ball Lightning","Chill","Steam"],"picked":"Singing Bowl","floor":45.0},{"not_picked":["Coolheaded","Cold Snap"],"picked":"Go for the Eyes+1","floor":45.0},{"not_picked":["Chill","Skim+1","Recycle+1"],"picked":"Singing Bowl","floor":46.0},{"not_picked":["Reprogram+1","Compile Driver","Leap"],"picked":"Singing Bowl","floor":46.0},{"not_picked":["Darkness+1","Beam Cell"],"picked":"Gash+1","floor":47.0},{"not_picked":["Cold Snap","Chill"],"picked":"Buffer","floor":47.0},{"not_picked":["Reboot","Compile Driver"],"picked":"Loop+1","floor":48.0}],"player_experience":478674,"relics_obtained":[{"floor":8.0,"key":"Regal Pillow"},{"floor":9.0,"key":"Mummified Hand"},{"floor":14.0,"key":"Prayer Wheel"},{"floor":21.0,"key":"Girya"},{"floor":21.0,"key":"Pantograph"},{"floor":26.0,"key":"Potion Belt"},{"floor":27.0,"key":"Gremlin Horn"},{"floor":27.0,"key":"Bottled Flame"},{"floor":31.0,"key":"Singing Bowl"},{"floor":31.0,"key":"Ornamental Fan"},{"floor":40.0,"key":"Cables"},{"floor":40.0,"key":"Lantern"},{"floor":42.0,"key":"Whetstone"},{"floor":42.0,"key":"Strawberry"},{"floor":44.0,"key":"Letter Opener"},{"floor":44.0,"key":"Omamori"},{"floor":48.0,"key":"Nunchaku"},{"floor":48.0,"key":"DataDisk"}],"event_choices":[{"damage_healed":0.0,"max_hp_gain":0.0,"max_hp_loss":0.0,"gold_gain":0.0,"event_name":"Liars Game","player_choice":"Ignored","floor":13.0,"gold_loss":0.0,"damage_taken":0.0},{"damage_healed":0.0,"max_hp_gain":0.0,"max_hp_loss":0.0,"gold_gain":0.0,"event_name":"Colosseum","player_choice":"Fight","floor":21.0,"gold_loss":0.0,"damage_taken":0.0},{"damage_healed":0.0,"max_hp_gain":0.0,"max_hp_loss":0.0,"gold_gain":0.0,"event_name":"Colosseum","player_choice":"Fought Nobs","floor":21.0,"gold_loss":0.0,"damage_taken":0.0},{"damage_healed":0.0,"max_hp_gain":0.0,"max_hp_loss":0.0,"gold_gain":0.0,"event_name":"Forgotten Altar","player_choice":"Smashed Altar","floor":22.0,"gold_loss":0.0,"damage_taken":0.0,"cards_obtained":["Decay"]},{"damage_healed":0.0,"max_hp_gain":0.0,"max_hp_loss":0.0,"gold_gain":0.0,"event_name":"The Mausoleum","player_choice":"Opened","floor":29.0,"gold_loss":0.0,"damage_taken":0.0,"relics_obtained":["Art of War"],"cards_obtained":["Writhe"]},{"cards_removed":["BootSequence"],"damage_healed":0.0,"max_hp_gain":0.0,"max_hp_loss":0.0,"gold_gain":0.0,"event_name":"Falling","player_choice":"Removed Skill","floor":36.0,"gold_loss":0.0,"damage_taken":0.0},{"damage_healed":0.0,"max_hp_gain":0.0,"max_hp_loss":0.0,"gold_gain":0.0,"event_name":"SecretPortal","player_choice":"Ignored","floor":38.0,"gold_loss":0.0,"damage_taken":0.0}],"is_beta":false,"boss_relics":[{"not_picked":["Calling Bell","Philosopher\u0027s Stone"],"picked":"Black Star"},{"not_picked":["Lizard Tail","Runic Dome"],"picked":"Fusion Hammer"}],"items_purged_floors":[25,37],"is_endless":false,"potions_floor_spawned":[1,3,5,21,24,31,39,42,45,48],"killed_by":"Time Eater","ascension_level":18}