{"gold_per_floor":[214,214,214,214,232,258,278,296,296,313,313,327,327,361,361,456,456,469,469,482,153,168,168],"floor_reached":23,"playtime":1243,"items_purged":["Strike_R"],"score":213,"play_id":"596828c4-d7dd-497c-b6d8-ffd1d0cba79b","local_time":"20190305042334","is_ascension_mode":true,"campfire_choices":[{"floor":11,"key":"REST"},{"floor":13,"key":"REST"},{"data":"Fiend Fire","floor":15,"key":"SMITH"}],"neow_cost":"NONE","seed_source_timestamp":307423460533600,"circlet_count":0,"master_deck":["Strike_R","Strike_R","Strike_R","Strike_R","Defend_R","Defend_R","Defend_R","Defend_R","Bash","Thunderclap+1","Regret","Immolate","True Grit","Dropkick","Power Through","Dropkick","Fiend Fire+1","Dark Embrace","True Grit+1","Warcry+1","Apotheosis","Feel No Pain"],"relics":["Black Blood","Self Forming Clay","Unceasing Top","Question Card","Blue Candle"],"potions_floor_usage":[6,14,16,23],"damage_taken":[{"damage":0,"enemies":"Small Slimes","floor":1,"turns":4},{"damage":10,"enemies":"2 Louse","floor":5,"turns":4},{"damage":45,"enemies":"Lagavulin","floor":6,"turns":10},{"damage":13,"enemies":"Jaw Worm","floor":7,"turns":3},{"damage":11,"enemies":"Exordium Wildlife","floor":8,"turns":3},{"damage":12,"enemies":"Large Slime","floor":10,"turns":6},{"damage":10,"enemies":"Red Slaver","floor":12,"turns":5},{"damage":1,"enemies":"Gremlin Nob","floor":14,"turns":3},{"damage":63,"enemies":"Hexaghost","floor":16,"turns":11},{"damage":14,"enemies":"Chosen","floor":18,"turns":6},{"damage":47,"enemies":"Spheric Guardian","floor":20,"turns":8},{"damage":30,"enemies":"Snake Plant","floor":22,"turns":6},{"damage":24,"enemies":"Book of Stabbing","floor":23,"turns":6}],"seed_played":"-7401325281568992033","potions_obtained":[{"floor":5,"key":"Dexterity Potion"},{"floor":12,"key":"AttackPotion"},{"floor":14,"key":"FearPotion"},{"floor":22,"key":"Block Potion"}],"is_trial":false,"path_per_floor":["M","?","?","T","M","E","M","M","T","M","R","M","R","E","R","B",null,"M","?","M","$","M","E"],"character_chosen":"IRONCLAD","items_purchased":["Apotheosis","Feel No Pain"],"campfire_rested":2,"item_purchase_floors":[21,21],"current_hp_per_floor":[80,80,80,80,76,37,30,25,25,19,43,39,63,68,68,11,80,76,76,39,39,19,0],"gold":168,"neow_bonus":"HUNDRED_GOLD","is_prod":false,"is_daily":false,"chose_seed":false,"campfire_upgraded":1,"win_rate":0,"timestamp":1551788614,"path_taken":["M","?","?","?","M","E","M","M","T","M","R","?","R","E","R","BOSS","M","?","M","$","?","E"],"build_version":"2019-01-23","purchased_purges":1,"victory":false,"max_hp_per_floor":[80,80,80,80,80,80,80,80,80,80,80,80,80,80,80,80,80,80,80,80,80,80,80],"card_choices":[{"not_picked":["Anger","Wild Strike"],"picked":"Thunderclap","floor":1},{"not_picked":["Body Slam","Pommel Strike","Cleave"],"picked":"SKIP","floor":5},{"not_picked":["Headbutt","Flex"],"picked":"Immolate","floor":6},{"not_picked":["Inflame","Spot Weakness"],"picked":"True Grit","floor":7},{"not_picked":["Power Through","Infernal Blade"],"picked":"Dropkick","floor":8},{"not_picked":["Whirlwind","Rupture","Twin Strike"],"picked":"Power Through","floor":10},{"not_picked":["Havoc","Reaper","Pommel Strike"],"picked":"Dropkick","floor":12},{"not_picked":["Second Wind","Pummel","Berserk"],"picked":"Fiend Fire","floor":14},{"not_picked":["Berserk","Double Tap","Immolate"],"picked":"Dark Embrace","floor":16},{"not_picked":["Iron Wave","Rupture","Pummel"],"picked":"True Grit+1","floor":18},{"not_picked":["Hemokinesis","Cleave+1","Clothesline"],"picked":"Warcry+1","floor":20},{"not_picked":["Bloodletting","Iron Wave","Twin Strike","Pummel"],"picked":"SKIP","floor":22}],"player_experience":104496,"relics_obtained":[{"floor":6,"key":"Unceasing Top"},{"floor":9,"key":"Question Card"},{"floor":14,"key":"Blue Candle"}],"event_choices":[{"damage_healed":0,"gold_gain":0,"player_choice":"Grow","damage_taken":0,"max_hp_gain":0,"max_hp_loss":0,"event_name":"Living Wall","floor":2,"gold_loss":0,"cards_upgraded":["Thunderclap"]},{"damage_healed":0,"gold_gain":0,"player_choice":"Box","damage_taken":0,"relics_obtained":["Self Forming Clay"],"max_hp_gain":0,"max_hp_loss":0,"event_name":"Big Fish","floor":3,"gold_loss":0,"cards_obtained":["Regret"]},{"damage_healed":0,"gold_gain":0,"player_choice":"Ignored","damage_taken":0,"max_hp_gain":0,"max_hp_loss":0,"event_name":"WeMeetAgain","floor":19,"gold_loss":0}],"is_beta":false,"boss_relics":[{"not_picked":["Fusion Hammer","Calling Bell"],"picked":"Black Blood"}],"items_purged_floors":[21],"is_endless":false,"potions_floor_spawned":[5,12,14,22],"killed_by":"Book of Stabbing","ascension_level":1}