{"gold_per_floor":[122,134,146,0,0,0,19,36,36,36,49,59,59,71,71,176,176,194,210,135,234,234,265,265,0,26,26,26,60,60,72,72,174,174,187,187,187,139,139,139,103,103],"floor_reached":42,"playtime":1113,"items_purged":[],"score":467,"play_id":"ccb80c4c-4fcf-440d-a1a6-583e8e407e79","local_time":"20190103215227","is_ascension_mode":true,"campfire_choices":[{"data":"Zap","floor":6.0,"key":"SMITH"},{"data":"Capacitor","floor":15.0,"key":"SMITH"},{"floor":24.0,"key":"REST"},{"data":"1","floor":27.0,"key":"LIFT"},{"floor":32.0,"key":"REST"},{"floor":40,"key":"RECALL"}],"neow_cost":"NONE","seed_source_timestamp":0,"circlet_count":0,"master_deck":["Strike_B","Strike_B","Strike_B","Strike_B+1","Defend_B+1","Zap+1","Dualcast","Cold Snap","Capacitor+1","BootSequence","Beam Cell","Conserve Battery","Chill","FTL","Sunder","Cold Snap","Meteor Strike","Seek","Double Energy","Glacier+1","Stack","Biased Cognition","Coolheaded+1","Apotheosis","Hologram","BootSequence"],"special_seed":0,"relics":["Cracked Core","MawBank","Dodecahedron","Snecko Eye","Girya","Blood Vial","Shuriken","Runic Pyramid"],"potions_floor_usage":[],"damage_taken":[{"damage":7.0,"enemies":"Small Slimes","floor":1.0,"turns":3.0},{"damage":0.0,"enemies":"Jaw Worm","floor":7.0,"turns":3.0},{"damage":0.0,"enemies":"2 Louse","floor":8.0,"turns":3.0},{"damage":1.0,"enemies":"Red Slaver","floor":11.0,"turns":3.0},{"damage":0.0,"enemies":"Gremlin Gang","floor":12.0,"turns":5.0},{"damage":2.0,"enemies":"3 Louse","floor":14.0,"turns":2.0},{"damage":43.0,"enemies":"Hexaghost","floor":16.0,"turns":11.0},{"damage":5.0,"enemies":"Chosen","floor":18.0,"turns":4.0},{"damage":3.0,"enemies":"2 Thieves","floor":19.0,"turns":3.0},{"damage":20.0,"enemies":"Book of Stabbing","floor":23.0,"turns":6.0},{"damage":0.0,"enemies":"Gremlin Leader","floor":29.0,"turns":4.0},{"damage":15.0,"enemies":"Snake Plant","floor":31.0,"turns":4.0},{"damage":20.0,"enemies":"Champ","floor":33.0,"turns":9.0},{"damage":0.0,"enemies":"Orb Walker","floor":35.0,"turns":5.0},{"damage":101,"enemies":"Reptomancer","floor":42,"turns":3}],"seed_played":"-9104626637870541193","potions_obtained":[{"floor":1.0,"key":"AttackPotion"},{"floor":8.0,"key":"Explosive Potion"},{"floor":12.0,"key":"Regen Potion"},{"floor":18.0,"key":"GamblersBrew"},{"floor":23.0,"key":"Poison Potion"},{"floor":33.0,"key":"Explosive Potion"},{"floor":39,"key":"FairyPotion"}],"is_trial":false,"path_per_floor":["M","?","?","$","?","R","M","M","T","$","M","M","?","M","R","B",null,"M","M","?","?","?","E","R","?","T","R","$","E","?","M","R","B",null,"M","?","?","$","?","R","$","E"],"character_chosen":"DEFECT","items_purchased":["Capacitor","BootSequence","Beam Cell","Hologram","BootSequence"],"campfire_rested":2,"item_purchase_floors":[4,4,4,38,41],"current_hp_per_floor":[68,53,53,53,53,53,53,53,53,53,52,52,52,50,50,7,75,70,67,67,67,67,47,69,69,69,69,69,71,57,44,68,50,80,80,80,80,80,80,80,80,0],"gold":103,"neow_bonus":"RANDOM_COMMON_RELIC","is_prod":false,"is_daily":false,"chose_seed":false,"campfire_upgraded":2,"win_rate":0,"timestamp":1546573947,"path_taken":["M","?","?","$","?","R","?","M","T","$","M","?","?","M","R","BOSS","M","M","?","?","?","E","R","?","T","R","$","E","?","M","R","BOSS","M","?","?","$","?","R","$","E"],"build_version":"2019-01-03v2","purchased_purges":0,"victory":false,"max_hp_per_floor":[75,75,75,75,75,75,75,75,75,75,75,75,75,75,75,75,75,75,75,75,75,75,75,75,75,75,75,75,75,80,80,80,80,80,80,80,80,80,80,80,80,80],"card_choices":[{"not_picked":["Melter","Coolheaded"],"picked":"Cold Snap","floor":1.0},{"not_picked":["Rip and Tear","Ball Lightning"],"picked":"Conserve Battery","floor":7.0},{"not_picked":["Go for the Eyes","Chaos"],"picked":"Chill","floor":8.0},{"not_picked":["Beam Cell","Stack"],"picked":"FTL","floor":11.0},{"not_picked":["Ball Lightning","Compile Driver"],"picked":"Sunder","floor":12.0},{"not_picked":["Turbo","Stack"],"picked":"Meteor Strike","floor":14.0},{"not_picked":["Core Surge","Rainbow"],"picked":"Seek","floor":16.0},{"not_picked":["Barrage","Sweeping Beam"],"picked":"Double Energy","floor":18.0},{"not_picked":["Storm","Scrape"],"picked":"Glacier+1","floor":19.0},{"not_picked":["Reinforced Body","Melter","Turbo"],"picked":"SKIP","floor":23.0},{"not_picked":["Aggregate","Beam Cell"],"picked":"Stack","floor":29.0},{"not_picked":["Sweeping Beam","Cold Snap","Streamline+1"],"picked":"SKIP","floor":31.0},{"not_picked":["All For One","Fission"],"picked":"Biased Cognition","floor":33.0},{"not_picked":["Storm+1","Sweeping Beam+1"],"picked":"Coolheaded+1","floor":35.0},{"not_picked":["Impatience","Magnetism"],"picked":"Apotheosis","floor":37.0}],"player_experience":128366,"relics_obtained":[{"floor":9.0,"key":"Dodecahedron"},{"floor":23.0,"key":"Girya"},{"floor":26.0,"key":"Blood Vial"},{"floor":29.0,"key":"Shuriken"}],"event_choices":[{"damage_healed":0.0,"max_hp_gain":0.0,"max_hp_loss":0.0,"gold_gain":0.0,"event_name":"Shining Light","player_choice":"Entered Light","floor":2.0,"gold_loss":0.0,"damage_taken":15.0,"cards_upgraded":["Defend_B","Strike_B"]},{"damage_healed":0.0,"max_hp_gain":0.0,"max_hp_loss":0.0,"gold_gain":0.0,"event_name":"Liars Game","player_choice":"Ignored","floor":3.0,"gold_loss":0.0,"damage_taken":0.0},{"cards_removed":["Defend_B"],"damage_healed":0.0,"max_hp_gain":0.0,"max_hp_loss":0.0,"gold_gain":0.0,"event_name":"Bonfire Elementals","player_choice":"Offered Basic","floor":5.0,"gold_loss":0.0,"damage_taken":0.0},{"damage_healed":0.0,"max_hp_gain":0.0,"max_hp_loss":0.0,"gold_gain":0.0,"cards_transformed":["Defend_B"],"event_name":"Transmorgrifier","player_choice":"Transformed","floor":13.0,"gold_loss":0.0,"damage_taken":0.0,"cards_obtained":["Cold Snap"]},{"cards_removed":["Defend_B"],"damage_healed":0.0,"max_hp_gain":0.0,"max_hp_loss":0.0,"gold_gain":0.0,"event_name":"Beggar","player_choice":"Gave Gold","floor":20.0,"gold_loss":75.0,"damage_taken":0.0},{"damage_healed":0.0,"max_hp_gain":0.0,"max_hp_loss":0.0,"gold_gain":99.0,"event_name":"Nest","player_choice":"Stole From Cult","floor":21.0,"gold_loss":0.0,"damage_taken":0.0},{"damage_healed":0.0,"max_hp_gain":0.0,"max_hp_loss":0.0,"gold_gain":0.0,"event_name":"Ghosts","player_choice":"Ignored","floor":22.0,"gold_loss":0.0,"damage_taken":0.0},{"damage_healed":0.0,"max_hp_gain":0.0,"max_hp_loss":0.0,"gold_gain":0.0,"event_name":"Masked Bandits","player_choice":"Paid Fearfully","floor":25.0,"gold_loss":265.0,"damage_taken":0.0},{"damage_healed":0.0,"max_hp_gain":5.0,"max_hp_loss":0.0,"gold_gain":0.0,"event_name":"Forgotten Altar","player_choice":"Shed Blood","floor":30.0,"gold_loss":0.0,"damage_taken":19.0},{"damage_healed":0.0,"max_hp_gain":0.0,"max_hp_loss":0.0,"gold_gain":0.0,"event_name":"Mysterious Sphere","player_choice":"Ignored","floor":36.0,"gold_loss":0.0,"damage_taken":0.0},{"damage_healed":0.0,"max_hp_gain":0.0,"max_hp_loss":0.0,"gold_gain":0.0,"event_name":"SensoryStone","player_choice":"Memory 1","floor":37.0,"gold_loss":0.0,"damage_taken":0.0},{"damage_healed":0,"gold_gain":0,"player_choice":"Got Potions","damage_taken":0,"max_hp_gain":0,"max_hp_loss":0,"event_name":"Lab","floor":39,"gold_loss":0}],"is_beta":false,"boss_relics":[{"not_picked":["Nuclear Battery","Tiny House"],"picked":"Snecko Eye"},{"not_picked":["FrozenCore","Velvet Choker"],"picked":"Runic Pyramid"}],"items_purged_floors":[],"is_endless":false,"potions_floor_spawned":[1,8,12,18,23,33],"killed_by":"Reptomancer","ascension_level":1}