{"gold_per_floor":[115,115,115,15,30,30,58,75,75,107,107,107,107,123,123,196,196,207,207,218,218,218,218,232,36,36,63,63,93,93,106,106,106],"floor_reached":33,"playtime":1081,"items_purged":["Regret"],"score":616,"play_id":"8a07390c-583f-48bb-a3ac-0c22dd3a468b","local_time":"20190406113302","is_ascension_mode":true,"campfire_choices":[{"data":"Hologram","floor":6.0,"key":"SMITH"},{"data":"Hyperbeam","floor":11,"key":"SMITH"},{"data":"White Noise","floor":13,"key":"SMITH"},{"data":"Hologram","floor":15,"key":"SMITH"},{"data":"Seek","floor":23,"key":"SMITH"},{"data":"Self Repair","floor":28,"key":"SMITH"},{"floor":30,"key":"REST"},{"floor":32,"key":"REST"}],"neow_cost":"NONE","seed_source_timestamp":0,"circlet_count":0,"master_deck":["AscendersBane","Strike_B","Strike_B","Strike_B","Strike_B","Defend_B","Defend_B","Defend_B","Defend_B","Zap+1","Dualcast","Genetic Algorithm","Hologram+1","Ball Lightning","White Noise+1","Hyperbeam+1","White Noise","Hologram+1","Seek+1","Writhe","Self Repair+1","Chill","Auto Shields+1","Go for the Eyes+1"],"special_seed":0,"relics":["Cracked Core","NeowsBlessing","Letter Opener","Anchor","Dream Catcher","Velvet Choker","Singing Bowl","Molten Egg 2","DataDisk","Cables","Pantograph","Bottled Lightning"],"potions_floor_usage":[10,18,27,27],"damage_taken":[{"damage":0.0,"enemies":"2 Louse","floor":1.0,"turns":1.0},{"damage":0.0,"enemies":"Cultist","floor":5.0,"turns":1.0},{"damage":0.0,"enemies":"3 Sentries","floor":7.0,"turns":1.0},{"damage":1.0,"enemies":"Small Slimes","floor":8.0,"turns":3.0},{"damage":25,"enemies":"Lagavulin","floor":10,"turns":6},{"damage":0,"enemies":"Exordium Wildlife","floor":14,"turns":1},{"damage":23,"enemies":"Slime Boss","floor":16,"turns":6},{"damage":13,"enemies":"Shell Parasite","floor":18,"turns":4},{"damage":0,"enemies":"2 Thieves","floor":20,"turns":3},{"damage":0,"enemies":"3 Cultists","floor":24,"turns":3},{"damage":30,"enemies":"Book of Stabbing","floor":27,"turns":4},{"damage":22,"enemies":"Gremlin Leader","floor":29,"turns":6},{"damage":33,"enemies":"Chosen and Byrds","floor":31,"turns":4},{"damage":83,"enemies":"Collector","floor":33,"turns":10}],"seed_played":"-4160528419630887041","potions_obtained":[{"floor":1.0,"key":"Explosive Potion"},{"floor":7.0,"key":"SteroidPotion"},{"floor":10,"key":"Strength Potion"},{"floor":18,"key":"Strength Potion"},{"floor":20,"key":"SneckoOil"}],"is_trial":false,"path_per_floor":["M","?","?","$","M","R","E","M","T","E","R","?","R","M","R","B",null,"M","?","M","T","?","R","M","$","T","E","R","E","R","M","R","B"],"character_chosen":"DEFECT","items_purchased":["Hologram","DataDisk","Self Repair"],"campfire_rested":2,"item_purchase_floors":[4,25,25],"current_hp_per_floor":[64,64,64,64,64,64,64,63,63,38,38,38,38,38,38,15,57,44,58,58,58,58,58,60,60,60,39,39,27,49,26,50,0],"gold":106,"neow_bonus":"THREE_ENEMY_KILL","is_prod":false,"is_daily":false,"chose_seed":false,"campfire_upgraded":6,"win_rate":0,"timestamp":1554517982,"path_taken":["M","?","?","$","?","R","E","M","T","E","R","?","R","M","R","BOSS","M","?","M","?","?","R","?","$","T","E","R","E","R","M","R","BOSS"],"build_version":"2019-01-23","purchased_purges":1,"victory":false,"max_hp_per_floor":[71,71,71,71,71,71,71,71,71,71,71,71,71,71,71,71,71,71,71,71,71,71,71,73,73,73,75,75,75,75,75,77,77],"card_choices":[{"not_picked":["Rebound","Sweeping Beam"],"picked":"Genetic Algorithm","floor":1.0},{"not_picked":["Go for the Eyes","Auto Shields"],"picked":"Ball Lightning","floor":5.0},{"not_picked":["Consume","Double Energy"],"picked":"White Noise","floor":7.0},{"not_picked":["Coolheaded","Hologram"],"picked":"Hyperbeam","floor":8.0},{"not_picked":["Hologram","Rebound"],"picked":"White Noise","floor":10},{"not_picked":["Leap","Skim"],"picked":"Hologram","floor":14},{"not_picked":["Meteor Strike","Reboot"],"picked":"Seek","floor":16},{"not_picked":["Reprogram","Hello World","Ball Lightning"],"picked":"SKIP","floor":18},{"not_picked":["Redo","Barrage","Streamline"],"picked":"SKIP","floor":20},{"not_picked":["Turbo","Hologram","Skim"],"picked":"Singing Bowl","floor":24},{"not_picked":["Turbo","Biased Cognition","Recycle+1"],"picked":"Singing Bowl","floor":27},{"not_picked":["Static Discharge","Darkness"],"picked":"Chill","floor":29},{"not_picked":["Beam Cell+1","Static Discharge"],"picked":"Auto Shields+1","floor":30},{"not_picked":["Conserve Battery","Self Repair"],"picked":"Go for the Eyes+1","floor":31},{"not_picked":["Tempest","Genetic Algorithm","Capacitor+1"],"picked":"Singing Bowl","floor":32}],"player_experience":483457,"relics_obtained":[{"floor":7.0,"key":"Anchor"},{"floor":10,"key":"Dream Catcher"},{"floor":21,"key":"Singing Bowl"},{"floor":26,"key":"Cables"},{"floor":27,"key":"Pantograph"},{"floor":29,"key":"Bottled Lightning"}],"event_choices":[{"damage_healed":0.0,"max_hp_gain":0.0,"max_hp_loss":0.0,"gold_gain":0.0,"event_name":"Big Fish","player_choice":"Box","floor":2.0,"gold_loss":0.0,"damage_taken":0.0,"relics_obtained":["Letter Opener"],"cards_obtained":["Regret"]},{"damage_healed":0.0,"max_hp_gain":0.0,"max_hp_loss":0.0,"gold_gain":0.0,"event_name":"Upgrade Shrine","player_choice":"Upgraded","floor":3.0,"gold_loss":0.0,"damage_taken":0.0,"cards_upgraded":["Zap"]},{"damage_healed":0,"gold_gain":0,"player_choice":"Ignored","damage_taken":0,"max_hp_gain":0,"max_hp_loss":0,"event_name":"Liars Game","floor":12,"gold_loss":0},{"damage_healed":14,"gold_gain":0,"player_choice":"Heal","damage_taken":0,"max_hp_gain":0,"max_hp_loss":0,"event_name":"The Library","floor":19,"gold_loss":0},{"damage_healed":0,"gold_gain":0,"player_choice":"Opened","damage_taken":0,"relics_obtained":["Molten Egg 2"],"max_hp_gain":0,"max_hp_loss":0,"event_name":"The Mausoleum","floor":22,"gold_loss":0,"cards_obtained":["Writhe"]}],"is_beta":false,"boss_relics":[{"not_picked":["Calling Bell","Coffee Dripper"],"picked":"Velvet Choker"}],"items_purged_floors":[4],"is_endless":false,"potions_floor_spawned":[1,7,10,18,20,24],"killed_by":"Collector","ascension_level":19}