{"gold_per_floor":[115,130,145,145,145,145,178,178,178,178,189,199,199,234,234,312,312,330,330,347,347,361,361,393,393,393,393,407,269,194,194,194,273,273,293,310,3,15,15,15,50,50,76,92,92,104,104,120,120,120],"floor_reached":50,"playtime":2432,"items_purged":[],"score":925,"play_id":"9dbf1e5f-1ccb-414d-91ca-50a0320287e9","local_time":"20190402212039","is_ascension_mode":true,"campfire_choices":[{"data":"Sunder","floor":6.0,"key":"SMITH"},{"floor":10.0,"key":"REST"},{"floor":13.0,"key":"DIG"},{"floor":15.0,"key":"REST"},{"floor":23.0,"key":"REST"},{"floor":25.0,"key":"DIG"},{"floor":27.0,"key":"REST"},{"floor":32.0,"key":"DIG"},{"floor":40.0,"key":"DIG"},{"floor":42.0,"key":"REST"},{"floor":45.0,"key":"RECALL"},{"floor":47.0,"key":"DIG"},{"floor":49,"key":"DIG"}],"neow_cost":"NONE","seed_source_timestamp":0,"circlet_count":0,"master_deck":["AscendersBane","Strike_B+1","Strike_B+1","Strike_B+1","Strike_B+1","Defend_B+1","Defend_B+1","Defend_B+1","Defend_B+1","Zap","Reinforced Body","Sunder+1","Ball Lightning","Electrodynamics+1","White Noise","Loop+1","Cold Snap","Electrodynamics+1","Thunder Strike","Coolheaded","Defragment+1","Self Repair+1","Heatsinks+1","Tempest+1","Cold Snap"],"special_seed":0,"relics":["Cracked Core","Omamori","Frozen Egg 2","Shovel","Lantern","Regal Pillow","DataDisk","Nuclear Battery","Kunai","Mummified Hand","Letter Opener","Vajra","Sozu","Runic Capacitor","Emotion Chip","The Courier","Bottled Lightning","Nunchaku"],"potions_floor_usage":[],"damage_taken":[{"damage":1.0,"enemies":"2 Louse","floor":1.0,"turns":3.0},{"damage":5.0,"enemies":"Small Slimes","floor":2.0,"turns":3.0},{"damage":7.0,"enemies":"Jaw Worm","floor":3.0,"turns":2.0},{"damage":32.0,"enemies":"Gremlin Nob","floor":7.0,"turns":4.0},{"damage":3.0,"enemies":"Large Slime","floor":11.0,"turns":5.0},{"damage":0.0,"enemies":"2 Fungi Beasts","floor":12.0,"turns":2.0},{"damage":20.0,"enemies":"Lagavulin","floor":14.0,"turns":5.0},{"damage":34.0,"enemies":"The Guardian","floor":16.0,"turns":12.0},{"damage":51.0,"enemies":"Shell Parasite","floor":18.0,"turns":7.0},{"damage":0.0,"enemies":"2 Thieves","floor":20.0,"turns":2.0},{"damage":3.0,"enemies":"Cultist and Chosen","floor":22.0,"turns":5.0},{"damage":13.0,"enemies":"Slavers","floor":24.0,"turns":3.0},{"damage":0.0,"enemies":"Snake Plant","floor":28.0,"turns":2.0},{"damage":12.0,"enemies":"Automaton","floor":33.0,"turns":6.0},{"damage":23.0,"enemies":"3 Darklings","floor":35.0,"turns":4.0},{"damage":3.0,"enemies":"3 Shapes","floor":36.0,"turns":2.0},{"damage":0.0,"enemies":"Sphere and 2 Shapes","floor":38.0,"turns":3.0},{"damage":28.0,"enemies":"Reptomancer","floor":41.0,"turns":3.0},{"damage":26.0,"enemies":"Spire Growth","floor":44.0,"turns":3.0},{"damage":0.0,"enemies":"Writhing Mass","floor":46.0,"turns":3.0},{"damage":0,"enemies":"Transient","floor":48,"turns":6},{"damage":75,"enemies":"Awakened One","floor":50,"turns":7}],"seed_played":"6326158481332951746","potions_obtained":[{"floor":3.0,"key":"Strength Potion"},{"floor":11.0,"key":"PowerPotion"},{"floor":12.0,"key":"Explosive Potion"},{"floor":14.0,"key":"Poison Potion"},{"floor":18.0,"key":"SpeedPotion"},{"floor":20.0,"key":"Fire Potion"},{"floor":22.0,"key":"FocusPotion"}],"is_trial":false,"path_per_floor":["M","M","M","?","$","R","E","?","T","R","M","M","R","E","R","B",null,"M","?","M","?","M","R","E","R","T","R","M","$","?","?","R","B",null,"M","M","$","M","$","R","E","R","T","M","R","M","R","M","R","B"],"character_chosen":"DEFECT","items_purchased":["Loop+1","Cold Snap","Defragment+1","Runic Capacitor"],"campfire_rested":5,"item_purchase_floors":[29,29,37,37],"current_hp_per_floor":[63,58,51,40,40,40,8,8,8,29,26,26,26,6,42,8,55,4,4,4,4,1,37,24,24,24,60,60,60,60,60,60,48,65,42,39,39,39,39,39,21,57,57,41,41,51,51,61,61,0],"gold":120,"neow_bonus":"RANDOM_COMMON_RELIC","is_prod":false,"is_daily":false,"chose_seed":false,"campfire_upgraded":1,"win_rate":0,"timestamp":1554207639,"path_taken":["M","M","M","?","$","R","E","?","T","R","M","M","R","E","R","BOSS","M","?","M","?","M","R","E","R","T","R","M","$","?","?","R","BOSS","M","M","$","?","?","R","E","R","T","M","R","M","R","?","R","BOSS"],"build_version":"2019-01-23","purchased_purges":0,"victory":false,"max_hp_per_floor":[71,71,71,71,71,71,71,71,71,71,71,71,71,71,71,71,71,71,71,71,71,71,71,71,71,71,71,71,71,71,71,71,71,71,71,71,71,71,71,71,71,71,71,71,71,71,71,71,71,71],"card_choices":[{"not_picked":["Redo","Loop"],"picked":"Reinforced Body","floor":1.0},{"not_picked":["Go for the Eyes","Hologram"],"picked":"Sunder","floor":2.0},{"not_picked":["Heatsinks","Genetic Algorithm"],"picked":"Ball Lightning","floor":3.0},{"not_picked":["Beam Cell","Compile Driver","Lockon"],"picked":"SKIP","floor":7.0},{"not_picked":["Recycle","Stack","Consume"],"picked":"SKIP","floor":11.0},{"not_picked":["Barrage","Stack","Chaos"],"picked":"SKIP","floor":12.0},{"not_picked":["Sunder","Compile Driver","Static Discharge+1"],"picked":"SKIP","floor":14.0},{"not_picked":["Core Surge","Buffer+1"],"picked":"Electrodynamics+1","floor":16.0},{"not_picked":["Ball Lightning","Blizzard"],"picked":"White Noise","floor":18.0},{"not_picked":["Barrage","Ball Lightning","Recycle"],"picked":"SKIP","floor":20.0},{"not_picked":["Turbo","Undo","Static Discharge+1"],"picked":"SKIP","floor":22.0},{"not_picked":["Undo","Leap+1","Hello World+1"],"picked":"SKIP","floor":24.0},{"not_picked":["Steam","Barrage","Scrape"],"picked":"SKIP","floor":28.0},{"not_picked":["Amplify","Core Surge"],"picked":"Thunder Strike","floor":33.0},{"not_picked":["Tempest","Ball Lightning"],"picked":"Coolheaded","floor":35.0},{"not_picked":["Skim","Stack","Sweeping Beam"],"picked":"SKIP","floor":36.0},{"not_picked":["Aggregate","Sweeping Beam"],"picked":"Self Repair+1","floor":38.0},{"not_picked":["Aggregate+1","Sunder"],"picked":"Heatsinks+1","floor":41.0},{"not_picked":["Leap","Turbo"],"picked":"Tempest+1","floor":44.0},{"not_picked":["Turbo","Rebound"],"picked":"Cold Snap","floor":46.0},{"not_picked":["Steam","Cold Snap","Heatsinks+1"],"picked":"SKIP","floor":48}],"player_experience":442363,"relics_obtained":[{"floor":7.0,"key":"Shovel"},{"floor":9.0,"key":"Lantern"},{"floor":13.0,"key":"Regal Pillow"},{"floor":14.0,"key":"DataDisk"},{"floor":24.0,"key":"Kunai"},{"floor":25.0,"key":"Mummified Hand"},{"floor":26.0,"key":"Letter Opener"},{"floor":32.0,"key":"Vajra"},{"floor":40.0,"key":"Emotion Chip"},{"floor":41.0,"key":"The Courier"},{"floor":47.0,"key":"Bottled Lightning"},{"floor":49,"key":"Nunchaku"}],"event_choices":[{"damage_healed":0.0,"max_hp_gain":0.0,"max_hp_loss":0.0,"gold_gain":0.0,"event_name":"Scrap Ooze","player_choice":"Success","floor":4.0,"gold_loss":0.0,"damage_taken":11.0,"relics_obtained":["Frozen Egg 2"]},{"damage_healed":0.0,"max_hp_gain":0.0,"max_hp_loss":0.0,"gold_gain":0.0,"event_name":"Shining Light","player_choice":"Ignored","floor":8.0,"gold_loss":0.0,"damage_taken":0.0},{"damage_healed":0.0,"max_hp_gain":0.0,"max_hp_loss":0.0,"gold_gain":0.0,"event_name":"Forgotten Altar","player_choice":"Smashed Altar","floor":19.0,"gold_loss":0.0,"damage_taken":0.0,"cards_obtained":["Decay"]},{"damage_healed":0.0,"max_hp_gain":0.0,"max_hp_loss":0.0,"gold_gain":0.0,"event_name":"Back to Basics","player_choice":"Simplicity","floor":21.0,"gold_loss":0.0,"damage_taken":0.0,"cards_upgraded":["Strike_B","Strike_B","Strike_B","Strike_B","Defend_B","Defend_B","Defend_B","Defend_B"]},{"cards_removed":["Dualcast"],"damage_healed":0.0,"max_hp_gain":0.0,"max_hp_loss":0.0,"gold_gain":0.0,"event_name":"Beggar","player_choice":"Gave Gold","floor":30.0,"gold_loss":75.0,"damage_taken":0.0},{"damage_healed":0.0,"max_hp_gain":0.0,"max_hp_loss":0.0,"gold_gain":0.0,"event_name":"Duplicator","player_choice":"Copied","floor":31.0,"gold_loss":0.0,"damage_taken":0.0,"cards_obtained":["Electrodynamics"]}],"is_beta":false,"boss_relics":[{"not_picked":["Tiny House","Lizard Tail"],"picked":"Nuclear Battery"},{"not_picked":["Cursed Key","Pandora\u0027s Box"],"picked":"Sozu"}],"items_purged_floors":[],"is_endless":false,"potions_floor_spawned":[3,11,12,14,18,20,22,35,41,44,46,48],"killed_by":"Awakened One","ascension_level":17}