{"gold_per_floor":[118,138,158,178,178,178,143,175,175,175,195,195,345,355,355,426,426,438,438,438,456,471,471,503,15,15,34,34,34,34,44,44,115,115,130,140,140,88,107,141,154,188,188,188,222,238,253,271,271,271],"floor_reached":51,"playtime":5407,"items_purged":["Doubt"],"score":1357,"play_id":"d16ec769-0e45-4cf0-8818-1cfdd2c7f7b4","local_time":"20190329142335","is_ascension_mode":true,"campfire_choices":[{"data":"Clothesline","floor":6,"key":"SMITH"},{"data":"Disarm","floor":10,"key":"SMITH"},{"data":"Hemokinesis","floor":12,"key":"SMITH"},{"data":"Armaments","floor":15,"key":"SMITH"},{"data":"Fiend Fire","floor":23,"key":"SMITH"},{"data":"RitualDagger","floor":28,"key":"SMITH"},{"data":"Offering","floor":30,"key":"SMITH"},{"data":"Shrug It Off","floor":32,"key":"SMITH"},{"floor":44,"key":"REST"},{"floor":49,"key":"REST"}],"neow_cost":"NONE","seed_source_timestamp":704719304158300,"circlet_count":0,"master_deck":["AscendersBane","Strike_R","Strike_R","Strike_R+1","Strike_R","Strike_R","Defend_R","Defend_R","Defend_R","Defend_R","Bash+1","Battle Trance","Clothesline+1","Disarm+1","Shrug It Off+1","Hemokinesis+1","Armaments+1","Fiend Fire+1","RitualDagger+1","Iron Wave","Headbutt+1","Offering+1","PanicButton","Metallicize","Warcry+1","Shockwave+1","Limit Break","Anger","Spot Weakness+1","Shrug It Off+1","Armaments","Impervious","Parasite","Headbutt+1","Armaments+1","Iron Wave+1","Disarm+1"],"relics":["Burning Blood","Lantern","Meat on the Bone","Magic Flower","Runic Cube","Bird Faced Urn","Bag of Preparation","Champion Belt","Fusion Hammer","Bag of Marbles","Ancient Tea Set","Prayer Wheel","Bronze Scales"],"potions_floor_usage":[4,18,21,24,24,33,50],"damage_taken":[{"damage":17,"enemies":"Small Slimes","floor":1,"turns":5},{"damage":0,"enemies":"2 Louse","floor":2,"turns":4},{"damage":0,"enemies":"Cultist","floor":3,"turns":4},{"damage":6,"enemies":"Exordium Wildlife","floor":4,"turns":4},{"damage":20,"enemies":"Lagavulin","floor":8,"turns":8},{"damage":4,"enemies":"3 Louse","floor":11,"turns":5},{"damage":16,"enemies":"Lots of Slimes","floor":14,"turns":7},{"damage":41,"enemies":"Hexaghost","floor":16,"turns":13},{"damage":21,"enemies":"2 Thieves","floor":18,"turns":4},{"damage":16,"enemies":"3 Byrds","floor":21,"turns":8},{"damage":22,"enemies":"Centurion and Healer","floor":22,"turns":10},{"damage":41,"enemies":"Gremlin Leader","floor":24,"turns":8},{"damage":6,"enemies":"Snecko","floor":27,"turns":7},{"damage":19,"enemies":"Shelled Parasite and Fungi","floor":31,"turns":3},{"damage":37,"enemies":"Collector","floor":33,"turns":5},{"damage":10,"enemies":"Orb Walker","floor":35,"turns":2},{"damage":12,"enemies":"3 Shapes","floor":36,"turns":4},{"damage":8,"enemies":"3 Darklings","floor":39,"turns":6},{"damage":35,"enemies":"Reptomancer","floor":40,"turns":9},{"damage":0,"enemies":"Maw","floor":41,"turns":8},{"damage":39,"enemies":"Nemesis","floor":42,"turns":7},{"damage":8,"enemies":"Giant Head","floor":45,"turns":5},{"damage":8,"enemies":"Writhing Mass","floor":46,"turns":6},{"damage":17,"enemies":"3 Darklings","floor":47,"turns":6},{"damage":11,"enemies":"Sphere and 2 Shapes","floor":48,"turns":5},{"damage":30,"enemies":"Awakened One","floor":50,"turns":10}],"seed_played":"-2309063276893343239","potions_obtained":[{"floor":1,"key":"SteroidPotion"},{"floor":11,"key":"Fire Potion"},{"floor":14,"key":"Block Potion"},{"floor":21,"key":"SkillPotion"},{"floor":22,"key":"SkillPotion"},{"floor":35,"key":"GamblersBrew"},{"floor":47,"key":"SteroidPotion"}],"is_trial":false,"path_per_floor":["M","M","M","M","?","R","?","E","T","R","M","R","?","M","R","B",null,"M","?","?","M","M","R","E","$","T","M","R","?","R","M","R","B",null,"M","M","?","$","M","E","M","E","T","R","E","M","M","M","R","B",null],"character_chosen":"IRONCLAD","items_purchased":["PanicButton","Metallicize","Energy Potion","Weak Potion","Bag of Preparation","PowerPotion"],"campfire_rested":2,"item_purchase_floors":[25,25,25,25,25,38],"current_hp_per_floor":[57,63,69,69,46,46,64,50,50,50,55,55,55,48,48,34,65,53,47,75,68,55,55,41,41,41,47,47,47,47,55,55,48,68,67,67,63,63,67,62,74,63,63,75,75,75,67,68,75,54],"gold":271,"neow_bonus":"RANDOM_COMMON_RELIC","is_prod":false,"is_daily":false,"chose_seed":false,"campfire_upgraded":8,"win_rate":1,"timestamp":1553894615,"path_taken":["M","M","M","M","?","R","?","E","T","R","M","R","?","M","R","BOSS","M","?","?","M","?","R","E","$","T","M","R","?","R","M","R","BOSS","M","M","?","$","M","E","?","E","T","R","E","M","M","M","R","BOSS"],"build_version":"2019-01-23","purchased_purges":1,"victory":true,"max_hp_per_floor":[75,75,75,75,75,75,75,75,75,75,75,75,75,75,75,75,75,75,75,75,75,75,75,75,75,75,75,75,75,75,75,75,75,75,75,75,75,75,75,75,75,75,75,75,75,75,75,75,75,75],"card_choices":[{"not_picked":["Cleave","Headbutt"],"picked":"Battle Trance","floor":1},{"not_picked":["Bloodletting","Heavy Blade"],"picked":"Clothesline","floor":2},{"not_picked":["Battle Trance","Infernal Blade"],"picked":"Disarm","floor":3},{"not_picked":["Rupture","Reckless Charge","Entrench"],"picked":"SKIP","floor":4},{"not_picked":["Heavy Blade","Cleave"],"picked":"Shrug It Off","floor":8},{"not_picked":["Wild Strike","Havoc"],"picked":"Hemokinesis","floor":11},{"not_picked":["Warcry","Flex"],"picked":"Armaments","floor":14},{"not_picked":["Juggernaut","Berserk"],"picked":"Fiend Fire","floor":16},{"not_picked":["Clothesline","Wild Strike"],"picked":"Sentinel","floor":18},{"not_picked":["Iron Wave","Heavy Blade","Wild Strike"],"picked":"SKIP","floor":21},{"not_picked":["Iron Wave","Heavy Blade","Wild Strike"],"picked":"SKIP","floor":21},{"not_picked":["Heavy Blade","Wild Strike"],"picked":"Iron Wave","floor":21},{"not_picked":["Clash+1","Armaments"],"picked":"Headbutt+1","floor":22},{"not_picked":["Clothesline+1","Headbutt"],"picked":"Offering","floor":24},{"not_picked":["Cleave","Twin Strike"],"picked":"Warcry+1","floor":27},{"not_picked":["Searing Blow","Clothesline"],"picked":"Shockwave+1","floor":31},{"not_picked":["Juggernaut","Double Tap"],"picked":"Limit Break","floor":33},{"not_picked":["Wild Strike+1","Havoc"],"picked":"Anger","floor":35},{"not_picked":["Perfected Strike","Twin Strike"],"picked":"Spot Weakness+1","floor":36},{"not_picked":["Perfected Strike+1","Combust"],"picked":"Shrug It Off+1","floor":39},{"not_picked":["Bloodletting","Havoc","Cleave"],"picked":"SKIP","floor":40},{"not_picked":["Bloodletting","Havoc","Cleave"],"picked":"SKIP","floor":40},{"not_picked":["Ghostly Armor","Sword Boomerang"],"picked":"Armaments","floor":41},{"not_picked":["Uppercut","Sever Soul+1","Reckless Charge+1"],"picked":"SKIP","floor":42},{"not_picked":["Uppercut","Sever Soul+1","Reckless Charge+1"],"picked":"SKIP","floor":42},{"not_picked":["Uppercut","Sever Soul+1","Reckless Charge+1"],"picked":"SKIP","floor":42},{"not_picked":["Infernal Blade+1","Havoc"],"picked":"Impervious","floor":45},{"not_picked":["Dropkick+1","Cleave"],"picked":"Headbutt+1","floor":46},{"not_picked":["Clothesline","Rampage"],"picked":"Armaments+1","floor":46},{"not_picked":["Flex","Wild Strike"],"picked":"Iron Wave+1","floor":47},{"not_picked":["Havoc","Burning Pact","Heavy Blade"],"picked":"SKIP","floor":47},{"not_picked":["Body Slam","Evolve+1"],"picked":"Disarm+1","floor":48},{"not_picked":["Corruption","Wild Strike","Anger"],"picked":"SKIP","floor":48},{"not_picked":["Corruption","Wild Strike","Anger"],"picked":"SKIP","floor":48},{"not_picked":["Corruption","Wild Strike","Anger"],"picked":"SKIP","floor":48}],"player_experience":154672,"relics_obtained":[{"floor":8,"key":"Meat on the Bone"},{"floor":9,"key":"Magic Flower"},{"floor":24,"key":"Bird Faced Urn"},{"floor":26,"key":"Champion Belt"},{"floor":40,"key":"Bag of Marbles"},{"floor":42,"key":"Ancient Tea Set"},{"floor":43,"key":"Prayer Wheel"},{"floor":45,"key":"Bronze Scales"}],"event_choices":[{"damage_healed":0,"gold_gain":0,"player_choice":"Entered Light","damage_taken":23,"max_hp_gain":0,"max_hp_loss":0,"event_name":"Shining Light","floor":5,"gold_loss":0,"cards_upgraded":["Strike_R","Bash"]},{"damage_healed":18,"gold_gain":0,"player_choice":"Healed","damage_taken":0,"max_hp_gain":0,"max_hp_loss":0,"event_name":"The Cleric","floor":7,"gold_loss":35},{"damage_healed":0,"gold_gain":150,"player_choice":"AGREE","damage_taken":0,"max_hp_gain":0,"max_hp_loss":0,"event_name":"Liars Game","floor":13,"gold_loss":0,"cards_obtained":["Doubt"]},{"damage_healed":0,"gold_gain":0,"player_choice":"Joined the Cult","damage_taken":6,"max_hp_gain":0,"max_hp_loss":0,"event_name":"Nest","floor":19,"gold_loss":0,"cards_obtained":["RitualDagger"]},{"cards_removed":["Sentinel"],"damage_healed":28,"gold_gain":0,"player_choice":"Offered Uncommon","damage_taken":0,"max_hp_gain":0,"max_hp_loss":0,"event_name":"Bonfire Elementals","floor":20,"gold_loss":0},{"damage_healed":0,"gold_gain":0,"player_choice":"Ignored","damage_taken":0,"max_hp_gain":0,"max_hp_loss":0,"event_name":"Beggar","floor":29,"gold_loss":0},{"damage_healed":0,"gold_gain":0,"player_choice":"Bought 0 Potions","damage_taken":0,"max_hp_gain":0,"max_hp_loss":0,"event_name":"The Woman in Blue","floor":37,"gold_loss":0}],"is_beta":false,"boss_relics":[{"not_picked":["Black Blood","Black Star"],"picked":"Runic Cube"},{"not_picked":["Runic Pyramid","Busted Crown"],"picked":"Fusion Hammer"}],"items_purged_floors":[25],"is_endless":false,"potions_floor_spawned":[1,11,14,21,22,27,35,40,41,47,48],"ascension_level":15}