{"gold_per_floor":[113,125,1,19,35,35,61,61,61,61,95,95,115,79,79,183,183,201,201,201,211,117,149,149,49,122,132,164,179,198,216,216,312,312,330,330,330,342,14,48,62,62,108,68,97,107,107,107,107,107],"floor_reached":51,"playtime":3131,"items_purged":["Strike_R","Clash"],"score":755,"play_id":"6fef04b7-d716-4780-90fa-8edbfce30935","local_time":"20190415170250","is_ascension_mode":false,"campfire_choices":[{"data":"Armaments","floor":6.0,"key":"SMITH"},{"data":"Clothesline","floor":10.0,"key":"SMITH"},{"floor":15.0,"key":"REST"},{"data":"Uppercut","floor":24.0,"key":"SMITH"},{"floor":32.0,"key":"REST"},{"floor":47,"key":"REST"},{"data":"Disarm","floor":49,"key":"SMITH"}],"neow_cost":"NONE","seed_source_timestamp":278905471242400,"circlet_count":0,"master_deck":["Strike_R","Strike_R","Strike_R","Defend_R","Defend_R","Defend_R","Bash+1","Rage","Armaments+1","Disarm+1","Clothesline+1","Cleave","True Grit","Combust","Juggernaut","Headbutt+1","Feel No Pain","Dark Shackles","Uppercut+1","True Grit","True Grit+1","Entrench","Clothesline","Headbutt","Dual Wield","Demon Form+1","Shrug It Off","Pommel Strike","Corruption","Clothesline+1","Shrug It Off","Heavy Blade+1"],"special_seed":0,"relics":["Burning Blood","Sundial","Ornamental Fan","Dodecahedron","Juzu Bracelet","Snecko Eye","Omamori","Gremlin Horn","Ancient Tea Set","Sozu","Centennial Puzzle","Shuriken","Regal Pillow","Unceasing Top"],"potions_floor_usage":[],"damage_taken":[{"damage":1.0,"enemies":"Cultist","floor":1.0,"turns":4.0},{"damage":1.0,"enemies":"2 Louse","floor":2.0,"turns":3.0},{"damage":2.0,"enemies":"Jaw Worm","floor":4.0,"turns":3.0},{"damage":16.0,"enemies":"Exordium Wildlife","floor":5.0,"turns":6.0},{"damage":28.0,"enemies":"Gremlin Nob","floor":7.0,"turns":5.0},{"damage":11.0,"enemies":"3 Sentries","floor":11.0,"turns":8.0},{"damage":2.0,"enemies":"Looter","floor":13.0,"turns":4.0},{"damage":34.0,"enemies":"Slime Boss","floor":16.0,"turns":10.0},{"damage":17.0,"enemies":"2 Thieves","floor":18.0,"turns":5.0},{"damage":0.0,"enemies":"Chosen","floor":21.0,"turns":3.0},{"damage":26.0,"enemies":"Book of Stabbing","floor":23.0,"turns":6.0},{"damage":12.0,"enemies":"Snake Plant","floor":27.0,"turns":5.0},{"damage":5.0,"enemies":"Slavers","floor":28.0,"turns":6.0},{"damage":6.0,"enemies":"3 Cultists","floor":29.0,"turns":5.0},{"damage":10.0,"enemies":"Centurion and Healer","floor":30.0,"turns":6.0},{"damage":7.0,"enemies":"Chosen and Byrds","floor":31.0,"turns":5.0},{"damage":47.0,"enemies":"Champ","floor":33.0,"turns":19.0},{"damage":3,"enemies":"Orb Walker","floor":35,"turns":3},{"damage":7,"enemies":"3 Darklings","floor":38,"turns":6},{"damage":45,"enemies":"Nemesis","floor":40,"turns":7},{"damage":0,"enemies":"Writhing Mass","floor":41,"turns":5},{"damage":5,"enemies":"Giant Head","floor":45,"turns":6},{"damage":13,"enemies":"Spire Growth","floor":46,"turns":5},{"damage":3,"enemies":"Time Eater","floor":50,"turns":6}],"seed_played":"-7927393227681716175","potions_obtained":[{"floor":7.0,"key":"BloodPotion"},{"floor":11.0,"key":"Swift Potion"},{"floor":16.0,"key":"SpeedPotion"},{"floor":20.0,"key":"Swift Potion"},{"floor":20.0,"key":"EntropicBrew"},{"floor":20.0,"key":"Weak Potion"},{"floor":21.0,"key":"Fire Potion"},{"floor":28.0,"key":"SteroidPotion"},{"floor":30.0,"key":"SpeedPotion"},{"floor":33,"key":"SpeedPotion"}],"is_trial":false,"path_per_floor":["M","M","$","M","M","R","E","?","T","R","E","?","M","$","R","B",null,"M","?","?","M","$","E","R","$","T","M","E","M","M","M","R","B",null,"M","?","?","M","$","E","M","?","T","?","E","M","R","?","R","B",null],"character_chosen":"IRONCLAD","items_purchased":["Energy Potion","Combust","Dark Shackles","Fire Potion","True Grit","Corruption","Centennial Puzzle"],"campfire_rested":3,"item_purchase_floors":[3,14,22,25,25,39,39],"current_hp_per_floor":[80,80,80,80,70,70,48,48,48,48,43,31,35,35,59,31,80,69,69,69,75,75,55,55,55,55,49,50,50,46,45,69,28,80,80,80,80,79,79,40,46,46,46,46,47,40,79,76,76,76],"gold":107,"neow_bonus":"UPGRADE_CARD","is_prod":false,"is_daily":false,"chose_seed":false,"campfire_upgraded":4,"win_rate":1,"timestamp":1555372970,"path_taken":["M","M","?","M","M","R","E","?","T","R","E","?","M","$","R","BOSS","M","?","?","M","$","E","R","$","T","M","E","M","M","M","R","BOSS","BOSS","M","?","?","M","$","E","M","?","T","?","E","M","R","?","R","BOSS"],"build_version":"2019-01-23","purchased_purges":2,"victory":true,"max_hp_per_floor":[80,80,80,80,80,80,80,80,80,80,80,80,80,80,80,80,80,80,80,80,80,80,80,80,80,80,80,80,80,80,80,80,80,80,80,80,80,80,80,80,80,80,80,80,80,80,80,76,76,76],"card_choices":[{"not_picked":["Havoc","Rupture"],"picked":"Rage","floor":1.0},{"not_picked":["Burning Pact","Dual Wield"],"picked":"Clash","floor":2.0},{"not_picked":["Combust","Dual Wield"],"picked":"Armaments","floor":4.0},{"not_picked":["Ghostly Armor","Flex"],"picked":"Disarm","floor":5.0},{"not_picked":["Cleave","Flex"],"picked":"Clothesline","floor":7.0},{"not_picked":["Iron Wave","Flex"],"picked":"Cleave","floor":11.0},{"not_picked":["Blood for Blood","Entrench"],"picked":"True Grit","floor":13.0},{"not_picked":["Berserk","Reaper"],"picked":"Juggernaut","floor":16.0},{"not_picked":["Thunderclap","Ghostly Armor"],"picked":"Headbutt+1","floor":18.0},{"not_picked":["Rage","Perfected Strike","Body Slam"],"picked":"SKIP","floor":21.0},{"not_picked":["Carnage","Flame Barrier"],"picked":"Uppercut","floor":23.0},{"not_picked":["Seeing Red","Clash"],"picked":"True Grit+1","floor":27.0},{"not_picked":["Dropkick","Perfected Strike"],"picked":"Entrench","floor":28.0},{"not_picked":["Searing Blow","Wild Strike+1"],"picked":"Clothesline","floor":29.0},{"not_picked":["Perfected Strike+1","Anger"],"picked":"Headbutt","floor":30.0},{"not_picked":["Heavy Blade+1","Bludgeon"],"picked":"Dual Wield","floor":31.0},{"not_picked":["Juggernaut","Barricade"],"picked":"Demon Form","floor":33},{"not_picked":["Rage","Rupture"],"picked":"Shrug It Off","floor":35},{"not_picked":["Clothesline+1","Carnage"],"picked":"Pommel Strike","floor":38},{"not_picked":["Twin Strike+1","Anger"],"picked":"Clothesline+1","floor":40},{"not_picked":["Second Wind","Anger+1","Pommel Strike"],"picked":"SKIP","floor":41},{"not_picked":["Clothesline+1","Bludgeon"],"picked":"Shrug It Off","floor":45},{"not_picked":["Infernal Blade","Clash+1"],"picked":"Heavy Blade+1","floor":46}],"player_experience":368962,"relics_obtained":[{"floor":7.0,"key":"Sundial"},{"floor":9.0,"key":"Ornamental Fan"},{"floor":11.0,"key":"Dodecahedron"},{"floor":23.0,"key":"Omamori"},{"floor":26.0,"key":"Gremlin Horn"},{"floor":28.0,"key":"Ancient Tea Set"},{"floor":40,"key":"Shuriken"},{"floor":43,"key":"Regal Pillow"},{"floor":45,"key":"Unceasing Top"}],"event_choices":[{"damage_healed":0.0,"max_hp_gain":0.0,"max_hp_loss":0.0,"gold_gain":0.0,"event_name":"Liars Game","player_choice":"Ignored","floor":8.0,"gold_loss":0.0,"damage_taken":0.0},{"damage_healed":0.0,"max_hp_gain":0.0,"max_hp_loss":0.0,"gold_gain":0.0,"event_name":"Scrap Ooze","player_choice":"Success","floor":12.0,"gold_loss":0.0,"damage_taken":12.0,"relics_obtained":["Juzu Bracelet"]},{"damage_healed":0.0,"max_hp_gain":0.0,"max_hp_loss":0.0,"gold_gain":0.0,"cards_transformed":["Strike_R","Defend_R"],"event_name":"Drug Dealer","player_choice":"Became Test Subject","floor":19.0,"gold_loss":0.0,"damage_taken":0.0,"cards_obtained":["Clash","Feel No Pain"]},{"damage_healed":0.0,"max_hp_gain":0.0,"max_hp_loss":0.0,"gold_gain":0.0,"event_name":"Lab","player_choice":"Got Potions","floor":20.0,"gold_loss":0.0,"damage_taken":0.0},{"damage_healed":0,"gold_gain":0,"player_choice":"Ignored","damage_taken":0,"max_hp_gain":0,"max_hp_loss":0,"event_name":"Tomb of Lord Red Mask","floor":36,"gold_loss":0},{"cards_removed":["Clash"],"damage_healed":0,"gold_gain":0,"player_choice":"Removed Attack","damage_taken":0,"max_hp_gain":0,"max_hp_loss":0,"event_name":"Falling","floor":37,"gold_loss":0},{"damage_healed":0,"gold_gain":0,"player_choice":"Ignored","damage_taken":0,"max_hp_gain":0,"max_hp_loss":0,"event_name":"Mysterious Sphere","floor":42,"gold_loss":0},{"damage_healed":0,"gold_gain":0,"player_choice":"Upgrade","damage_taken":0,"max_hp_gain":0,"max_hp_loss":0,"event_name":"Designer","floor":44,"gold_loss":40,"cards_upgraded":["Demon Form"]},{"damage_healed":0,"gold_gain":0,"player_choice":"Max HP","damage_taken":0,"max_hp_gain":0,"max_hp_loss":4,"event_name":"Winding Halls","floor":48,"gold_loss":0}],"is_beta":false,"boss_relics":[{"not_picked":["Runic Pyramid","Coffee Dripper"],"picked":"Snecko Eye"},{"not_picked":["White Beast Statue","Black Star"],"picked":"Sozu"}],"items_purged_floors":[3,39],"is_endless":false,"potions_floor_spawned":[7,11,16,21,27,28,30,33,45,46],"ascension_level":0}