{"gold_per_floor":[119,44,44,44,59,59,89,105,159,174,174,184,212,227,227,322,322,311,327,227,240,240],"floor_reached":22,"playtime":1013,"items_purged":["Defend_R","True Grit+1"],"score":198,"play_id":"bd346cca-0f1f-4b78-84b0-eedf7c048dfc","local_time":"20190410232219","is_ascension_mode":false,"campfire_choices":[{"data":"Bash","floor":6,"key":"SMITH"},{"data":"True Grit","floor":15,"key":"SMITH"}],"neow_cost":"TEN_PERCENT_HP_LOSS","seed_source_timestamp":270787031482476,"circlet_count":0,"master_deck":["Strike_R","Strike_R","Strike_R","Defend_R","Bash+1","Shrug It Off+1"],"relics":["Burning Blood","Oddly Smooth Stone","Orichalcum","Molten Egg 2","Sozu"],"potions_floor_usage":[7,16,16],"damage_taken":[{"damage":0,"enemies":"Small Slimes","floor":1,"turns":4},{"damage":3,"enemies":"Jaw Worm","floor":5,"turns":5},{"damage":58,"enemies":"Lagavulin","floor":7,"turns":11},{"damage":0,"enemies":"Cultist","floor":8,"turns":3},{"damage":5,"enemies":"Looter","floor":10,"turns":3},{"damage":0,"enemies":"Large Slime","floor":12,"turns":6},{"damage":9,"enemies":"3 Sentries","floor":13,"turns":11},{"damage":1,"enemies":"2 Fungi Beasts","floor":14,"turns":4},{"damage":49,"enemies":"The Guardian","floor":16,"turns":18},{"damage":10,"enemies":"2 Thieves","floor":18,"turns":4},{"damage":0,"enemies":"Shell Parasite","floor":19,"turns":6},{"damage":21,"enemies":"Shelled Parasite and Fungi","floor":21,"turns":9},{"damage":60,"enemies":"Masked Bandits","floor":22,"turns":5}],"seed_played":"3656237120372199524","potions_obtained":[{"floor":1,"key":"Regen Potion"},{"floor":8,"key":"BloodPotion"},{"floor":14,"key":"EssenceOfSteel"},{"floor":16,"key":"Swift Potion"}],"is_trial":false,"path_per_floor":["M","$","?","?","M","R","E","M","T","M","?","M","E","M","R","B",null,"M","M","$","M","?"],"character_chosen":"IRONCLAD","items_purchased":[],"campfire_rested":0,"item_purchase_floors":[],"current_hp_per_floor":[72,72,65,65,68,68,31,37,37,38,38,44,41,46,46,10,72,68,72,72,57,0],"gold":240,"neow_bonus":"TRANSFORM_TWO_CARDS","is_prod":false,"is_daily":false,"chose_seed":false,"campfire_upgraded":2,"win_rate":0,"timestamp":1554963739,"path_taken":["M","$","?","?","M","R","E","M","T","M","?","M","E","M","R","BOSS","M","M","$","?","?"],"build_version":"2019-01-23","purchased_purges":2,"victory":false,"max_hp_per_floor":[72,72,72,72,72,72,72,72,72,72,72,72,72,72,72,72,72,72,72,72,72,72],"card_choices":[{"not_picked":["Battle Trance","Combust","Twin Strike"],"picked":"SKIP","floor":1},{"not_picked":["Carnage","Warcry","Perfected Strike"],"picked":"SKIP","floor":5},{"not_picked":["Rupture","Spot Weakness","Sword Boomerang"],"picked":"SKIP","floor":7},{"not_picked":["Anger","Combust","Flex"],"picked":"SKIP","floor":8},{"not_picked":["Blood for Blood","Rupture","True Grit"],"picked":"SKIP","floor":10},{"not_picked":["Barricade","Heavy Blade","Perfected Strike"],"picked":"SKIP","floor":12},{"not_picked":["Entrench","Sever Soul","Perfected Strike"],"picked":"SKIP","floor":13},{"not_picked":["Pummel+1","Twin Strike+1","Pommel Strike+1"],"picked":"SKIP","floor":14},{"not_picked":["Sentinel+1","Burning Pact","Dual Wield+1"],"picked":"SKIP","floor":18},{"not_picked":["Whirlwind+1","True Grit","Thunderclap+1"],"picked":"SKIP","floor":19},{"not_picked":["True Grit","Shockwave","Havoc"],"picked":"SKIP","floor":21}],"player_experience":547932,"relics_obtained":[{"floor":7,"key":"Oddly Smooth Stone"},{"floor":9,"key":"Orichalcum"},{"floor":13,"key":"Molten Egg 2"}],"event_choices":[{"cards_removed":["Strike_R"],"damage_healed":0,"gold_gain":0,"player_choice":"Card Removal","damage_taken":7,"max_hp_gain":0,"max_hp_loss":0,"event_name":"Golden Wing","floor":3,"gold_loss":0},{"cards_removed":["Defend_R"],"damage_healed":0,"gold_gain":0,"player_choice":"Forget","damage_taken":0,"max_hp_gain":0,"max_hp_loss":0,"event_name":"Living Wall","floor":4,"gold_loss":0},{"damage_healed":0,"gold_gain":0,"player_choice":"Upgraded","damage_taken":0,"max_hp_gain":0,"max_hp_loss":0,"event_name":"Upgrade Shrine","floor":11,"gold_loss":0,"cards_upgraded":["Shrug It Off"]},{"damage_healed":0,"gold_gain":0,"player_choice":"Fought Bandits","damage_taken":0,"max_hp_gain":0,"max_hp_loss":0,"event_name":"Masked Bandits","floor":22,"gold_loss":0}],"is_beta":false,"boss_relics":[{"not_picked":["Runic Cube","Black Star"],"picked":"Sozu"}],"items_purged_floors":[2,20],"is_endless":false,"potions_floor_spawned":[1,8,14,16,21],"killed_by":"Masked Bandits","ascension_level":0}