{"gold_per_floor":[117,42,42,117,17,38,82,96,121,164,177,177,177,201,201,201],"floor_reached":16,"playtime":402,"items_purged":["Strike_R","Defend_R"],"score":142,"play_id":"a2193ffb-6fb8-4f04-8397-8c8b4e113bb2","local_time":"20190417022030","is_ascension_mode":true,"campfire_choices":[{"data":"Bash","floor":12,"key":"SMITH"},{"data":"Clash","floor":15,"key":"SMITH"}],"neow_cost":"NONE","seed_source_timestamp":62446501033945,"circlet_count":0,"master_deck":["Strike_R","Strike_R","Strike_R","Strike_R","Defend_R","Defend_R","Defend_R","Bash+1","Clash+1"],"relics":["Burning Blood","NeowsBlessing","Golden Idol","Bronze Scales","Pen Nib","Ornamental Fan","Centennial Puzzle"],"potions_floor_usage":[10,16],"damage_taken":[{"damage":0,"enemies":"Cultist","floor":1,"turns":1},{"damage":0,"enemies":"Small Slimes","floor":6,"turns":1},{"damage":0,"enemies":"3 Sentries","floor":7,"turns":2},{"damage":6,"enemies":"Jaw Worm","floor":8,"turns":2},{"damage":23,"enemies":"Gremlin Nob","floor":10,"turns":4},{"damage":7,"enemies":"2 Fungi Beasts","floor":11,"turns":2},{"damage":8,"enemies":"Lots of Slimes","floor":14,"turns":4},{"damage":56,"enemies":"The Guardian","floor":16,"turns":13}],"seed_played":"3308594223516134305","potions_obtained":[{"floor":1,"key":"Weak Potion"},{"floor":10,"key":"SmokeBomb"},{"floor":14,"key":"Regen Potion"}],"is_trial":false,"path_per_floor":["M","$","?","?","$","M","E","M","T","E","M","R","?","M","R","B"],"character_chosen":"IRONCLAD","items_purchased":[],"campfire_rested":0,"item_purchase_floors":[],"current_hp_per_floor":[80,80,60,49,49,55,61,61,61,44,43,43,43,41,41,0],"gold":201,"neow_bonus":"THREE_ENEMY_KILL","is_prod":false,"is_daily":false,"chose_seed":false,"campfire_upgraded":2,"win_rate":0,"timestamp":1555492830,"path_taken":["M","$","?","?","?","M","E","M","T","E","M","R","?","M","R","BOSS"],"build_version":"2019-01-23","purchased_purges":2,"victory":false,"max_hp_per_floor":[80,80,80,80,80,80,80,80,80,80,80,80,80,80,80,80],"card_choices":[{"not_picked":["Uppercut","Evolve","Infernal Blade"],"picked":"SKIP","floor":1},{"not_picked":["Pummel","Thunderclap"],"picked":"Clash","floor":6},{"not_picked":["Uppercut","Body Slam","Wild Strike"],"picked":"SKIP","floor":7},{"not_picked":["Iron Wave","Flex","Flame Barrier"],"picked":"SKIP","floor":8},{"not_picked":["Burning Pact","True Grit"],"picked":"Offering","floor":10},{"not_picked":["Heavy Blade","Battle Trance","Sentinel"],"picked":"SKIP","floor":11},{"not_picked":["Whirlwind","Armaments","Warcry"],"picked":"SKIP","floor":14}],"player_experience":558712,"relics_obtained":[{"floor":7,"key":"Bronze Scales"},{"floor":9,"key":"Pen Nib"},{"floor":10,"key":"Ornamental Fan"}],"event_choices":[{"damage_healed":0,"gold_gain":0,"player_choice":"Take Damage","damage_taken":20,"relics_obtained":["Golden Idol"],"max_hp_gain":0,"max_hp_loss":0,"event_name":"Golden Idol","floor":3,"gold_loss":0},{"damage_healed":0,"gold_gain":75,"player_choice":"Gather Gold","damage_taken":11,"max_hp_gain":0,"max_hp_loss":0,"event_name":"World of Goop","floor":4,"gold_loss":0},{"cards_removed":["Offering"],"damage_healed":0,"gold_gain":0,"player_choice":"Gave Card","damage_taken":0,"relics_obtained":["Centennial Puzzle"],"max_hp_gain":0,"max_hp_loss":0,"event_name":"WeMeetAgain","floor":13,"gold_loss":0}],"is_beta":false,"boss_relics":[],"items_purged_floors":[2,5],"is_endless":false,"potions_floor_spawned":[1,10,14],"killed_by":"The Guardian","ascension_level":1}