{"gold_per_floor":[113,128,128,128,70,114,114,138,164,164,203,238,257,290,290,384,384,398,398,209,230,280,280,311,311,362,362,487,487,487],"floor_reached":30,"playtime":1035,"items_purged":[],"score":623,"play_id":"825ef9d5-64b1-4f9e-a7bc-fe49591a3ec8","local_time":"20190402214642","is_ascension_mode":true,"campfire_choices":[{"data":"Hyperbeam","floor":7,"key":"SMITH"},{"data":"Zap","floor":10,"key":"SMITH"},{"data":"Defragment","floor":15,"key":"SMITH"},{"data":"Apotheosis","floor":23,"key":"SMITH"},{"data":"Reinforced Body","floor":25,"key":"SMITH"},{"data":"Storm","floor":27,"key":"SMITH"}],"neow_cost":"NONE","seed_source_timestamp":84453512375070,"circlet_count":0,"master_deck":["AscendersBane","Strike_B+1","Strike_B+1","Strike_B+1","Strike_B+1","Defend_B+1","Defend_B+1","Defend_B+1","Defend_B+1","Zap+1","Dualcast","Self Repair","Go for the Eyes","Conserve Battery","Hyperbeam+1","Auto Shields","Cold Snap","Defragment+1","Reinforced Body+1","Electrodynamics","Storm+1","RitualDagger","Apotheosis+1","Machine Learning","Injury"],"relics":["Cracked Core","NeowsBlessing","Golden Idol","Juzu Bracelet","Pocketwatch","Bronze Scales","Centennial Puzzle","Odd Mushroom","Dream Catcher","Cursed Key","Ice Cream","Strawberry","FossilizedHelix","Dodecahedron"],"potions_floor_usage":[11,16,24],"damage_taken":[{"damage":0,"enemies":"Cultist","floor":1,"turns":1},{"damage":0,"enemies":"Jaw Worm","floor":2,"turns":1},{"damage":0,"enemies":"3 Sentries","floor":6,"turns":1},{"damage":2,"enemies":"Small Slimes","floor":8,"turns":3},{"damage":0,"enemies":"Gremlin Nob","floor":11,"turns":4},{"damage":5,"enemies":"The Mushroom Lair","floor":12,"turns":2},{"damage":6,"enemies":"Exordium Wildlife","floor":13,"turns":2},{"damage":0,"enemies":"3 Sentries","floor":14,"turns":3},{"damage":17,"enemies":"The Guardian","floor":16,"turns":12},{"damage":18,"enemies":"Shell Parasite","floor":18,"turns":5},{"damage":0,"enemies":"3 Byrds","floor":21,"turns":2},{"damage":27,"enemies":"Book of Stabbing","floor":24,"turns":5},{"damage":25,"enemies":"Colosseum Slavers","floor":28,"turns":2},{"damage":0,"enemies":"Colosseum Nobs","floor":28,"turns":3},{"damage":21,"enemies":"Slavers","floor":30,"turns":1}],"seed_played":"-8092727101937530474","potions_obtained":[{"floor":1,"key":"EssenceOfSteel"},{"floor":2,"key":"Dexterity Potion"},{"floor":13,"key":"Energy Potion"},{"floor":21,"key":"Poison Potion"},{"floor":24,"key":"Poison Potion"}],"is_trial":false,"path_per_floor":["M","M","?","?","$","E","R","M","T","R","E","?","M","E","R","B",null,"M","?","$","M","?","R","E","R","T","R","?","?","E"],"character_chosen":"DEFECT","items_purchased":["Conserve Battery","Apotheosis"],"campfire_rested":0,"item_purchase_floors":[5,20],"current_hp_per_floor":[64,64,40,29,29,29,29,34,34,34,41,43,44,44,44,34,62,51,45,45,55,55,55,38,38,45,45,20,20,0],"gold":487,"neow_bonus":"THREE_ENEMY_KILL","is_prod":false,"is_daily":false,"chose_seed":false,"campfire_upgraded":6,"win_rate":0,"timestamp":1554209202,"path_taken":["M","?","?","?","?","E","R","M","T","R","E","?","M","E","R","BOSS","M","?","$","M","?","R","E","R","T","R","?","?","E"],"build_version":"2019-01-23","purchased_purges":0,"victory":false,"max_hp_per_floor":[71,71,71,71,71,71,71,71,71,71,71,71,71,71,71,71,71,71,71,71,71,71,71,71,71,78,78,78,78,78],"card_choices":[{"not_picked":["Streamline","Force Field"],"picked":"Self Repair","floor":1},{"not_picked":["Hologram","Rebound"],"picked":"Go for the Eyes","floor":2},{"not_picked":["Double Energy","Compile Driver"],"picked":"Hyperbeam","floor":6},{"not_picked":["Skim","Gash"],"picked":"Auto Shields","floor":8},{"not_picked":["Lockon","Reboot"],"picked":"Cold Snap","floor":11},{"not_picked":["Doom and Gloom","Sunder"],"picked":"Defragment","floor":12},{"not_picked":["Chaos","Consume"],"picked":"Reinforced Body","floor":13},{"not_picked":["Sweeping Beam","Beam Cell","Double Energy"],"picked":"SKIP","floor":14},{"not_picked":["Fission","Amplify"],"picked":"Electrodynamics","floor":16},{"not_picked":["Conserve Battery","Streamline"],"picked":"Storm","floor":18},{"not_picked":["Sunder","Sweeping Beam","Hello World"],"picked":"SKIP","floor":21},{"not_picked":["Steam","Doom and Gloom"],"picked":"Machine Learning","floor":24}],"player_experience":445125,"relics_obtained":[{"floor":6,"key":"Pocketwatch"},{"floor":9,"key":"Bronze Scales"},{"floor":11,"key":"Centennial Puzzle"},{"floor":12,"key":"Odd Mushroom"},{"floor":14,"key":"Dream Catcher"},{"floor":24,"key":"Ice Cream"},{"floor":26,"key":"Strawberry"},{"floor":28,"key":"FossilizedHelix"},{"floor":28,"key":"Dodecahedron"}],"event_choices":[{"damage_healed":0,"gold_gain":0,"player_choice":"Take Damage","damage_taken":24,"relics_obtained":["Golden Idol"],"max_hp_gain":0,"max_hp_loss":0,"event_name":"Golden Idol","floor":3,"gold_loss":0},{"damage_healed":0,"gold_gain":0,"player_choice":"Success","damage_taken":11,"relics_obtained":["Juzu Bracelet"],"max_hp_gain":0,"max_hp_loss":0,"event_name":"Scrap Ooze","floor":4,"gold_loss":0},{"damage_healed":0,"gold_gain":0,"player_choice":"Fought Mushrooms","damage_taken":0,"max_hp_gain":0,"max_hp_loss":0,"event_name":"Mushrooms","floor":12,"gold_loss":0},{"damage_healed":0,"gold_gain":0,"player_choice":"Joined the Cult","damage_taken":6,"max_hp_gain":0,"max_hp_loss":0,"event_name":"Nest","floor":19,"gold_loss":0,"cards_obtained":["RitualDagger"]},{"damage_healed":0,"gold_gain":50,"player_choice":"Pray","damage_taken":0,"max_hp_gain":0,"max_hp_loss":0,"event_name":"Golden Shrine","floor":22,"gold_loss":0},{"damage_healed":0,"gold_gain":0,"player_choice":"Fight","damage_taken":0,"max_hp_gain":0,"max_hp_loss":0,"event_name":"Colosseum","floor":28,"gold_loss":0},{"damage_healed":0,"gold_gain":0,"player_choice":"Fought Nobs","damage_taken":0,"max_hp_gain":0,"max_hp_loss":0,"event_name":"Colosseum","floor":28,"gold_loss":0},{"damage_healed":0,"gold_gain":0,"player_choice":"Simplicity","damage_taken":0,"max_hp_gain":0,"max_hp_loss":0,"event_name":"Back to Basics","floor":29,"gold_loss":0,"cards_upgraded":["Strike_B","Strike_B","Strike_B","Strike_B","Defend_B","Defend_B","Defend_B","Defend_B"]}],"is_beta":false,"boss_relics":[{"not_picked":["Runic Dome","Lizard Tail"],"picked":"Cursed Key"}],"items_purged_floors":[],"is_endless":false,"potions_floor_spawned":[1,2,8,13,21,24,28],"killed_by":"Slavers","ascension_level":17}