{"gold_per_floor":[116,216,233,249,267,294,294,307,332,332,393,147,147,162,162,238,238,256,356,356,373,242,275,275,307,334,259,278,278,278,295,295,372,372,402,122,137,156,0,0,29,29,56,71,71,71,104,19,19,19,19,19,19,19],"floor_reached":54,"playtime":2515,"items_purged":["Regret"],"score":1353,"play_id":"787a33b9-3d0b-4cd8-9004-abbf0f689af4","local_time":"20190403172400","is_ascension_mode":true,"campfire_choices":[{"data":"Zap","floor":7,"key":"SMITH"},{"data":"Defragment","floor":13,"key":"SMITH"},{"data":"Self Repair","floor":15,"key":"SMITH"},{"floor":24,"key":"REST"},{"floor":29,"key":"REST"},{"data":"Defragment","floor":32,"key":"SMITH"},{"floor":40,"key":"REST"},{"floor":42,"key":"RECALL"},{"floor":46,"key":"REST"},{"floor":49,"key":"REST"},{"data":"Defragment","floor":52,"key":"SMITH"}],"neow_cost":"NONE","seed_source_timestamp":98595971298044,"circlet_count":0,"master_deck":["AscendersBane","Strike_B","Defend_B+1","Defend_B","Defend_B","Defend_B","Zap+1","Self Repair+1","Capacitor","Force Field","Electrodynamics","Leap","Sweeping Beam","Defragment+1","Capacitor","Storm","Seek","Hologram+1","Compile Driver","Force Field+1","Barrage","Defragment+1","Electrodynamics","Storm","Seek","Writhe","Normality","Coolheaded","Capacitor","Thunder Strike","Reinforced Body","Ball Lightning","Defragment+1"],"relics":["Cracked Core","NeowsBlessing","Bottled Tornado","Regal Pillow","Tiny Chest","Oddly Smooth Stone","Busted Crown","Incense Burner","Ornamental Fan","Lantern","Symbiotic Virus","Anchor","Calling Bell","MawBank","Matryoshka","Dead Branch","PreservedInsect","Art of War","Happy Flower","War Paint"],"potions_floor_usage":[8,11,16,23,23,25,33,38,38,50],"damage_taken":[{"damage":0,"enemies":"Cultist","floor":1,"turns":1},{"damage":0,"enemies":"Jaw Worm","floor":3,"turns":1},{"damage":0,"enemies":"2 Louse","floor":4,"turns":1},{"damage":9,"enemies":"Looter","floor":5,"turns":4},{"damage":30,"enemies":"Lagavulin","floor":6,"turns":11},{"damage":7,"enemies":"2 Fungi Beasts","floor":8,"turns":3},{"damage":14,"enemies":"Gremlin Nob","floor":11,"turns":4},{"damage":3,"enemies":"Blue Slaver","floor":14,"turns":5},{"damage":28,"enemies":"The Guardian","floor":16,"turns":9},{"damage":9,"enemies":"2 Thieves","floor":18,"turns":2},{"damage":27,"enemies":"Colosseum Slavers","floor":19,"turns":4},{"damage":27,"enemies":"Colosseum Nobs","floor":19,"turns":4},{"damage":7,"enemies":"Shell Parasite","floor":21,"turns":7},{"damage":12,"enemies":"Gremlin Leader","floor":23,"turns":5},{"damage":51,"enemies":"Slavers","floor":25,"turns":4},{"damage":1,"enemies":"Snake Plant","floor":28,"turns":3},{"damage":30,"enemies":"Shelled Parasite and Fungi","floor":31,"turns":4},{"damage":6,"enemies":"Automaton","floor":33,"turns":6},{"damage":7,"enemies":"3 Darklings","floor":35,"turns":3},{"damage":6,"enemies":"Orb Walker","floor":37,"turns":3},{"damage":47,"enemies":"3 Darklings","floor":38,"turns":4},{"damage":20,"enemies":"Reptomancer","floor":41,"turns":4},{"damage":30,"enemies":"4 Shapes","floor":44,"turns":5},{"damage":35,"enemies":"Nemesis","floor":47,"turns":5},{"damage":47,"enemies":"Time Eater","floor":50,"turns":11},{"damage":77,"enemies":"Shield and Spear","floor":54,"turns":4}],"seed_played":"3701021255278767694","potions_obtained":[{"floor":6,"key":"Energy Potion"},{"floor":8,"key":"PowerPotion"},{"floor":11,"key":"Block Potion"},{"floor":14,"key":"FearPotion"},{"floor":21,"key":"Poison Potion"},{"floor":23,"key":"Weak Potion"},{"floor":25,"key":"Explosive Potion"},{"floor":28,"key":"FearPotion"},{"floor":31,"key":"SkillPotion"},{"floor":33,"key":"EssenceOfSteel"},{"floor":38,"key":"Dexterity Potion"}],"is_trial":false,"path_per_floor":["M","?","M","M","M","E","R","M","T","?","E","$","R","M","R","B",null,"M","?","?","M","$","E","R","E","T","?","M","R","?","M","R","B",null,"M","$","M","M","$","R","E","R","T","M","?","R","E","$","R","B",null,"R","$","E"],"character_chosen":"DEFECT","items_purchased":["Oddly Smooth Stone","Capacitor","Defragment","Poison Potion","PreservedInsect","Coolheaded","Thunder Strike","Defragment"],"campfire_rested":5,"item_purchase_floors":[12,12,22,22,36,36,39,48],"current_hp_per_floor":[64,64,64,71,69,46,46,46,46,46,39,39,39,43,43,25,60,61,17,17,20,20,18,54,13,13,13,22,58,58,38,38,42,64,57,57,61,24,24,60,50,50,50,30,30,66,41,41,71,34,62,62,62,0],"gold":19,"neow_bonus":"THREE_ENEMY_KILL","is_prod":false,"is_daily":false,"chose_seed":false,"campfire_upgraded":5,"win_rate":0,"timestamp":1554279840,"path_taken":["M","?","?","M","M","E","R","M","T","?","E","$","R","?","R","BOSS","M","?","?","M","$","E","R","E","T","?","M","R","?","M","R","BOSS","M","$","M","M","$","R","E","R","T","M","?","R","E","$","R","BOSS","R","$","E"],"build_version":"2019-01-23","purchased_purges":1,"victory":false,"max_hp_per_floor":[71,71,71,71,71,71,71,71,71,71,71,71,71,71,71,71,71,71,71,71,71,71,71,71,71,71,71,71,71,71,71,71,71,71,71,71,71,71,71,71,71,71,71,71,71,71,71,71,71,71,71,71,71,71],"card_choices":[{"not_picked":["Stack","Beam Cell"],"picked":"Self Repair","floor":1},{"not_picked":["Double Energy","Steam"],"picked":"Capacitor","floor":3},{"not_picked":["Reprogram","Barrage"],"picked":"Force Field","floor":4},{"not_picked":["Leap","Barrage","Fusion"],"picked":"SKIP","floor":5},{"not_picked":["Melter","Leap"],"picked":"Electrodynamics","floor":6},{"not_picked":["Recycle","Static Discharge"],"picked":"Leap","floor":8},{"not_picked":["Stack","Redo"],"picked":"Defragment","floor":11},{"not_picked":["BootSequence","Redo"],"picked":"Storm","floor":14},{"not_picked":["All For One","Amplify"],"picked":"Seek","floor":16},{"not_picked":["Redo"],"picked":"SKIP","floor":18},{"not_picked":[],"picked":"Hologram+1","floor":19},{"not_picked":[],"picked":"Barrage","floor":21},{"not_picked":[],"picked":"Electrodynamics","floor":23},{"not_picked":[],"picked":"Storm","floor":25},{"not_picked":["Rip and Tear"],"picked":"SKIP","floor":28},{"not_picked":["Double Energy"],"picked":"SKIP","floor":31},{"not_picked":[],"picked":"Seek","floor":33},{"not_picked":["Ball Lightning"],"picked":"SKIP","floor":35},{"not_picked":["Melter"],"picked":"SKIP","floor":37},{"not_picked":[],"picked":"Capacitor","floor":38},{"not_picked":[],"picked":"Reinforced Body","floor":41},{"not_picked":[],"picked":"Ball Lightning","floor":44},{"not_picked":["Ball Lightning"],"picked":"SKIP","floor":47}],"player_experience":455120,"relics_obtained":[{"floor":6,"key":"Bottled Tornado"},{"floor":9,"key":"Regal Pillow"},{"floor":11,"key":"Tiny Chest"},{"floor":19,"key":"Incense Burner"},{"floor":19,"key":"Ornamental Fan"},{"floor":23,"key":"Lantern"},{"floor":25,"key":"Symbiotic Virus"},{"floor":26,"key":"Anchor"},{"floor":34,"key":"MawBank"},{"floor":34,"key":"Matryoshka"},{"floor":34,"key":"Dead Branch"},{"floor":41,"key":"Art of War"},{"floor":43,"key":"Happy Flower"},{"floor":47,"key":"War Paint"}],"event_choices":[{"damage_healed":0,"gold_gain":100,"player_choice":"Gold","damage_taken":0,"max_hp_gain":0,"max_hp_loss":0,"event_name":"Wheel of Change","floor":2,"gold_loss":0},{"damage_healed":0,"gold_gain":0,"cards_transformed":["Dualcast"],"player_choice":"Transformed","damage_taken":0,"max_hp_gain":0,"max_hp_loss":0,"event_name":"Transmorgrifier","floor":10,"gold_loss":0,"cards_obtained":["Sweeping Beam"]},{"damage_healed":0,"gold_gain":0,"player_choice":"Fight","damage_taken":0,"max_hp_gain":0,"max_hp_loss":0,"event_name":"Colosseum","floor":19,"gold_loss":0},{"damage_healed":0,"gold_gain":0,"player_choice":"Fought Nobs","damage_taken":0,"max_hp_gain":0,"max_hp_loss":0,"event_name":"Colosseum","floor":19,"gold_loss":0},{"damage_healed":0,"gold_gain":0,"cards_transformed":["Strike_B","Strike_B"],"player_choice":"Became Test Subject","damage_taken":0,"max_hp_gain":0,"max_hp_loss":0,"event_name":"Drug Dealer","floor":20,"gold_loss":0,"cards_obtained":["Compile Driver","Force Field"]},{"cards_removed":["Strike_B"],"damage_healed":0,"gold_gain":0,"player_choice":"Gave Gold","damage_taken":0,"max_hp_gain":0,"max_hp_loss":0,"event_name":"Beggar","floor":27,"gold_loss":75},{"damage_healed":0,"gold_gain":0,"player_choice":"Ignored","damage_taken":0,"max_hp_gain":0,"max_hp_loss":0,"event_name":"The Mausoleum","floor":30,"gold_loss":0},{"damage_healed":0,"gold_gain":0,"player_choice":"Ignored","damage_taken":0,"max_hp_gain":0,"max_hp_loss":0,"event_name":"The Moai Head","floor":45,"gold_loss":0}],"is_beta":false,"boss_relics":[{"not_picked":["Fusion Hammer","Runic Pyramid"],"picked":"Busted Crown"},{"not_picked":["Velvet Choker","Coffee Dripper"],"picked":"Calling Bell"}],"items_purged_floors":[36],"is_endless":false,"potions_floor_spawned":[6,8,11,14,21,23,25,28,31,33,35,37,38],"killed_by":"Shield and Spear","ascension_level":17}