{"gold_per_floor":[109,128,147,422,440,440,472,101,153,163,163,163],"floor_reached":12,"playtime":464,"items_purged":["Strike_G"],"score":92,"play_id":"6587315e-5c4d-4756-bef8-c848d241e98c","local_time":"20190416025703","is_ascension_mode":true,"campfire_choices":[{"floor":6,"key":"REST"}],"neow_cost":"NONE","seed_source_timestamp":347404117168000,"circlet_count":0,"master_deck":["Defend_G","Defend_G","Defend_G","Defend_G","Defend_G","Strike_G","Strike_G","Strike_G","Strike_G","Survivor","Neutralize","Flying Knee","Sucker Punch","Underhanded Strike","Footwork","Regret","Dash","Masterful Stab","Acrobatics+1","Deadly Poison"],"relics":["Ring of the Snake","Ninja Scroll","Molten Egg 2","Bag of Preparation"],"potions_floor_usage":[7],"damage_taken":[{"damage":8,"enemies":"Small Slimes","floor":1,"turns":3},{"damage":0,"enemies":"Cultist","floor":2,"turns":4},{"damage":1,"enemies":"Jaw Worm","floor":3,"turns":4},{"damage":44,"enemies":"Gremlin Gang","floor":5,"turns":7},{"damage":24,"enemies":"Gremlin Nob","floor":7,"turns":4},{"damage":2,"enemies":"Red Slaver","floor":10,"turns":3},{"damage":12,"enemies":"Exordium Wildlife","floor":12,"turns":1}],"seed_played":"3680667829578865659","potions_obtained":[{"floor":5,"key":"SkillPotion"},{"floor":7,"key":"GamblersBrew"},{"floor":10,"key":"Fire Potion"}],"is_trial":false,"path_per_floor":["M","M","M","?","M","R","E","$","T","M","?","M"],"character_chosen":"THE_SILENT","items_purchased":["Molten Egg 2","Acrobatics"],"campfire_rested":1,"item_purchase_floors":[8,8],"current_hp_per_floor":[62,62,61,61,17,38,14,14,14,12,12,0],"gold":163,"neow_bonus":"THREE_CARDS","is_prod":false,"is_daily":false,"chose_seed":false,"campfire_upgraded":0,"win_rate":0,"timestamp":1555408623,"path_taken":["M","M","M","?","?","R","E","$","T","M","?","?"],"build_version":"2019-01-23","purchased_purges":1,"victory":false,"max_hp_per_floor":[70,70,70,70,70,70,70,70,70,70,70,70],"card_choices":[{"not_picked":["Underhanded Strike","Dagger Throw"],"picked":"Flying Knee","floor":0},{"not_picked":["Underhanded Strike","Prepared"],"picked":"Sucker Punch","floor":1},{"not_picked":["Dagger Throw","Calculated Gamble"],"picked":"Underhanded Strike","floor":2},{"not_picked":["Quick Slash","Sucker Punch"],"picked":"Footwork","floor":3},{"not_picked":["Terror","Prepared"],"picked":"Dash","floor":5},{"not_picked":["Dagger Throw","Prepared"],"picked":"Masterful Stab","floor":7},{"not_picked":["Flying Knee+1","Dagger Spray+1"],"picked":"Deadly Poison","floor":10}],"player_experience":125831,"relics_obtained":[{"floor":7,"key":"Ninja Scroll"},{"floor":9,"key":"Bag of Preparation"}],"event_choices":[{"damage_healed":0,"gold_gain":275,"player_choice":"Desecrate","damage_taken":0,"max_hp_gain":0,"max_hp_loss":0,"event_name":"Golden Shrine","floor":4,"gold_loss":0,"cards_obtained":["Regret"]},{"damage_healed":0,"gold_gain":0,"player_choice":"Upgraded","damage_taken":0,"max_hp_gain":0,"max_hp_loss":0,"event_name":"Upgrade Shrine","floor":11,"gold_loss":0,"cards_upgraded":["Acrobatics"]}],"is_beta":false,"boss_relics":[],"items_purged_floors":[8],"is_endless":false,"potions_floor_spawned":[5,7,10],"killed_by":"Exordium Wildlife","ascension_level":3}