{"gold_per_floor":[118,193,193,193,193,229,244,244,325,345,345],"floor_reached":11,"playtime":180,"items_purged":[],"score":182,"play_id":"6a3b7a55-8870-4b5b-a82e-21992629de06","local_time":"20190404163753","is_ascension_mode":true,"campfire_choices":[{"floor":8,"key":"REST"}],"neow_cost":"NONE","seed_source_timestamp":123308050263832,"circlet_count":0,"master_deck":["AscendersBane","Strike_B","Strike_B","Strike_B","Strike_B","Defend_B","Defend_B","Defend_B","Defend_B","Zap","Go for the Eyes","Defragment","Darkness"],"relics":["Cracked Core","NeowsBlessing","Golden Idol","Du-Vu Doll","Smiling Mask","Matryoshka"],"potions_floor_usage":[10,11],"damage_taken":[{"damage":0,"enemies":"Jaw Worm","floor":1,"turns":1},{"damage":0,"enemies":"Lagavulin","floor":6,"turns":1},{"damage":0,"enemies":"Small Slimes","floor":7,"turns":1},{"damage":4,"enemies":"2 Louse","floor":10,"turns":4},{"damage":40,"enemies":"3 Sentries","floor":11,"turns":5}],"seed_played":"-5025701173992465594","potions_obtained":[{"floor":6,"key":"Strength Potion"},{"floor":10,"key":"Fruit Juice"}],"is_trial":false,"path_per_floor":["M","?","?","?","?","E","M","R","T","M","E"],"character_chosen":"DEFECT","items_purchased":[],"campfire_rested":1,"item_purchase_floors":[],"current_hp_per_floor":[64,53,53,29,18,18,18,39,39,40,0],"gold":345,"neow_bonus":"THREE_ENEMY_KILL","is_prod":false,"is_daily":false,"chose_seed":false,"campfire_upgraded":0,"win_rate":0,"timestamp":1554363473,"path_taken":["M","?","?","?","?","E","M","R","T","M","E"],"build_version":"2019-01-23","purchased_purges":0,"victory":false,"max_hp_per_floor":[71,71,71,71,71,71,71,71,71,76,76],"card_choices":[{"not_picked":["Redo","Turbo"],"picked":"Go for the Eyes","floor":1},{"not_picked":["Self Repair","Turbo"],"picked":"Defragment","floor":6},{"not_picked":["Turbo","Rip and Tear","Beam Cell"],"picked":"SKIP","floor":7},{"not_picked":["Streamline","Redo"],"picked":"Darkness","floor":10}],"player_experience":471525,"relics_obtained":[{"floor":6,"key":"Smiling Mask"},{"floor":9,"key":"Matryoshka"}],"event_choices":[{"damage_healed":0,"gold_gain":75,"player_choice":"Gather Gold","damage_taken":11,"max_hp_gain":0,"max_hp_loss":0,"event_name":"World of Goop","floor":2,"gold_loss":0},{"cards_removed":["Dualcast"],"damage_healed":0,"gold_gain":0,"player_choice":"Forget","damage_taken":0,"max_hp_gain":0,"max_hp_loss":0,"event_name":"Living Wall","floor":3,"gold_loss":0},{"damage_healed":0,"gold_gain":0,"player_choice":"Take Damage","damage_taken":24,"relics_obtained":["Golden Idol"],"max_hp_gain":0,"max_hp_loss":0,"event_name":"Golden Idol","floor":4,"gold_loss":0},{"damage_healed":0,"gold_gain":0,"player_choice":"Success","damage_taken":11,"relics_obtained":["Du-Vu Doll"],"max_hp_gain":0,"max_hp_loss":0,"event_name":"Scrap Ooze","floor":5,"gold_loss":0}],"is_beta":false,"boss_relics":[],"items_purged_floors":[],"is_endless":false,"potions_floor_spawned":[6,10],"killed_by":"3 Sentries","ascension_level":18}