{"gold_per_floor":[109,123,44,44,58,89,89,124,151,181,181,196,213,93,93,196,196,214,214,27,27,38,70,70,96,96,129,144,164,164,176,176,278,278,298,313,0,11,11,11,26,26,26,26,61,73,88,114,114,114,114,114,32,61,61],"floor_reached":56,"playtime":7485,"items_purged":[],"score":1418,"play_id":"fca6b133-cd2b-486a-98ba-f6ed9bee80e6","local_time":"20190410210813","is_ascension_mode":true,"campfire_choices":[{"data":"Chill","floor":7,"key":"SMITH"},{"data":"Zap","floor":11,"key":"SMITH"},{"data":"Darkness","floor":15,"key":"SMITH"},{"data":"Creative AI","floor":24,"key":"SMITH"},{"floor":32,"key":"RECALL"},{"data":"Seek","floor":40,"key":"SMITH"},{"data":"Amplify","floor":42,"key":"SMITH"},{"data":"Leap","floor":44,"key":"SMITH"},{"data":"Streamline","floor":49,"key":"SMITH"},{"data":"Beam Cell","floor":52,"key":"SMITH"}],"neow_cost":"NONE","seed_source_timestamp":313334132617,"circlet_count":0,"master_deck":["Strike_B+1","Strike_B+1","Strike_B+1","Defend_B+1","Defend_B+1","Defend_B+1","Defend_B+1","Zap+1","Dualcast","Chill+1","Genetic Algorithm","Defragment+1","Leap+1","Glacier","Hologram","Darkness+1","Seek+1","Amplify+1","Defragment+1","Master of Strategy+1","Cold Snap","Creative AI+1","Recycle+1","Double Energy+1","Cold Snap+1","Beam Cell+1","Ball Lightning+1","Streamline+1","Loop","Capacitor"],"relics":["Cracked Core","Oddly Smooth Stone","Dream Catcher","Strawberry","Bronze Scales","Pantograph","Runic Pyramid","Toxic Egg 2","Art of War","Potion Belt","Kunai","Thread and Needle","MutagenicStrength","Velvet Choker","Red Mask","Orichalcum","Ginger","Bag of Marbles"],"potions_floor_usage":[8,8,16,54,55,55,55,55,55],"damage_taken":[{"damage":1,"enemies":"Jaw Worm","floor":1,"turns":3},{"damage":6,"enemies":"Cultist","floor":2,"turns":4},{"damage":0,"enemies":"Small Slimes","floor":5,"turns":3},{"damage":16,"enemies":"3 Sentries","floor":6,"turns":8},{"damage":0,"enemies":"Gremlin Nob","floor":8,"turns":4},{"damage":1,"enemies":"3 Sentries","floor":10,"turns":14},{"damage":0,"enemies":"2 Fungi Beasts","floor":12,"turns":3},{"damage":8,"enemies":"3 Louse","floor":13,"turns":2},{"damage":13,"enemies":"Slime Boss","floor":16,"turns":8},{"damage":5,"enemies":"3 Byrds","floor":18,"turns":4},{"damage":0,"enemies":"2 Thieves","floor":22,"turns":3},{"damage":0,"enemies":"Book of Stabbing","floor":23,"turns":5},{"damage":0,"enemies":"Gremlin Leader","floor":25,"turns":5},{"damage":0,"enemies":"Book of Stabbing","floor":27,"turns":5},{"damage":0,"enemies":"Cultist and Chosen","floor":28,"turns":6},{"damage":0,"enemies":"Centurion and Healer","floor":29,"turns":5},{"damage":0,"enemies":"Snake Plant","floor":31,"turns":4},{"damage":10,"enemies":"Collector","floor":33,"turns":14},{"damage":0,"enemies":"3 Shapes","floor":35,"turns":6},{"damage":0,"enemies":"Orb Walker","floor":36,"turns":4},{"damage":0,"enemies":"Jaw Worm Horde","floor":38,"turns":7},{"damage":0,"enemies":"Maw","floor":41,"turns":8},{"damage":0,"enemies":"Nemesis","floor":45,"turns":7},{"damage":0,"enemies":"Writhing Mass","floor":46,"turns":7},{"damage":0,"enemies":"3 Darklings","floor":47,"turns":6},{"damage":0,"enemies":"Reptomancer","floor":48,"turns":6},{"damage":9,"enemies":"Donu and Deca","floor":50,"turns":11},{"damage":41,"enemies":"Shield and Spear","floor":54,"turns":9},{"damage":36,"enemies":"The Heart","floor":55,"turns":12}],"seed_played":"8416187468583142761","potions_obtained":[{"floor":2,"key":"Ancient Potion"},{"floor":5,"key":"FocusPotion"},{"floor":6,"key":"SkillPotion"},{"floor":13,"key":"FocusPotion"},{"floor":23,"key":"PowerPotion"},{"floor":29,"key":"LiquidBronze"},{"floor":41,"key":"Swift Potion"},{"floor":46,"key":"Fire Potion"},{"floor":54,"key":"SkillPotion"}],"is_trial":false,"path_per_floor":["?","?","T","?","?","?","?"],"character_chosen":"DEFECT","items_purchased":["Defragment","Master of Strategy+1","Loop"],"campfire_rested":0,"item_purchase_floors":[3,20,53],"current_hp_per_floor":[81,75,75,75,75,59,59,59,66,65,65,65,57,57,57,69,89,84,84,84,84,84,84,84,84,84,84,84,84,84,84,84,79,89,89,89,89,89,89,89,89,89,89,89,89,89,89,89,89,80,89,89,89,48,37],"gold":61,"neow_bonus":"TEN_PERCENT_HP_BONUS","is_prod":false,"is_daily":false,"chose_seed":false,"campfire_upgraded":9,"win_rate":0,"timestamp":1554923293,"path_taken":["M","M","$","?","M","E","R","E","T","E","R","M","M","?","R","BOSS","M","?","$","?","M","E","R","E","T","E","M","M","?","M","R","BOSS","M","M","?","M","?","R","M","R","T","R","E","M","M","E","R","BOSS","R","$","E","BOSS"],"build_version":"2019-01-23","purchased_purges":0,"victory":true,"max_hp_per_floor":[82,82,82,82,82,82,82,82,89,89,89,89,89,89,89,89,89,89,89,89,89,89,89,89,89,89,89,89,89,89,89,89,89,89,89,89,89,89,89,89,89,89,89,89,89,89,89,89,89,89,89,89,89,89,89],"card_choices":[{"not_picked":["Sweeping Beam","Turbo"],"picked":"Chill","floor":1},{"not_picked":["Coolheaded","Conserve Battery"],"picked":"Genetic Algorithm","floor":2},{"not_picked":["Gash","Electrodynamics","Barrage"],"picked":"SKIP","floor":5},{"not_picked":["Rebound","Barrage"],"picked":"Leap","floor":6},{"not_picked":["Sunder","Sweeping Beam"],"picked":"Glacier","floor":8},{"not_picked":["Steam","Skim"],"picked":"Hologram","floor":10},{"not_picked":["Auto Shields","Turbo"],"picked":"Darkness","floor":12},{"not_picked":["Darkness","Lockon"],"picked":"Seek","floor":13},{"not_picked":["Core Surge","Reboot"],"picked":"Amplify","floor":16},{"not_picked":["Ball Lightning","Glacier+1"],"picked":"Defragment+1","floor":18},{"not_picked":["Self Repair+1","Sunder"],"picked":"Cold Snap","floor":22},{"not_picked":["Reinforced Body+1","Chaos+1"],"picked":"Creative AI","floor":23},{"not_picked":["Melter","Reinforced Body+1"],"picked":"Recycle+1","floor":25},{"not_picked":["Leap+1","Barrage"],"picked":"Double Energy+1","floor":27},{"not_picked":["Go for the Eyes","Conserve Battery+1"],"picked":"Cold Snap+1","floor":28},{"not_picked":["Hologram+1","Compile Driver"],"picked":"Beam Cell","floor":29},{"not_picked":["Fusion+1","Hello World","Glacier+1"],"picked":"SKIP","floor":31},{"not_picked":["Conserve Battery+1","Auto Shields+1","Coolheaded+1"],"picked":"SKIP","floor":35},{"not_picked":["Beam Cell+1","Cold Snap","Fusion+1"],"picked":"SKIP","floor":36},{"not_picked":["Compile Driver+1","Fusion+1","Rebound"],"picked":"SKIP","floor":38},{"not_picked":["Storm+1","Stack+1"],"picked":"Ball Lightning+1","floor":41},{"not_picked":["Amplify+1","Steam+1"],"picked":"Streamline","floor":45},{"not_picked":["Recycle+1","Beam Cell+1","Reinforced Body+1"],"picked":"SKIP","floor":46},{"not_picked":["Ball Lightning","Redo+1","Compile Driver+1"],"picked":"SKIP","floor":47},{"not_picked":["Coolheaded+1","Sunder+1","Conserve Battery+1"],"picked":"SKIP","floor":48},{"not_picked":["Coolheaded+1","Self Repair"],"picked":"Capacitor","floor":54}],"player_experience":81185,"relics_obtained":[{"floor":6,"key":"Oddly Smooth Stone"},{"floor":8,"key":"Dream Catcher"},{"floor":9,"key":"Strawberry"},{"floor":10,"key":"Bronze Scales"},{"floor":19,"key":"Toxic Egg 2"},{"floor":23,"key":"Art of War"},{"floor":25,"key":"Potion Belt"},{"floor":26,"key":"Kunai"},{"floor":27,"key":"Thread and Needle"},{"floor":45,"key":"Orichalcum"},{"floor":48,"key":"Ginger"},{"floor":54,"key":"Bag of Marbles"}],"event_choices":[{"damage_healed":0,"gold_gain":0,"player_choice":"Grow","damage_taken":0,"max_hp_gain":0,"max_hp_loss":0,"event_name":"Living Wall","floor":4,"gold_loss":0,"cards_upgraded":["Defragment"]},{"damage_healed":0,"gold_gain":0,"player_choice":"Paid Gold","damage_taken":0,"relics_obtained":["Pantograph"],"max_hp_gain":0,"max_hp_loss":0,"event_name":"WeMeetAgain","floor":14,"gold_loss":120},{"damage_healed":0,"gold_gain":0,"player_choice":"Simplicity","damage_taken":0,"max_hp_gain":0,"max_hp_loss":0,"event_name":"Back to Basics","floor":21,"gold_loss":0,"cards_upgraded":["Strike_B","Strike_B","Strike_B","Strike_B","Defend_B","Defend_B","Defend_B","Defend_B"]},{"damage_healed":0,"gold_gain":0,"player_choice":"Inject Mutagens","damage_taken":0,"relics_obtained":["MutagenicStrength"],"max_hp_gain":0,"max_hp_loss":0,"event_name":"Drug Dealer","floor":30,"gold_loss":0},{"damage_healed":0,"gold_gain":0,"player_choice":"Paid","damage_taken":0,"relics_obtained":["Red Mask"],"max_hp_gain":0,"max_hp_loss":0,"event_name":"Tomb of Lord Red Mask","floor":37,"gold_loss":313},{"cards_removed":["Strike_B"],"damage_healed":0,"gold_gain":0,"player_choice":"Removed Attack","damage_taken":0,"max_hp_gain":0,"max_hp_loss":0,"event_name":"Falling","floor":39,"gold_loss":0}],"is_beta":false,"boss_relics":[{"not_picked":["Philosopher\u0027s Stone","FrozenCore"],"picked":"Runic Pyramid"},{"not_picked":["Orrery","Calling Bell"],"picked":"Velvet Choker"}],"items_purged_floors":[],"is_endless":false,"potions_floor_spawned":[2,5,6,13,23,29,41,46,47,48,54],"ascension_level":1}