{"gold_per_floor":[116,31,31,106,116,145,145,156,156,156,181,181,21,52,52,146,146,159,178,178,178,194,194,230,230,255,255,200,221,18,39,39,128,128,153,17,30,44,377,377],"floor_reached":40,"playtime":1498,"items_purged":["Parasite","Pain","Strike_B"],"score":834,"play_id":"528a41f2-ee00-4b84-b212-96c213f65c23","local_time":"20190404171637","is_ascension_mode":true,"campfire_choices":[{"data":"Defragment","floor":7.0,"key":"SMITH"},{"floor":15.0,"key":"REST"},{"data":"Defragment","floor":23.0,"key":"SMITH"},{"floor":27.0,"key":"REST"},{"data":"Amplify","floor":32.0,"key":"SMITH"}],"neow_cost":"NONE","seed_source_timestamp":0,"circlet_count":0,"master_deck":["AscendersBane","Strike_B","Strike_B+1","Strike_B","Defend_B","Defend_B","Defend_B","Defend_B","Zap","Dualcast+1","Cold Snap","Self Repair","Capacitor","Defragment+1","Defragment+1","Chaos","Self Repair","Reboot","Chaos+1","Stack+1","Storm","Conserve Battery","Coolheaded","Electrodynamics","Amplify+1","Electrodynamics","Turbo+1","Capacitor"],"special_seed":0,"relics":["Cracked Core","NeowsBlessing","Blood Vial","Mercury Hourglass","Bird Faced Urn","Cursed Key","Pocketwatch","Enchiridion","Smiling Mask","Tiny Chest","Busted Crown"],"potions_floor_usage":[],"damage_taken":[{"damage":0.0,"enemies":"Jaw Worm","floor":1.0,"turns":1.0},{"damage":0.0,"enemies":"Small Slimes","floor":5.0,"turns":1.0},{"damage":0.0,"enemies":"3 Sentries","floor":6.0,"turns":1.0},{"damage":10.0,"enemies":"2 Louse","floor":8.0,"turns":3.0},{"damage":6.0,"enemies":"2 Fungi Beasts","floor":11.0,"turns":3.0},{"damage":19.0,"enemies":"Lagavulin","floor":14.0,"turns":8.0},{"damage":45.0,"enemies":"Slime Boss","floor":16.0,"turns":9.0},{"damage":15.0,"enemies":"3 Byrds","floor":18.0,"turns":4.0},{"damage":6.0,"enemies":"Spheric Guardian","floor":19.0,"turns":4.0},{"damage":13.0,"enemies":"Snecko","floor":22.0,"turns":6.0},{"damage":49.0,"enemies":"Book of Stabbing","floor":24.0,"turns":5.0},{"damage":28.0,"enemies":"Snake Plant","floor":29.0,"turns":5.0},{"damage":6.0,"enemies":"Cultist and Chosen","floor":31.0,"turns":4.0},{"damage":52.0,"enemies":"Automaton","floor":33.0,"turns":8.0},{"damage":0.0,"enemies":"3 Shapes","floor":35.0,"turns":2.0},{"damage":13.0,"enemies":"3 Darklings","floor":37.0,"turns":2.0},{"damage":33.0,"enemies":"4 Shapes","floor":38.0,"turns":2.0},{"damage":65,"enemies":"Reptomancer","floor":40,"turns":2}],"seed_played":"8913668751160558666","potions_obtained":[{"floor":5.0,"key":"Energy Potion"},{"floor":8.0,"key":"GamblersBrew"},{"floor":16.0,"key":"Weak Potion"},{"floor":18.0,"key":"AttackPotion"},{"floor":22.0,"key":"Fire Potion"},{"floor":33.0,"key":"SpeedPotion"},{"floor":37.0,"key":"FearPotion"},{"floor":38.0,"key":"Fire Potion"}],"is_trial":false,"path_per_floor":["M","$","?","?","M","E","R","M","T","?","M","?","$","E","R","B",null,"M","M","$","?","M","R","E","?","T","R","?","M","$","M","R","B",null,"M","$","M","M","?","E"],"character_chosen":"DEFECT","items_purchased":["Self Repair","Self Repair","Electrodynamics","Capacitor"],"campfire_rested":2,"item_purchase_floors":[2,13,30,36],"current_hp_per_floor":[64,64,43,32,39,39,39,31,31,7,3,20,20,17,37,18,56,58,67,67,67,68,68,32,11,11,31,31,22,22,44,44,42,62,68,68,63,35,35,0],"gold":377,"neow_bonus":"THREE_ENEMY_KILL","is_prod":false,"is_daily":false,"chose_seed":false,"campfire_upgraded":3,"win_rate":0,"timestamp":1554365797,"path_taken":["M","$","?","?","M","E","R","M","T","?","M","?","$","E","R","BOSS","M","M","$","?","M","R","E","?","T","R","?","M","$","M","R","BOSS","M","$","M","M","?","E"],"build_version":"2019-01-23","purchased_purges":3,"victory":false,"max_hp_per_floor":[71,71,71,71,71,71,71,71,71,71,71,71,68,68,68,68,68,68,68,68,68,68,68,68,68,68,68,68,68,68,68,68,68,68,68,68,68,68,68,68],"card_choices":[{"not_picked":["Beam Cell","Compile Driver"],"picked":"Cold Snap","floor":1.0},{"not_picked":["Redo","Coolheaded"],"picked":"Capacitor","floor":5.0},{"not_picked":["Loop","Go for the Eyes"],"picked":"Defragment","floor":6.0},{"not_picked":["Streamline","Turbo"],"picked":"Defragment","floor":8.0},{"not_picked":["Rebound","Consume"],"picked":"Chaos","floor":11.0},{"not_picked":["Consume","Turbo","Hologram"],"picked":"SKIP","floor":14.0},{"not_picked":["Rainbow","Hyperbeam"],"picked":"Reboot","floor":16.0},{"not_picked":["Turbo","Doom and Gloom+1"],"picked":"Chaos+1","floor":18.0},{"not_picked":["Sweeping Beam","Beam Cell"],"picked":"Stack+1","floor":19.0},{"not_picked":["Chill","Go for the Eyes"],"picked":"Storm","floor":22.0},{"not_picked":["Tempest","Doom and Gloom+1"],"picked":"Conserve Battery","floor":24.0},{"not_picked":["Stack","Reprogram"],"picked":"Coolheaded","floor":29.0},{"not_picked":["Hologram","Conserve Battery"],"picked":"Amplify","floor":31.0},{"not_picked":["All For One","Reboot"],"picked":"Electrodynamics","floor":33.0},{"not_picked":[],"picked":"Turbo+1","floor":35.0},{"not_picked":["Sweeping Beam"],"picked":"SKIP","floor":37.0},{"not_picked":["Gash+1"],"picked":"SKIP","floor":38.0}],"player_experience":471705,"relics_obtained":[{"floor":6.0,"key":"Blood Vial"},{"floor":9.0,"key":"Mercury Hourglass"},{"floor":14.0,"key":"Bird Faced Urn"},{"floor":24.0,"key":"Pocketwatch"},{"floor":25.0,"key":"Enchiridion"},{"floor":26.0,"key":"Smiling Mask"}],"event_choices":[{"damage_healed":0.0,"max_hp_gain":0.0,"max_hp_loss":0.0,"gold_gain":0.0,"event_name":"Shining Light","player_choice":"Entered Light","floor":3.0,"gold_loss":0.0,"damage_taken":21.0,"cards_upgraded":["Dualcast","Strike_B"]},{"damage_healed":0.0,"max_hp_gain":0.0,"max_hp_loss":0.0,"gold_gain":75.0,"event_name":"World of Goop","player_choice":"Gather Gold","floor":4.0,"gold_loss":0.0,"damage_taken":11.0},{"damage_healed":0.0,"max_hp_gain":0.0,"max_hp_loss":0.0,"gold_gain":0.0,"event_name":"Golden Idol","player_choice":"Take Damage","floor":10.0,"gold_loss":0.0,"damage_taken":24.0,"relics_obtained":["Golden Idol"]},{"damage_healed":17.0,"max_hp_gain":0.0,"max_hp_loss":0.0,"gold_gain":0.0,"event_name":"Mushrooms","player_choice":"Healed and dodged fight","floor":12.0,"gold_loss":0.0,"damage_taken":0.0,"cards_obtained":["Parasite"]},{"damage_healed":0.0,"max_hp_gain":0.0,"max_hp_loss":0.0,"gold_gain":0.0,"event_name":"Ghosts","player_choice":"Ignored","floor":21.0,"gold_loss":0.0,"damage_taken":0.0},{"damage_healed":0.0,"max_hp_gain":0.0,"max_hp_loss":0.0,"gold_gain":0.0,"event_name":"Cursed Tome","player_choice":"Obtained Book","floor":25.0,"gold_loss":0.0,"damage_taken":21.0},{"damage_healed":0.0,"max_hp_gain":0.0,"max_hp_loss":0.0,"gold_gain":0.0,"event_name":"Addict","player_choice":"Obtained Relic","floor":28.0,"gold_loss":85.0,"damage_taken":0.0,"relics_obtained":["Tiny Chest"]},{"damage_healed":0.0,"max_hp_gain":0.0,"max_hp_loss":0.0,"gold_gain":333.0,"event_name":"The Moai Head","player_choice":"Gave Idol","floor":39.0,"relics_lost":["Golden Idol"],"gold_loss":0.0,"damage_taken":0.0}],"is_beta":false,"boss_relics":[{"not_picked":["Runic Dome","Eternal Feather"],"picked":"Cursed Key"},{"not_picked":["FrozenCore","Orrery"],"picked":"Busted Crown"}],"items_purged_floors":[13,30,36],"is_endless":false,"potions_floor_spawned":[5,8,11,16,18,22,33,37,38],"killed_by":"Reptomancer","ascension_level":18}