{"gold_per_floor":[219,237,247,274,56,56,89,102,102,102,102,102,102,115,115,188,188,208,208],"floor_reached":19,"playtime":837,"items_purged":[],"score":401,"play_id":"0d3f5298-b00c-43fe-857d-c95ec4c59c00","local_time":"20190402044530","is_ascension_mode":true,"campfire_choices":[{"data":"Zap","floor":6,"key":"SMITH"},{"floor":10,"key":"REST"},{"data":"Defragment","floor":12,"key":"SMITH"},{"data":"Consume","floor":15,"key":"SMITH"}],"neow_cost":"NONE","seed_source_timestamp":75051566754926,"circlet_count":0,"master_deck":["AscendersBane","Strike_B","Strike_B","Strike_B","Defend_B","Defend_B","Defend_B","Defend_B","Zap+1","Dualcast","Undo","White Noise","Consume+1","Defragment+1","Ball Lightning","Creative AI","Barrage+1"],"relics":["Cracked Core","Dream Catcher","Sling","Letter Opener","Ornamental Fan","Inserter"],"potions_floor_usage":[7,16,19],"damage_taken":[{"damage":1,"enemies":"Cultist","floor":1,"turns":3},{"damage":7,"enemies":"Jaw Worm","floor":2,"turns":3},{"damage":5,"enemies":"2 Louse","floor":3,"turns":3},{"damage":17,"enemies":"3 Sentries","floor":7,"turns":8},{"damage":18,"enemies":"Large Slime","floor":8,"turns":6},{"damage":11,"enemies":"3 Louse","floor":14,"turns":4},{"damage":0,"enemies":"Slime Boss","floor":16,"turns":5},{"damage":39,"enemies":"3 Byrds","floor":18,"turns":5},{"damage":27,"enemies":"Masked Bandits","floor":19,"turns":2}],"seed_played":"620236284046967936","potions_obtained":[{"floor":2,"key":"LiquidBronze"},{"floor":8,"key":"Poison Potion"},{"floor":18,"key":"FocusPotion"}],"is_trial":false,"path_per_floor":["M","M","M","T","$","R","E","M","T","R","?","R","?","M","R","B",null,"M","?"],"character_chosen":"DEFECT","items_purchased":["Sling"],"campfire_rested":1,"item_purchase_floors":[5],"current_hp_per_floor":[63,56,51,51,51,51,34,16,16,37,42,42,35,24,24,24,63,24,0],"gold":208,"neow_bonus":"HUNDRED_GOLD","is_prod":false,"is_daily":false,"chose_seed":false,"campfire_upgraded":3,"win_rate":0,"timestamp":1554147930,"path_taken":["M","M","M","?","$","R","E","M","T","R","?","R","?","M","R","BOSS","M","?"],"build_version":"2019-01-23","purchased_purges":0,"victory":false,"max_hp_per_floor":[71,71,71,71,71,71,71,71,71,71,76,76,76,76,76,76,76,76,76],"card_choices":[{"not_picked":["Streamline","Sweeping Beam"],"picked":"Undo","floor":1},{"not_picked":["Gash","Turbo"],"picked":"White Noise","floor":2},{"not_picked":["Beam Cell","Rebound"],"picked":"Consume","floor":3},{"not_picked":["Gash","Thunder Strike","Sweeping Beam"],"picked":"SKIP","floor":7},{"not_picked":["Sweeping Beam","Streamline"],"picked":"Defragment","floor":8},{"not_picked":["Undo","Reboot"],"picked":"Ball Lightning","floor":14},{"not_picked":["Amplify","Thunder Strike"],"picked":"Creative AI","floor":16},{"not_picked":["Darkness","Go for the Eyes"],"picked":"Barrage+1","floor":18}],"player_experience":437022,"relics_obtained":[{"floor":4,"key":"Dream Catcher"},{"floor":7,"key":"Letter Opener"},{"floor":9,"key":"Ornamental Fan"}],"event_choices":[{"damage_healed":0,"gold_gain":0,"player_choice":"Donut","damage_taken":0,"max_hp_gain":5,"max_hp_loss":0,"event_name":"Big Fish","floor":11,"gold_loss":0},{"cards_removed":["Strike_B"],"damage_healed":0,"gold_gain":0,"player_choice":"Card Removal","damage_taken":7,"max_hp_gain":0,"max_hp_loss":0,"event_name":"Golden Wing","floor":13,"gold_loss":0},{"damage_healed":0,"gold_gain":0,"player_choice":"Fought Bandits","damage_taken":0,"max_hp_gain":0,"max_hp_loss":0,"event_name":"Masked Bandits","floor":19,"gold_loss":0}],"is_beta":false,"boss_relics":[{"not_picked":["Runic Pyramid","Cursed Key"],"picked":"Inserter"}],"items_purged_floors":[],"is_endless":false,"potions_floor_spawned":[2,8,18],"killed_by":"Masked Bandits","ascension_level":17}