{"gold_per_floor":[113,128,245,245,255,255,284,284,284,319,594,79,91,107,107,203,304,321,321,341,106,125,125,125,18,41,41,56,11,44,59,59,157,157,173,153,170,185,3,37,47,59,139,156,156],"floor_reached":45,"playtime":1890,"items_purged":["Regret","Melter"],"score":579,"play_id":"b1ea4ed6-f868-4e5f-8de4-a910dae21d62","local_time":"20190228121502","is_ascension_mode":false,"campfire_choices":[{"data":"Darkness","floor":6,"key":"SMITH"},{"data":"Self Repair","floor":8,"key":"SMITH"},{"data":"Hello World","floor":15,"key":"SMITH"},{"data":"Fission","floor":23,"key":"SMITH"},{"data":"Double Energy","floor":27,"key":"SMITH"},{"data":"Storm","floor":32,"key":"SMITH"}],"neow_cost":"NONE","seed_source_timestamp":2318652600300,"circlet_count":0,"master_deck":["Zap","Dualcast+1","Doom and Gloom","Cold Snap","Darkness+1","Self Repair+1","Master of Strategy","Tempest","Hello World+1","Rainbow","Multi-Cast","Fission+1","Rainbow","Storm+1","BootSequence","Ball Lightning","Double Energy+1","Heatsinks","Hologram","Self Repair","Defragment","Heatsinks","Hologram","Compile Driver","Darkness","Chill","Thunder Strike","Steam Power","Glacier+1","Defragment+1","Leap","Double Energy+1","Storm","Seek","Turbo","Turbo+1","Darkness+1"],"relics":["Cracked Core","Bronze Scales","Oddly Smooth Stone","Bottled Lightning","infinitespire:WardingShard","Mercury Hourglass","Pandora\u0027s Box","DataDisk","Orichalcum","infinitespire:Joker Card","Orrery","infinitespire:Lucky Rock","infinitespire:FocusingShard"],"potions_floor_usage":[7,10,33,45],"damage_taken":[{"damage":1,"enemies":"Cultist","floor":1,"turns":3},{"damage":1,"enemies":"Jaw Worm","floor":2,"turns":4},{"damage":5,"enemies":"Small Slimes","floor":3,"turns":2},{"damage":3,"enemies":"Red Slaver","floor":5,"turns":3},{"damage":13,"enemies":"Lagavulin","floor":7,"turns":5},{"damage":10,"enemies":"3 Sentries","floor":10,"turns":6},{"damage":0,"enemies":"Lots of Slimes","floor":13,"turns":1},{"damage":15,"enemies":"Exordium Thugs","floor":14,"turns":3},{"damage":0,"enemies":"Slime Boss","floor":16,"turns":6},{"damage":3,"enemies":"Spheric Guardian","floor":18,"turns":3},{"damage":13,"enemies":"Shell Parasite","floor":20,"turns":4},{"damage":8,"enemies":"Snecko","floor":22,"turns":3},{"damage":0,"enemies":"Cultist and Chosen","floor":28,"turns":4},{"damage":16,"enemies":"Slavers","floor":30,"turns":2},{"damage":4,"enemies":"Centurion and Healer","floor":31,"turns":2},{"damage":22,"enemies":"Automaton","floor":33,"turns":10},{"damage":0,"enemies":"3 Shapes","floor":35,"turns":4},{"damage":0,"enemies":"Orb Walker","floor":37,"turns":2},{"damage":17,"enemies":"Writhing Mass","floor":38,"turns":3},{"damage":41,"enemies":"Nemesis","floor":40,"turns":6},{"damage":0,"enemies":"Jaw Worm Horde","floor":41,"turns":2},{"damage":0,"enemies":"Maw","floor":42,"turns":5},{"damage":17,"enemies":"4 Shapes","floor":44,"turns":3},{"damage":53,"enemies":"Nightmare","floor":45,"turns":4}],"seed_played":"-9207942261859234519","potions_obtained":[{"floor":2,"key":"SpeedPotion"},{"floor":5,"key":"Ancient Potion"},{"floor":7,"key":"Block Potion"},{"floor":14,"key":"Regen Potion"},{"floor":18,"key":"Swift Potion"},{"floor":20,"key":"Energy Potion"},{"floor":36,"key":"Fire Potion"},{"floor":38,"key":"Energy Potion"},{"floor":40,"key":"infinitespire:BlackPotion"}],"is_trial":false,"path_per_floor":["M","M","M","?","M","R","E","R","T","E","?","$","M","M","R","B",null,"M","$","M","$","M","R","?","$","T","R","M","$","E","M","R","B",null,"M","?","M","M","$","E","M","M","T","M","NM"],"character_chosen":"DEFECT","items_purchased":["Mercury Hourglass","Master of Strategy","DataDisk","Defragment","Heatsinks","Hologram","Compile Driver","Storm"],"campfire_rested":0,"item_purchase_floors":[12,12,21,21,25,25,29,39],"current_hp_per_floor":[74,73,68,53,50,50,37,37,37,37,37,37,37,32,32,42,75,72,72,69,69,71,71,71,71,71,71,75,75,59,65,65,60,75,75,75,75,68,68,44,51,68,68,51,0],"gold":156,"neow_bonus":"RANDOM_COMMON_RELIC","is_prod":false,"is_daily":false,"chose_seed":false,"campfire_upgraded":6,"win_rate":0,"timestamp":1551384902,"path_taken":["M","M","M","?","M","R","E","R","T","E","?","$","M","?","R","BOSS","M","?","M","$","M","R","?","$","T","R","M","$","E","M","R","BOSS","M","?","?","M","$","E","M","?","T","M","NM"],"build_version":"2019-01-23","purchased_purges":2,"victory":false,"max_hp_per_floor":[75,75,75,75,75,75,75,75,75,75,75,75,75,75,75,75,75,75,75,75,75,75,75,75,75,75,75,75,75,75,75,75,75,75,75,75,75,75,75,75,75,75,75,75,75],"card_choices":[{"not_picked":["Gash","Lockon","Barrage"],"picked":"SKIP","floor":1},{"not_picked":["Melter","Leap"],"picked":"Doom and Gloom","floor":2},{"not_picked":["Recycle","Doom and Gloom"],"picked":"Cold Snap","floor":3},{"not_picked":["Redo","Rip and Tear"],"picked":"Darkness","floor":5},{"not_picked":["Hologram","Cold Snap"],"picked":"Self Repair","floor":7},{"not_picked":["Undo","Rebound","Consume"],"picked":"SKIP","floor":10},{"not_picked":["Consume","Beam Cell"],"picked":"Tempest","floor":13},{"not_picked":["Barrage","Scrape"],"picked":"Hello World","floor":14},{"not_picked":["All For One","Thunder Strike"],"picked":"Rainbow","floor":16},{"not_picked":["Barrage+1","Reinforced Body"],"picked":"Hologram","floor":18},{"not_picked":["Rip and Tear+1","Rebound+1"],"picked":"Self Repair","floor":20},{"not_picked":["Hologram","Reprogram+1","Cold Snap"],"picked":"SKIP","floor":22},{"not_picked":["Hello World","Reprogram+1","Tempest"],"picked":"SKIP","floor":28},{"not_picked":["Gash","Streamline"],"picked":"Darkness","floor":30},{"not_picked":["Ball Lightning","Hyperbeam"],"picked":"Chill","floor":31},{"not_picked":["Biased Cognition","Multi-Cast"],"picked":"Thunder Strike","floor":33},{"not_picked":["Streamline","Chill+1"],"picked":"Steam Power","floor":34},{"not_picked":["Glacier","Streamline"],"picked":"Melter","floor":34},{"not_picked":["Cold Snap+1","Gash"],"picked":"Glacier+1","floor":34},{"not_picked":["Beam Cell","Tempest"],"picked":"Defragment+1","floor":35},{"not_picked":["Consume+1","Stack+1"],"picked":"Leap","floor":37},{"not_picked":["Rebound+1","Auto Shields+1"],"picked":"Double Energy+1","floor":38},{"not_picked":["Chill+1","Fusion+1"],"picked":"Seek","floor":40},{"not_picked":["Beam Cell+1","Gash+1"],"picked":"Turbo","floor":41},{"not_picked":["Hello World","Cold Snap+1"],"picked":"Turbo+1","floor":42},{"not_picked":["Beam Cell+1","Barrage+1"],"picked":"Darkness+1","floor":44}],"player_experience":91000,"relics_obtained":[{"floor":7,"key":"Oddly Smooth Stone"},{"floor":9,"key":"Bottled Lightning"},{"floor":10,"key":"infinitespire:WardingShard"},{"floor":30,"key":"infinitespire:Joker Card"},{"floor":40,"key":"infinitespire:Lucky Rock"},{"floor":43,"key":"infinitespire:FocusingShard"}],"event_choices":[{"damage_healed":0,"gold_gain":0,"player_choice":"Entered Light","damage_taken":15,"max_hp_gain":0,"max_hp_loss":0,"event_name":"Shining Light","floor":4,"gold_loss":0,"cards_upgraded":["Strike_B","Dualcast"]},{"damage_healed":0,"gold_gain":275,"player_choice":"Desecrate","damage_taken":0,"max_hp_gain":0,"max_hp_loss":0,"event_name":"Golden Shrine","floor":11,"gold_loss":0,"cards_obtained":["Regret"]},{"damage_healed":0,"gold_gain":0,"player_choice":"Opened","damage_taken":0,"relics_obtained":["Orichalcum"],"max_hp_gain":0,"max_hp_loss":0,"event_name":"The Mausoleum","floor":24,"gold_loss":0},{"damage_healed":0,"gold_gain":0,"player_choice":"Bought 1 Potion","damage_taken":0,"max_hp_gain":0,"max_hp_loss":0,"event_name":"The Woman in Blue","floor":36,"gold_loss":0}],"is_beta":false,"boss_relics":[{"not_picked":["Tiny House","Empty Cage"],"picked":"Pandora\u0027s Box"},{"not_picked":["Inserter","Runic Pyramid"],"picked":"Orrery"}],"items_purged_floors":[12,39],"is_endless":false,"potions_floor_spawned":[2,5,7,14,18,20,30,31,38,40,44],"killed_by":"Nightmare","ascension_level":0}