{"gold_per_floor":[112,112,112,130,130,157,157,167,167,36,36,36,64,83,83,179,179,198,45,65,65],"floor_reached":21,"playtime":1803,"items_purged":["Strike_B"],"score":224,"play_id":"798e0ac7-133f-4623-bea5-81b74b293f64","local_time":"20190417154436","is_ascension_mode":true,"campfire_choices":[{"floor":7,"key":"REST"},{"floor":12,"key":"REST"},{"data":"Chill","floor":15,"key":"SMITH"}],"neow_cost":"PERCENT_DAMAGE","seed_source_timestamp":8037379922996,"circlet_count":0,"master_deck":["Strike_B","Strike_B","Strike_B","Defend_B","Defend_B","Defend_B","Defend_B","Zap+1","Dualcast","Coolheaded","Steam","Loop","Chill+1","Amplify","Recycle","Conserve Battery","Blizzard"],"relics":["Cracked Core","Gambling Chip","Mummified Hand","Shuriken","Letter Opener","Frozen Egg 2","Dream Catcher","Nuclear Battery"],"potions_floor_usage":[6,16,16],"damage_taken":[{"damage":0,"enemies":"Small Slimes","floor":1,"turns":2},{"damage":0,"enemies":"Jaw Worm","floor":4,"turns":3},{"damage":27,"enemies":"3 Sentries","floor":6,"turns":8},{"damage":0,"enemies":"2 Louse","floor":8,"turns":1},{"damage":12,"enemies":"Lagavulin","floor":13,"turns":6},{"damage":1,"enemies":"2 Fungi Beasts","floor":14,"turns":3},{"damage":26,"enemies":"Slime Boss","floor":16,"turns":13},{"damage":23,"enemies":"3 Byrds","floor":18,"turns":7},{"damage":31,"enemies":"Chosen","floor":20,"turns":7},{"damage":29,"enemies":"Shelled Parasite and Fungi","floor":21,"turns":4}],"seed_played":"1051250161691859575","potions_obtained":[{"floor":1,"key":"Block Potion"},{"floor":13,"key":"Ancient Potion"}],"is_trial":false,"path_per_floor":["?","T","?","?"],"character_chosen":"DEFECT","items_purchased":["Chill","PowerPotion","Blizzard"],"campfire_rested":2,"item_purchase_floors":[10,10,19],"current_hp_per_floor":[54,54,54,54,29,2,24,24,24,24,24,46,34,33,33,7,75,52,52,21,0],"gold":65,"neow_bonus":"ONE_RARE_RELIC","is_prod":false,"is_daily":false,"chose_seed":false,"campfire_upgraded":1,"win_rate":0,"timestamp":1555508676,"path_taken":["M","?","?","M","?","E","R","M","T","$","?","R","E","M","R","BOSS","M","$","M","M"],"build_version":"2019-01-23","purchased_purges":1,"victory":false,"max_hp_per_floor":[75,75,75,75,75,75,75,75,75,75,75,75,75,75,75,75,75,75,75,75,75],"card_choices":[{"not_picked":["Heatsinks","Gash"],"picked":"Coolheaded","floor":1},{"not_picked":["Streamline","Sunder","Melter"],"picked":"SKIP","floor":4},{"not_picked":["Reprogram","Rebound"],"picked":"Steam","floor":6},{"not_picked":["Steam","Rebound"],"picked":"Loop","floor":8},{"not_picked":["Darkness","Ball Lightning"],"picked":"Conserve Battery","floor":13},{"not_picked":["Sweeping Beam","Rip and Tear","Barrage"],"picked":"SKIP","floor":14},{"not_picked":["Sweeping Beam","Reprogram","Lockon"],"picked":"SKIP","floor":18},{"not_picked":["Compile Driver+1","Aggregate","Hologram"],"picked":"SKIP","floor":20}],"player_experience":130969,"relics_obtained":[{"floor":3,"key":"Mummified Hand"},{"floor":6,"key":"Letter Opener"},{"floor":9,"key":"Frozen Egg 2"},{"floor":13,"key":"Dream Catcher"}],"event_choices":[{"damage_healed":0,"gold_gain":0,"player_choice":"Grow","damage_taken":0,"max_hp_gain":0,"max_hp_loss":0,"event_name":"Living Wall","floor":2,"gold_loss":0,"cards_upgraded":["Zap"]},{"damage_healed":0,"gold_gain":0,"player_choice":"Success","damage_taken":25,"relics_obtained":["Shuriken"],"max_hp_gain":0,"max_hp_loss":0,"event_name":"Scrap Ooze","floor":5,"gold_loss":0},{"damage_healed":0,"gold_gain":0,"player_choice":"2 cards matched","damage_taken":0,"max_hp_gain":0,"max_hp_loss":0,"event_name":"Match and Keep!","floor":11,"gold_loss":0,"cards_obtained":["Amplify","Recycle"]}],"is_beta":false,"boss_relics":[{"not_picked":["Runic Pyramid","White Beast Statue"],"picked":"Nuclear Battery"}],"items_purged_floors":[19],"is_endless":false,"potions_floor_spawned":[1,13],"killed_by":"Shelled Parasite and Fungi","ascension_level":4}