{"gold_per_floor":[112,112,123,45,55,55,84,84,84,84,84,101,114,131,131,205,205,220,220,232,192,208,235,235,335,384,384],"floor_reached":27,"playtime":1338,"items_purged":[],"score":516,"play_id":"68b31e54-9686-4994-9123-bfaf2a420aac","local_time":"20190406185645","is_ascension_mode":true,"campfire_choices":[{"data":"Defragment","floor":6.0,"key":"SMITH"},{"data":"Zap","floor":8.0,"key":"SMITH"},{"floor":15.0,"key":"REST"},{"data":"Defragment","floor":24.0,"key":"SMITH"}],"neow_cost":"NONE","seed_source_timestamp":0,"circlet_count":0,"master_deck":["AscendersBane","Strike_B","Defend_B","Defend_B","Defend_B","Defend_B","Zap+1","Dualcast","Undo","Streamline","Defragment+1","Go for the Eyes","Heatsinks","Cold Snap","Buffer+1","Glacier","Echo Form","Coolheaded","Defragment+1"],"special_seed":0,"relics":["Cracked Core","NeowsBlessing","Shuriken","Mummified Hand","Busted Crown","Orichalcum","Ice Cream","Bottled Lightning","Juzu Bracelet"],"potions_floor_usage":[],"damage_taken":[{"damage":0.0,"enemies":"Jaw Worm","floor":1.0,"turns":1.0},{"damage":0.0,"enemies":"Cultist","floor":3.0,"turns":1.0},{"damage":12.0,"enemies":"Small Slimes","floor":5.0,"turns":2.0},{"damage":36.0,"enemies":"Gremlin Nob","floor":7.0,"turns":4.0},{"damage":3.0,"enemies":"2 Fungi Beasts","floor":12.0,"turns":4.0},{"damage":10.0,"enemies":"Gremlin Gang","floor":13.0,"turns":4.0},{"damage":0.0,"enemies":"Blue Slaver","floor":14.0,"turns":4.0},{"damage":6.0,"enemies":"Hexaghost","floor":16.0,"turns":11.0},{"damage":16.0,"enemies":"2 Thieves","floor":18.0,"turns":3.0},{"damage":0.0,"enemies":"Spheric Guardian","floor":20.0,"turns":5.0},{"damage":8.0,"enemies":"Snake Plant","floor":22.0,"turns":5.0},{"damage":0.0,"enemies":"Book of Stabbing","floor":23.0,"turns":7.0},{"damage":8,"enemies":"Colosseum Slavers","floor":25,"turns":6},{"damage":2,"enemies":"Colosseum Nobs","floor":25,"turns":7},{"damage":43,"enemies":"Slavers","floor":27,"turns":3}],"seed_played":"2256445330962775207","potions_obtained":[{"floor":1.0,"key":"SkillPotion"},{"floor":12.0,"key":"AttackPotion"},{"floor":13.0,"key":"AttackPotion"},{"floor":14.0,"key":"PowerPotion"},{"floor":16.0,"key":"Swift Potion"},{"floor":22.0,"key":"SkillPotion"}],"is_trial":false,"path_per_floor":["M","?","M","$","M","R","E","R","T","?","?","M","M","M","R","B",null,"M","?","M","$","M","E","R","?","T","E"],"character_chosen":"DEFECT","items_purchased":["Defragment","Defragment"],"campfire_rested":1,"item_purchase_floors":[4,21],"current_hp_per_floor":[64,64,64,64,52,52,16,16,16,16,16,13,3,3,24,18,58,42,42,42,42,34,34,34,24,24,0],"gold":384,"neow_bonus":"THREE_ENEMY_KILL","is_prod":false,"is_daily":false,"chose_seed":false,"campfire_upgraded":3,"win_rate":0,"timestamp":1554544605,"path_taken":["M","?","?","?","?","R","E","R","T","?","?","?","M","M","R","BOSS","M","?","?","$","M","E","R","?","T","E"],"build_version":"2019-01-23","purchased_purges":0,"victory":false,"max_hp_per_floor":[71,71,71,71,71,71,71,71,71,71,71,71,71,71,71,71,71,71,71,71,71,71,71,71,71,71,71],"card_choices":[{"not_picked":["Scrape","Sweeping Beam"],"picked":"Undo","floor":1.0},{"not_picked":["Barrage","Gash"],"picked":"Streamline","floor":3.0},{"not_picked":["Lockon","Gash"],"picked":"Go for the Eyes","floor":5.0},{"not_picked":["Aggregate","Reprogram"],"picked":"Heatsinks","floor":7.0},{"not_picked":["Sweeping Beam","Genetic Algorithm"],"picked":"Cold Snap","floor":12.0},{"not_picked":["Turbo","Redo"],"picked":"Buffer","floor":13.0},{"not_picked":["Melter","Turbo"],"picked":"Glacier","floor":14.0},{"not_picked":["Meteor Strike","All For One"],"picked":"Echo Form","floor":16.0},{"not_picked":[],"picked":"Coolheaded","floor":18.0},{"not_picked":["Turbo"],"picked":"SKIP","floor":20.0},{"not_picked":["Steam"],"picked":"SKIP","floor":22.0},{"not_picked":["Sweeping Beam"],"picked":"SKIP","floor":23.0}],"player_experience":492958,"relics_obtained":[{"floor":7.0,"key":"Shuriken"},{"floor":9.0,"key":"Mummified Hand"},{"floor":23.0,"key":"Orichalcum"},{"floor":25,"key":"Ice Cream"},{"floor":25,"key":"Bottled Lightning"},{"floor":26,"key":"Juzu Bracelet"}],"event_choices":[{"cards_removed":["Strike_B"],"damage_healed":0.0,"max_hp_gain":0.0,"max_hp_loss":0.0,"gold_gain":0.0,"event_name":"Wheel of Change","player_choice":"Card Removal","floor":2.0,"gold_loss":0.0,"damage_taken":0.0},{"cards_removed":["Strike_B"],"damage_healed":0.0,"max_hp_gain":0.0,"max_hp_loss":0.0,"gold_gain":0.0,"event_name":"Living Wall","player_choice":"Forget","floor":10.0,"gold_loss":0.0,"damage_taken":0.0},{"cards_removed":["Strike_B"],"damage_healed":0.0,"max_hp_gain":0.0,"max_hp_loss":0.0,"gold_gain":0.0,"event_name":"Purifier","player_choice":"Purged","floor":11.0,"gold_loss":0.0,"damage_taken":0.0},{"damage_healed":0.0,"max_hp_gain":0.0,"max_hp_loss":0.0,"gold_gain":0.0,"event_name":"Accursed Blacksmith","player_choice":"Forge","floor":19.0,"gold_loss":0.0,"damage_taken":0.0,"cards_upgraded":["Buffer"]},{"damage_healed":0,"gold_gain":0,"player_choice":"Fight","damage_taken":0,"max_hp_gain":0,"max_hp_loss":0,"event_name":"Colosseum","floor":25,"gold_loss":0},{"damage_healed":0,"gold_gain":0,"player_choice":"Fought Nobs","damage_taken":0,"max_hp_gain":0,"max_hp_loss":0,"event_name":"Colosseum","floor":25,"gold_loss":0}],"is_beta":false,"boss_relics":[{"not_picked":["Philosopher\u0027s Stone","Eternal Feather"],"picked":"Busted Crown"}],"items_purged_floors":[],"is_endless":false,"potions_floor_spawned":[1,12,13,14,16,22],"killed_by":"Slavers","ascension_level":20}