{"gold_per_floor":[112,127,202,202,16,16,41,53,90,121,143,155,177,206,218,302,314,337,309],"floor_reached":19,"playtime":659,"items_purged":[],"score":388,"play_id":"da0ddd8d-47bf-4658-b5f3-f81c64788b30","local_time":"20190406160309","is_ascension_mode":true,"campfire_choices":[{"data":"Loop","floor":6,"key":"SMITH"},{"data":"Consume","floor":12,"key":"SMITH"},{"data":"Hologram","floor":15,"key":"SMITH"}],"neow_cost":"NONE","seed_source_timestamp":153177518520453,"circlet_count":0,"master_deck":["AscendersBane","Strike_B","Strike_B","Strike_B","Strike_B","Defend_B","Defend_B","Defend_B","Defend_B","Zap","Loop+1","Streamline","Ball Lightning","Consume+1","Glacier","Hologram+1","Scrape","Storm","Echo Form","Doom and Gloom"],"relics":["Cracked Core","NeowsBlessing","Orichalcum","MawBank","DataDisk","Velvet Choker"],"potions_floor_usage":[11,11,18],"damage_taken":[{"damage":0,"enemies":"Cultist","floor":1,"turns":1},{"damage":0,"enemies":"2 Louse","floor":2,"turns":1},{"damage":0,"enemies":"Lagavulin","floor":7,"turns":1},{"damage":7,"enemies":"Jaw Worm","floor":10,"turns":3},{"damage":0,"enemies":"Lots of Slimes","floor":11,"turns":2},{"damage":8,"enemies":"Red Slaver","floor":13,"turns":2},{"damage":6,"enemies":"Looter","floor":14,"turns":3},{"damage":26,"enemies":"Hexaghost","floor":16,"turns":10},{"damage":39,"enemies":"3 Byrds","floor":18,"turns":6},{"damage":16,"enemies":"2 Thieves","floor":19,"turns":1}],"seed_played":"2720096016827878078","potions_obtained":[{"floor":1,"key":"SkillPotion"},{"floor":7,"key":"SteroidPotion"},{"floor":13,"key":"Energy Potion"},{"floor":16,"key":"Strength Potion"}],"is_trial":false,"path_per_floor":["M","M","?","?","$","R","E","$","T","M","M","R","M","M","R","B",null,"M","M"],"character_chosen":"DEFECT","items_purchased":["Orichalcum","Ball Lightning"],"campfire_rested":0,"item_purchase_floors":[5,5],"current_hp_per_floor":[64,64,53,53,53,53,53,53,53,46,46,46,38,32,32,6,55,16,0],"gold":309,"neow_bonus":"THREE_ENEMY_KILL","is_prod":false,"is_daily":false,"chose_seed":false,"campfire_upgraded":3,"win_rate":0,"timestamp":1554534189,"path_taken":["M","M","?","?","$","R","E","?","T","?","M","R","M","M","R","BOSS","M","M"],"build_version":"2019-01-23","purchased_purges":0,"victory":false,"max_hp_per_floor":[71,71,71,71,71,71,71,71,71,71,71,71,71,71,71,71,71,71,71],"card_choices":[{"not_picked":["Darkness","Go for the Eyes"],"picked":"Loop","floor":1},{"not_picked":["Stack","Beam Cell"],"picked":"Streamline","floor":2},{"not_picked":["Compile Driver","Streamline"],"picked":"Consume","floor":7},{"not_picked":["Turbo","Redo"],"picked":"Glacier","floor":10},{"not_picked":["Sweeping Beam","Turbo"],"picked":"Hologram","floor":11},{"not_picked":["Thunder Strike","Beam Cell"],"picked":"Scrape","floor":13},{"not_picked":["Steam","Turbo"],"picked":"Storm","floor":14},{"not_picked":["Buffer","Machine Learning"],"picked":"Echo Form","floor":16},{"not_picked":["Gash","Recycle"],"picked":"Doom and Gloom","floor":18}],"player_experience":489545,"relics_obtained":[{"floor":7,"key":"MawBank"},{"floor":9,"key":"DataDisk"}],"event_choices":[{"damage_healed":0,"gold_gain":75,"player_choice":"Gather Gold","damage_taken":11,"max_hp_gain":0,"max_hp_loss":0,"event_name":"World of Goop","floor":3,"gold_loss":0},{"cards_removed":["Dualcast"],"damage_healed":0,"gold_gain":0,"player_choice":"Forget","damage_taken":0,"max_hp_gain":0,"max_hp_loss":0,"event_name":"Living Wall","floor":4,"gold_loss":0}],"is_beta":false,"boss_relics":[{"not_picked":["Runic Dome","White Beast Statue"],"picked":"Velvet Choker"}],"items_purged_floors":[],"is_endless":false,"potions_floor_spawned":[1,7,13,16],"killed_by":"2 Thieves","ascension_level":20}