{"gold_per_floor":[112,126,146,146,71,100,100,116,116,116,126,139,139,150,150,150],"floor_reached":16,"playtime":783,"items_purged":["Defend_B"],"score":104,"play_id":"4fa7afb8-6903-4f5c-bb5b-251dafa16989","local_time":"20190410003828","is_ascension_mode":false,"campfire_choices":[{"floor":10,"key":"DIG"},{"data":"Zap","floor":13,"key":"SMITH"},{"floor":15,"key":"REST"}],"neow_cost":"NONE","seed_source_timestamp":0,"circlet_count":0,"master_deck":["Strike_B","Strike_B","Strike_B","Strike_B","Defend_B","Defend_B","Defend_B","Zap+1","Dualcast","Undo","Hologram","Coolheaded","Defragment"],"special_seed":0,"relics":["Orrery","Orichalcum","Shovel","Omamori","Bottled Lightning","Vajra"],"potions_floor_usage":[14,14,16],"damage_taken":[{"damage":10,"enemies":"Small Slimes","floor":1,"turns":5},{"damage":0,"enemies":"2 Louse","floor":2,"turns":2},{"damage":5,"enemies":"Jaw Worm","floor":3,"turns":6},{"damage":9,"enemies":"3 Sentries","floor":6,"turns":14},{"damage":1,"enemies":"Red Slaver","floor":8,"turns":6},{"damage":7,"enemies":"Looter","floor":11,"turns":3},{"damage":10,"enemies":"Exordium Wildlife","floor":12,"turns":5},{"damage":6,"enemies":"Large Slime","floor":14,"turns":3},{"damage":24,"enemies":"Slime Boss","floor":16,"turns":11}],"seed_played":"-6335917080713484745","potions_obtained":[{"floor":6,"key":"EssenceOfSteel"},{"floor":8,"key":"Ancient Potion"},{"floor":11,"key":"Poison Potion"}],"is_trial":false,"path_per_floor":["M","M","M","?","$","E","?","M","T","R","M","M","R","M","R","B"],"character_chosen":"DEFECT","items_purchased":[],"campfire_rested":1,"item_purchase_floors":[],"current_hp_per_floor":[65,65,60,35,35,26,26,25,25,25,18,8,8,2,24,0],"gold":150,"neow_bonus":"BOSS_RELIC","is_prod":false,"is_daily":false,"chose_seed":false,"campfire_upgraded":1,"win_rate":0,"timestamp":1554881908,"path_taken":["M","M","M","?","$","E","?","M","T","R","M","M","R","M","R","BOSS"],"build_version":"2019-01-23","purchased_purges":1,"victory":false,"max_hp_per_floor":[75,75,75,75,75,75,75,75,75,75,75,75,75,75,75,75],"card_choices":[{"not_picked":["Cold Snap","Turbo"],"picked":"Undo","floor":0},{"not_picked":["Sunder","Darkness"],"picked":"Hologram","floor":0},{"not_picked":["Turbo","Conserve Battery"],"picked":"Coolheaded","floor":0},{"not_picked":["Undo","Cold Snap","Force Field"],"picked":"SKIP","floor":1},{"not_picked":["Reprogram","Rebound","Storm"],"picked":"SKIP","floor":2},{"not_picked":["Double Energy","Cold Snap","Sweeping Beam"],"picked":"SKIP","floor":3},{"not_picked":["Cold Snap","Buffer","Ball Lightning"],"picked":"SKIP","floor":6},{"not_picked":["Turbo","Go for the Eyes","Conserve Battery"],"picked":"SKIP","floor":8},{"not_picked":["Beam Cell","Coolheaded","Darkness"],"picked":"SKIP","floor":11},{"not_picked":["Beam Cell","Stack"],"picked":"Defragment","floor":12},{"not_picked":["Conserve Battery","Streamline","Redo"],"picked":"SKIP","floor":14}],"player_experience":540443,"relics_obtained":[{"floor":6,"key":"Shovel"},{"floor":9,"key":"Bottled Lightning"},{"floor":10,"key":"Vajra"}],"event_choices":[{"damage_healed":0,"gold_gain":0,"player_choice":"Success","damage_taken":25,"relics_obtained":["Orichalcum"],"max_hp_gain":0,"max_hp_loss":0,"event_name":"Scrap Ooze","floor":4,"gold_loss":0},{"damage_healed":0,"gold_gain":0,"player_choice":"Searched \u00272\u0027 times","damage_taken":0,"relics_obtained":["Omamori"],"max_hp_gain":0,"max_hp_loss":0,"event_name":"Dead Adventurer","floor":7,"gold_loss":0}],"is_beta":false,"boss_relics":[],"items_purged_floors":[5],"is_endless":false,"potions_floor_spawned":[6,8,11],"killed_by":"Slime Boss","ascension_level":0}