{"gold_per_floor":[368,293,306,317,317,336,350,350,404,416,434,42,75,88,88,88],"floor_reached":16,"playtime":572,"items_purged":["Bash","Defend_R"],"score":106,"play_id":"02604b3f-b415-44c0-8049-497bb19d79cb","local_time":"20190412013252","is_ascension_mode":false,"campfire_choices":[{"data":"Thunderclap","floor":8,"key":"SMITH"},{"floor":15,"key":"REST"}],"neow_cost":"TEN_PERCENT_HP_LOSS","seed_source_timestamp":308669633889049,"circlet_count":0,"master_deck":["Strike_R","Strike_R","Strike_R","Strike_R","Strike_R","Defend_R","Defend_R","Defend_R","Thunderclap+1","Clash"],"relics":["Burning Blood","Pen Nib","Girya","Shuriken"],"potions_floor_usage":[10,13,13,16],"damage_taken":[{"damage":9,"enemies":"Small Slimes","floor":1,"turns":5},{"damage":1,"enemies":"Cultist","floor":3,"turns":4},{"damage":0,"enemies":"2 Louse","floor":4,"turns":2},{"damage":14,"enemies":"Exordium Thugs","floor":6,"turns":5},{"damage":15,"enemies":"2 Fungi Beasts","floor":7,"turns":6},{"damage":22,"enemies":"Large Slime","floor":10,"turns":7},{"damage":14,"enemies":"Gremlin Gang","floor":11,"turns":4},{"damage":14,"enemies":"Gremlin Nob","floor":13,"turns":3},{"damage":21,"enemies":"Exordium Wildlife","floor":14,"turns":3},{"damage":31,"enemies":"The Guardian","floor":16,"turns":9}],"seed_played":"-6731616829451087834","potions_obtained":[{"floor":3,"key":"FearPotion"},{"floor":4,"key":"Strength Potion"},{"floor":5,"key":"SmokeBomb"},{"floor":5,"key":"AttackPotion"},{"floor":11,"key":"Fire Potion"},{"floor":14,"key":"FearPotion"}],"is_trial":false,"path_per_floor":["M","$","M","M","?","M","M","R","T","M","M","$","E","M","R","B"],"character_chosen":"IRONCLAD","items_purchased":["Girya"],"campfire_rested":1,"item_purchase_floors":[12],"current_hp_per_floor":[69,69,72,72,72,64,55,55,55,39,31,31,23,8,29,0],"gold":88,"neow_bonus":"TWO_FIFTY_GOLD","is_prod":false,"is_daily":false,"chose_seed":false,"campfire_upgraded":1,"win_rate":0,"timestamp":1555057972,"path_taken":["M","$","M","M","?","M","M","R","T","M","?","?","E","M","R","BOSS"],"build_version":"2019-01-23","purchased_purges":2,"victory":false,"max_hp_per_floor":[72,72,72,72,72,72,72,72,72,72,72,72,72,72,72,72],"card_choices":[{"not_picked":["Rupture","Fire Breathing"],"picked":"Thunderclap","floor":1},{"not_picked":["Battle Trance","Hemokinesis","Twin Strike"],"picked":"SKIP","floor":3},{"not_picked":["Dual Wield","Whirlwind","Havoc"],"picked":"SKIP","floor":4},{"not_picked":["Second Wind","Anger","Pummel"],"picked":"SKIP","floor":6},{"not_picked":["Cleave","Ghostly Armor","Inflame"],"picked":"SKIP","floor":7},{"not_picked":["Anger","Pommel Strike","Havoc"],"picked":"SKIP","floor":10},{"not_picked":["Wild Strike","Blood for Blood","Flame Barrier"],"picked":"SKIP","floor":11},{"not_picked":["Whirlwind","Sword Boomerang","Disarm"],"picked":"SKIP","floor":13},{"not_picked":["Fire Breathing","Cleave"],"picked":"Clash","floor":14}],"player_experience":552604,"relics_obtained":[{"floor":9,"key":"Pen Nib"},{"floor":13,"key":"Shuriken"}],"event_choices":[{"damage_healed":0,"gold_gain":0,"player_choice":"Got Potions","damage_taken":0,"max_hp_gain":0,"max_hp_loss":0,"event_name":"Lab","floor":5,"gold_loss":0}],"is_beta":false,"boss_relics":[],"items_purged_floors":[2,12],"is_endless":false,"potions_floor_spawned":[3,4,11,14],"killed_by":"The Guardian","ascension_level":0}