{"gold_per_floor":[119,129,146,157,168,198,210,222,259,288,300,341,353,434,446,556,568,568,341,341,341,341,341,341,341,341,341,341,341,341,75,75,75,75,75,75,75,0,0,0,0,0,0,0,0,0,0,0,0,0],"floor_reached":51,"playtime":6859,"items_purged":["Strike_R"],"score":808,"play_id":"1cd4b2c7-be73-4417-9358-b0d9c3f466e1","local_time":"20190416113130","is_ascension_mode":true,"campfire_choices":[{"data":"Body Slam","floor":8.0,"key":"SMITH"},{"data":"Armaments","floor":13.0,"key":"SMITH"},{"data":"Armaments","floor":15.0,"key":"SMITH"},{"floor":24.0,"key":"REST"},{"floor":27.0,"key":"REST"},{"floor":29.0,"key":"REST"},{"floor":32.0,"key":"REST"},{"data":"Barricade","floor":40,"key":"SMITH"},{"floor":42,"key":"REST"},{"data":"Demon Form","floor":49,"key":"SMITH"}],"neow_cost":"TEN_PERCENT_HP_LOSS","seed_source_timestamp":0,"circlet_count":0,"master_deck":["Strike_R","Strike_R","Strike_R","Strike_R","Defend_R","Defend_R","Defend_R","Defend_R","Bash","Impervious","Armaments+1","Battle Trance","Seeing Red+1","Body Slam+1","Burning Pact+1","Flame Barrier","Armaments+1","Demon Form+1","Heavy Blade+1","Barricade+1","Metallicize","Battle Trance","Warcry","Shrug It Off","Warcry","Warcry","Warcry+1","Warcry+1","Body Slam+1","Rage","Dark Shackles"],"special_seed":0,"relics":["Burning Blood","MawBank","War Paint","SsserpentHead","Anchor","Ectoplasm","Art of War","Nunchaku","Potion Belt","Happy Flower","Kunai","Runic Cube","Bird Faced Urn","Red Mask","Orichalcum","FossilizedHelix"],"potions_floor_usage":[37,50,50,50],"damage_taken":[{"damage":6.0,"enemies":"2 Louse","floor":1.0,"turns":3.0},{"damage":10.0,"enemies":"Small Slimes","floor":2.0,"turns":4.0},{"damage":1.0,"enemies":"Cultist","floor":3.0,"turns":3.0},{"damage":1.0,"enemies":"2 Fungi Beasts","floor":4.0,"turns":5.0},{"damage":5.0,"enemies":"Looter","floor":5.0,"turns":4.0},{"damage":33.0,"enemies":"3 Sentries","floor":6.0,"turns":13.0},{"damage":0.0,"enemies":"Large Slime","floor":10.0,"turns":6.0},{"damage":24.0,"enemies":"Gremlin Nob","floor":12.0,"turns":5.0},{"damage":0.0,"enemies":"Blue Slaver","floor":14.0,"turns":3.0},{"damage":19.0,"enemies":"The Guardian","floor":16.0,"turns":8.0},{"damage":20.0,"enemies":"Spheric Guardian","floor":18.0,"turns":8.0},{"damage":10.0,"enemies":"3 Byrds","floor":20.0,"turns":5.0},{"damage":17.0,"enemies":"Cultist and Chosen","floor":21.0,"turns":10.0},{"damage":31.0,"enemies":"Gremlin Leader","floor":23.0,"turns":7.0},{"damage":25.0,"enemies":"Slavers","floor":25.0,"turns":7.0},{"damage":21.0,"enemies":"Gremlin Leader","floor":28.0,"turns":4.0},{"damage":10.0,"enemies":"3 Cultists","floor":30.0,"turns":5.0},{"damage":19.0,"enemies":"Automaton","floor":33.0,"turns":10.0},{"damage":2.0,"enemies":"3 Darklings","floor":35.0,"turns":7.0},{"damage":11,"enemies":"Orb Walker","floor":36,"turns":4},{"damage":27,"enemies":"2 Orb Walkers","floor":37,"turns":6},{"damage":4,"enemies":"Transient","floor":39,"turns":5},{"damage":19,"enemies":"Jaw Worm Horde","floor":41,"turns":6},{"damage":16,"enemies":"Maw","floor":44,"turns":7},{"damage":4,"enemies":"Sphere and 2 Shapes","floor":45,"turns":5},{"damage":0,"enemies":"Mind Bloom Boss Battle","floor":47,"turns":6},{"damage":3,"enemies":"Transient","floor":48,"turns":5},{"damage":0,"enemies":"Time Eater","floor":50,"turns":10}],"seed_played":"-218778405709636019","potions_obtained":[{"floor":1.0,"key":"SteroidPotion"},{"floor":4.0,"key":"SkillPotion"},{"floor":6.0,"key":"SkillPotion"},{"floor":12.0,"key":"LiquidBronze"},{"floor":18.0,"key":"Strength Potion"},{"floor":23.0,"key":"Block Potion"},{"floor":25.0,"key":"Explosive Potion"},{"floor":33.0,"key":"LiquidBronze"},{"floor":35,"key":"FearPotion"},{"floor":41,"key":"SmokeBomb"},{"floor":44,"key":"PowerPotion"},{"floor":45,"key":"AttackPotion"},{"floor":48,"key":"Dexterity Potion"}],"is_trial":false,"path_per_floor":["?","?","M","?","?","?","?","?","M"],"character_chosen":"IRONCLAD","items_purchased":["Barricade","Warcry","Kunai"],"campfire_rested":5,"item_purchase_floors":[19,31,31],"current_hp_per_floor":[72,68,72,72,72,45,45,45,45,51,51,33,33,39,39,26,72,58,58,54,43,43,18,39,20,20,41,26,47,43,43,64,51,72,72,67,46,46,50,50,43,64,64,60,66,66,72,72,72,72],"gold":0,"neow_bonus":"THREE_RARE_CARDS","is_prod":false,"is_daily":false,"chose_seed":false,"campfire_upgraded":5,"win_rate":0,"timestamp":1555407090,"path_taken":["M","M","M","M","M","E","?","R","T","M","?","E","R","?","R","BOSS","M","$","M","M","?","E","R","E","T","R","E","R","M","$","R","BOSS","M","M","?","?","M","R","M","R","T","M","M","?","?","?","R","BOSS"],"build_version":"2019-01-23","purchased_purges":1,"victory":true,"max_hp_per_floor":[72,72,72,72,72,72,72,72,72,72,72,72,72,72,72,72,72,72,72,72,72,72,72,72,72,72,72,72,72,72,72,72,72,72,72,72,72,72,72,72,72,72,72,72,72,72,72,72,72,72],"card_choices":[{"not_picked":["Berserk","Fiend Fire"],"picked":"Impervious","floor":0.0},{"not_picked":["Rage","Clothesline"],"picked":"Armaments","floor":1.0},{"not_picked":["Entrench","Hemokinesis","Dropkick"],"picked":"SKIP","floor":2.0},{"not_picked":["Heavy Blade","Disarm"],"picked":"Battle Trance","floor":3.0},{"not_picked":["Cleave","Iron Wave"],"picked":"Seeing Red","floor":4.0},{"not_picked":["Flame Barrier","Pommel Strike"],"picked":"Corruption","floor":5.0},{"not_picked":["Warcry","Whirlwind"],"picked":"Body Slam","floor":6.0},{"not_picked":["Flex","Clash"],"picked":"Flame Barrier","floor":10.0},{"not_picked":["Berserk","Brutality","Corruption"],"picked":"SKIP","floor":12.0},{"not_picked":["Infernal Blade","Anger"],"picked":"Armaments","floor":14.0},{"not_picked":["Berserk","Double Tap"],"picked":"Demon Form","floor":16.0},{"not_picked":["Warcry","Cleave+1"],"picked":"Heavy Blade+1","floor":18.0},{"not_picked":["Pummel+1","Rupture"],"picked":"Metallicize","floor":20.0},{"not_picked":["Sever Soul","Pommel Strike+1"],"picked":"Battle Trance","floor":21.0},{"not_picked":["Iron Wave","Spot Weakness+1"],"picked":"Warcry","floor":23.0},{"not_picked":["True Grit","Blood for Blood"],"picked":"Shrug It Off","floor":25.0},{"not_picked":["Combust+1","Demon Form","Fire Breathing"],"picked":"SKIP","floor":28.0},{"not_picked":["Feel No Pain","Inflame","Twin Strike+1"],"picked":"SKIP","floor":30.0},{"not_picked":["Infernal Blade+1","Corruption"],"picked":"Warcry","floor":35},{"not_picked":["Cleave","Carnage+1"],"picked":"Warcry+1","floor":36},{"not_picked":["Clothesline","Anger+1"],"picked":"Warcry+1","floor":37},{"not_picked":["Clash","Double Tap"],"picked":"Body Slam+1","floor":39},{"not_picked":["Armaments+1","Shrug It Off"],"picked":"Rage","floor":41},{"not_picked":["Flex+1","Flame Barrier+1","Clothesline"],"picked":"SKIP","floor":44},{"not_picked":["Evolve+1","Pummel+1","Combust"],"picked":"SKIP","floor":45},{"not_picked":["Purity","Dramatic Entrance"],"picked":"Dark Shackles","floor":46},{"not_picked":["Wild Strike+1","Cleave+1","Warcry"],"picked":"SKIP","floor":48}],"player_experience":105219,"relics_obtained":[{"floor":6.0,"key":"MawBank"},{"floor":9.0,"key":"War Paint"},{"floor":12.0,"key":"Anchor"},{"floor":23.0,"key":"Art of War"},{"floor":25.0,"key":"Nunchaku"},{"floor":26.0,"key":"Potion Belt"},{"floor":28.0,"key":"Happy Flower"},{"floor":37,"key":"Bird Faced Urn"},{"floor":43,"key":"Orichalcum"},{"floor":47,"key":"FossilizedHelix"}],"event_choices":[{"damage_healed":0.0,"max_hp_gain":0.0,"max_hp_loss":0.0,"gold_gain":0.0,"cards_transformed":["Corruption"],"event_name":"Living Wall","player_choice":"Change","floor":7.0,"gold_loss":0.0,"damage_taken":0.0,"cards_obtained":["Burning Pact"]},{"damage_healed":0.0,"max_hp_gain":0.0,"max_hp_loss":0.0,"gold_gain":0.0,"event_name":"FaceTrader","player_choice":"Trade","floor":11.0,"gold_loss":0.0,"damage_taken":0.0,"relics_obtained":["SsserpentHead"]},{"damage_healed":0.0,"max_hp_gain":0.0,"max_hp_loss":0.0,"gold_gain":0.0,"event_name":"Ghosts","player_choice":"Ignored","floor":22.0,"gold_loss":0.0,"damage_taken":0.0},{"damage_healed":0,"gold_gain":0,"player_choice":"Fight","damage_taken":0,"max_hp_gain":0,"max_hp_loss":0,"event_name":"Mysterious Sphere","floor":37,"gold_loss":0},{"damage_healed":0,"gold_gain":0,"player_choice":"Paid","damage_taken":0,"relics_obtained":["Red Mask"],"max_hp_gain":0,"max_hp_loss":0,"event_name":"Tomb of Lord Red Mask","floor":38,"gold_loss":75},{"damage_healed":0,"gold_gain":0,"player_choice":"Memory 1","damage_taken":0,"max_hp_gain":0,"max_hp_loss":0,"event_name":"SensoryStone","floor":46,"gold_loss":0},{"damage_healed":0,"gold_gain":0,"player_choice":"Fight","damage_taken":0,"max_hp_gain":0,"max_hp_loss":0,"event_name":"MindBloom","floor":47,"gold_loss":0}],"is_beta":false,"boss_relics":[{"not_picked":["Runic Dome","Busted Crown"],"picked":"Ectoplasm"},{"not_picked":["Calling Bell","Tiny House"],"picked":"Runic Cube"}],"items_purged_floors":[19],"is_endless":false,"potions_floor_spawned":[1,4,6,12,18,23,25,33,35,41,44,45,48],"ascension_level":1}