{"gold_per_floor":[116,128,195,211,211,237,237,298,343,356,366,382,366,377,377,482,482,469,469,95,107,22,57,57,84,135,135,153,171,206,206,206,305,305,324,324,118,136,136,136,166,184,209,222,222,277,277,287,287,287,287,287,56,86,86],"floor_reached":56,"playtime":6314,"items_purged":["Pain","Strike_B","All For One"],"score":1338,"play_id":"e899ffc5-b0f2-4979-839a-ae490ebec3d6","local_time":"20190417151307","is_ascension_mode":true,"campfire_choices":[{"floor":7.0,"key":"REST"},{"floor":15.0,"key":"REST"},{"data":"Zap","floor":24.0,"key":"SMITH"},{"floor":27.0,"key":"REST"},{"data":"Leap","floor":32.0,"key":"SMITH"},{"floor":40.0,"key":"RECALL"},{"floor":45.0,"key":"REST"},{"data":"Creative AI","floor":47.0,"key":"SMITH"},{"data":"Finesse","floor":49.0,"key":"SMITH"},{"data":"Defend_B","floor":52,"key":"SMITH"}],"neow_cost":"NONE","seed_source_timestamp":0,"circlet_count":0,"master_deck":["Strike_B","Strike_B","Defend_B+1","Defend_B","Defend_B","Defend_B","Zap+1","Dualcast","Leap+1","Cold Snap","BootSequence","Creative AI+1","Reboot","Self Repair","Defragment+1","Finesse+1","Loop+1","Cold Snap","Loop+1","Storm+1","Glacier","Seek","Glacier","Defragment+1"],"special_seed":0,"relics":["Cracked Core","WarpedTongs","The Courier","Tiny Chest","Regal Pillow","Velvet Choker","Frozen Egg 2","Happy Flower","Bag of Preparation","Mummified Hand","Orichalcum","Omamori","Girya","Inserter","Strawberry","Boot","Anchor","Oddly Smooth Stone","Blood Vial","Turnip"],"potions_floor_usage":[55,55,55],"damage_taken":[{"damage":10.0,"enemies":"Small Slimes","floor":1.0,"turns":3.0},{"damage":2.0,"enemies":"Jaw Worm","floor":2.0,"turns":3.0},{"damage":6.0,"enemies":"Cultist","floor":4.0,"turns":4.0},{"damage":34.0,"enemies":"Gremlin Nob","floor":6.0,"turns":4.0},{"damage":25.0,"enemies":"Lagavulin","floor":8.0,"turns":10.0},{"damage":9.0,"enemies":"Exordium Thugs","floor":10.0,"turns":5.0},{"damage":1.0,"enemies":"Looter","floor":11.0,"turns":4.0},{"damage":2.0,"enemies":"Large Slime","floor":12.0,"turns":5.0},{"damage":3.0,"enemies":"Exordium Thugs","floor":13.0,"turns":5.0},{"damage":4.0,"enemies":"Gremlin Gang","floor":14.0,"turns":5.0},{"damage":28.0,"enemies":"Hexaghost","floor":16.0,"turns":14.0},{"damage":7.0,"enemies":"2 Thieves","floor":18.0,"turns":4.0},{"damage":4.0,"enemies":"Chosen","floor":21.0,"turns":5.0},{"damage":47.0,"enemies":"Gremlin Leader","floor":23.0,"turns":10.0},{"damage":23.0,"enemies":"Slavers","floor":25.0,"turns":8.0},{"damage":10.0,"enemies":"3 Cultists","floor":28.0,"turns":6.0},{"damage":22.0,"enemies":"Centurion and Healer","floor":29.0,"turns":4.0},{"damage":11.0,"enemies":"Book of Stabbing","floor":30.0,"turns":5.0},{"damage":20.0,"enemies":"Automaton","floor":33.0,"turns":12.0},{"damage":1.0,"enemies":"Orb Walker","floor":35.0,"turns":3.0},{"damage":39.0,"enemies":"3 Darklings","floor":38.0,"turns":5.0},{"damage":30.0,"enemies":"Nemesis","floor":41.0,"turns":7.0},{"damage":0.0,"enemies":"Maw","floor":42.0,"turns":9.0},{"damage":0.0,"enemies":"Writhing Mass","floor":44.0,"turns":4.0},{"damage":14.0,"enemies":"Jaw Worm Horde","floor":48.0,"turns":5.0},{"damage":9,"enemies":"Time Eater","floor":50,"turns":12},{"damage":10,"enemies":"Shield and Spear","floor":54,"turns":8},{"damage":22,"enemies":"The Heart","floor":55,"turns":11}],"seed_played":"4066944767525084574","potions_obtained":[{"floor":4.0,"key":"SkillPotion"},{"floor":8.0,"key":"Block Potion"},{"floor":10.0,"key":"EssenceOfSteel"},{"floor":11.0,"key":"EntropicBrew"},{"floor":18.0,"key":"Weak Potion"},{"floor":21.0,"key":"Regen Potion"},{"floor":30.0,"key":"Block Potion"},{"floor":42.0,"key":"GamblersBrew"},{"floor":48.0,"key":"Strength Potion"}],"is_trial":false,"path_per_floor":["?","?","M","T","?","?","T","M","?","M","T"],"character_chosen":"DEFECT","items_purchased":["Defragment+1","Finesse","Loop+1","Happy Flower","Strawberry","Defragment+1","EntropicBrew"],"campfire_rested":4,"item_purchase_floors":[20,20,20,20,37,53,53],"current_hp_per_floor":[65,63,63,57,57,23,45,20,20,11,10,8,5,1,38,10,75,68,68,68,71,71,45,45,29,29,66,63,48,44,44,44,34,75,75,75,82,50,50,50,20,27,27,37,76,76,76,71,71,64,82,82,82,82,67],"gold":86,"neow_bonus":"TRANSFORM_CARD","is_prod":false,"is_daily":false,"chose_seed":false,"campfire_upgraded":5,"win_rate":0,"timestamp":1555506787,"path_taken":["M","M","?","M","?","E","R","E","T","M","M","M","M","?","R","BOSS","M","?","$","M","?","E","R","E","T","R","M","M","E","?","R","BOSS","M","?","$","?","?","R","E","M","T","?","R","?","R","M","R","BOSS","R","$","E","BOSS"],"build_version":"2019-01-23","purchased_purges":3,"victory":true,"max_hp_per_floor":[75,75,75,75,75,75,75,75,75,75,75,75,75,75,75,75,75,75,75,75,75,75,75,75,75,75,75,75,75,75,75,75,75,75,75,75,82,82,82,82,82,82,82,82,82,82,82,82,82,82,82,82,82,82,82],"card_choices":[{"not_picked":["Barrage","Consume","Hologram"],"picked":"SKIP","floor":1.0},{"not_picked":["Stack","Reprogram"],"picked":"Leap","floor":2.0},{"not_picked":["Streamline","Tempest","Hologram"],"picked":"SKIP","floor":4.0},{"not_picked":["Compile Driver","Self Repair"],"picked":"Cold Snap","floor":6.0},{"not_picked":["Hologram","Rip and Tear"],"picked":"BootSequence","floor":8.0},{"not_picked":["Cold Snap","Lockon","Leap"],"picked":"SKIP","floor":10.0},{"not_picked":["Fusion","Redo","Gash"],"picked":"SKIP","floor":11.0},{"not_picked":["Ball Lightning","Beam Cell","Sweeping Beam"],"picked":"SKIP","floor":12.0},{"not_picked":["Double Energy","Heatsinks"],"picked":"Creative AI","floor":13.0},{"not_picked":["Consume","Leap","Tempest"],"picked":"SKIP","floor":14.0},{"not_picked":["All For One","Creative AI"],"picked":"Reboot","floor":16.0},{"not_picked":["Melter+1","Stack+1"],"picked":"Self Repair","floor":18.0},{"not_picked":["White Noise","Recycle"],"picked":"Cold Snap","floor":21.0},{"not_picked":["Sweeping Beam","Compile Driver"],"picked":"Loop+1","floor":23.0},{"not_picked":["Sweeping Beam+1","Auto Shields","Multi-Cast"],"picked":"SKIP","floor":25.0},{"not_picked":["Leap","Compile Driver"],"picked":"Storm+1","floor":28.0},{"not_picked":["Melter","Tempest","Redo"],"picked":"SKIP","floor":29.0},{"not_picked":["Self Repair+1","Conserve Battery"],"picked":"Glacier","floor":30.0},{"not_picked":["Amplify","Creative AI+1"],"picked":"Seek","floor":33.0},{"not_picked":["Turbo+1","Coolheaded+1","Heatsinks+1"],"picked":"SKIP","floor":35.0},{"not_picked":["Compile Driver+1","Go for the Eyes+1"],"picked":"Glacier","floor":38.0},{"not_picked":["Self Repair+1","Stack","Conserve Battery+1"],"picked":"SKIP","floor":41.0},{"not_picked":["Genetic Algorithm+1","Force Field","Coolheaded"],"picked":"SKIP","floor":42.0},{"not_picked":["Conserve Battery","Genetic Algorithm+1","Gash+1"],"picked":"SKIP","floor":44.0},{"not_picked":["Scrape","Go for the Eyes+1","Conserve Battery+1"],"picked":"SKIP","floor":48.0},{"not_picked":["Turbo+1","Gash+1","Capacitor+1"],"picked":"SKIP","floor":54}],"player_experience":124655,"relics_obtained":[{"floor":6.0,"key":"The Courier"},{"floor":8.0,"key":"Tiny Chest"},{"floor":9.0,"key":"Regal Pillow"},{"floor":19.0,"key":"Frozen Egg 2"},{"floor":23.0,"key":"Mummified Hand"},{"floor":25.0,"key":"Orichalcum"},{"floor":26.0,"key":"Omamori"},{"floor":30.0,"key":"Girya"},{"floor":39.0,"key":"Boot"},{"floor":41.0,"key":"Anchor"},{"floor":43.0,"key":"Oddly Smooth Stone"},{"floor":46.0,"key":"Blood Vial"},{"floor":54,"key":"Turnip"}],"event_choices":[{"damage_healed":0.0,"max_hp_gain":0.0,"max_hp_loss":0.0,"gold_gain":67.0,"event_name":"Golden Wing","player_choice":"Gained Gold","floor":3.0,"gold_loss":0.0,"damage_taken":0.0},{"damage_healed":0.0,"max_hp_gain":0.0,"max_hp_loss":0.0,"gold_gain":0.0,"event_name":"Accursed Blacksmith","player_choice":"Rummage","floor":5.0,"gold_loss":0.0,"damage_taken":0.0,"relics_obtained":["WarpedTongs"],"cards_obtained":["Pain"]},{"damage_healed":0.0,"max_hp_gain":0.0,"max_hp_loss":0.0,"gold_gain":0.0,"event_name":"Addict","player_choice":"Obtained Relic","floor":22.0,"gold_loss":85.0,"damage_taken":0.0,"relics_obtained":["Bag of Preparation"]},{"damage_healed":0.0,"max_hp_gain":0.0,"max_hp_loss":0.0,"gold_gain":0.0,"event_name":"The Woman in Blue","player_choice":"Bought 0 Potions","floor":31.0,"gold_loss":0.0,"damage_taken":0.0},{"damage_healed":0.0,"max_hp_gain":0.0,"max_hp_loss":0.0,"gold_gain":0.0,"event_name":"Wheel of Change","player_choice":"Relic","floor":39.0,"gold_loss":0.0,"damage_taken":0.0}],"is_beta":false,"boss_relics":[{"not_picked":["Runic Dome","Coffee Dripper"],"picked":"Velvet Choker"},{"not_picked":["Pandora\u0027s Box","Lizard Tail"],"picked":"Inserter"}],"items_purged_floors":[20,37,53],"is_endless":false,"potions_floor_spawned":[4,8,10,11,18,21,30,42,48],"ascension_level":3}