{"gold_per_floor":[117,134,148,148,159,159,186,186,186,201,263,263,275,295,295,397,397,407,29,29,46,65,65,65,93,93,105,105,105,105,119,119,221,221,231,78,0,12,22,22,57,57,57,71,104,120,137,137,137,137,137,137,62,89,89],"floor_reached":56,"playtime":3036,"items_purged":["Decay"],"score":1331,"play_id":"11ce5d61-7713-4da7-ab40-9770072dcfcc","local_time":"20190410183039","is_ascension_mode":false,"campfire_choices":[{"data":"Bash","floor":6.0,"key":"SMITH"},{"data":"Perfected Strike","floor":8.0,"key":"SMITH"},{"data":"Panacea","floor":15.0,"key":"SMITH"},{"data":"Disarm","floor":23.0,"key":"SMITH"},{"data":"Shockwave","floor":28.0,"key":"SMITH"},{"data":"Perfected Strike","floor":30.0,"key":"SMITH"},{"data":"Demon Form","floor":32.0,"key":"SMITH"},{"floor":40.0,"key":"RECALL"},{"floor":49.0,"key":"REST"},{"floor":52.0,"key":"REST"}],"neow_cost":"NONE","seed_source_timestamp":2920799015300,"circlet_count":0,"master_deck":["Strike_R","Strike_R","Strike_R","Strike_R","Strike_R","Defend_R","Defend_R","Defend_R","Defend_R","Bash+1","Panacea+1","Pommel Strike","Perfected Strike+1","Spot Weakness","Flex+1","Disarm+1","Pommel Strike","Metallicize","Battle Trance","Demon Form+1","Perfected Strike+1","Metallicize","Shockwave+1","Pummel+1","Impervious","Feel No Pain","Twin Strike","Offering","Corruption","Shrug It Off+1","Clothesline+1","True Grit+1","Disarm","Headbutt+1"],"special_seed":0,"relics":["Burning Blood","Champion Belt","Letter Opener","Mummified Hand","Regal Pillow","Sozu","Pocketwatch","MutagenicStrength","Centennial Puzzle","Bottled Flame","Du-Vu Doll","Fusion Hammer","Orichalcum","Red Mask","Kunai","Blood Vial","Ginger"],"potions_floor_usage":[55],"damage_taken":[{"damage":6.0,"enemies":"Jaw Worm","floor":1.0,"turns":4.0},{"damage":0.0,"enemies":"Small Slimes","floor":2.0,"turns":3.0},{"damage":1.0,"enemies":"Cultist","floor":3.0,"turns":3.0},{"damage":10.0,"enemies":"Looter","floor":5.0,"turns":2.0},{"damage":26.0,"enemies":"Lagavulin","floor":7.0,"turns":4.0},{"damage":7.0,"enemies":"Gremlin Gang","floor":10.0,"turns":5.0},{"damage":15.0,"enemies":"Lagavulin Event","floor":11.0,"turns":4.0},{"damage":1.0,"enemies":"3 Louse","floor":13.0,"turns":3.0},{"damage":7.0,"enemies":"Blue Slaver","floor":14.0,"turns":3.0},{"damage":0.0,"enemies":"Slime Boss","floor":16.0,"turns":3.0},{"damage":5.0,"enemies":"Chosen","floor":18.0,"turns":4.0},{"damage":15.0,"enemies":"3 Byrds","floor":21.0,"turns":4.0},{"damage":1.0,"enemies":"Snecko","floor":22.0,"turns":4.0},{"damage":28.0,"enemies":"Slavers","floor":25.0,"turns":3.0},{"damage":2.0,"enemies":"Cultist and Chosen","floor":27.0,"turns":4.0},{"damage":3.0,"enemies":"Shelled Parasite and Fungi","floor":31.0,"turns":3.0},{"damage":0.0,"enemies":"Collector","floor":33.0,"turns":6.0},{"damage":9.0,"enemies":"3 Shapes","floor":35.0,"turns":4.0},{"damage":3.0,"enemies":"3 Darklings","floor":38.0,"turns":4.0},{"damage":6.0,"enemies":"Sphere and 2 Shapes","floor":39.0,"turns":5.0},{"damage":6.0,"enemies":"Nemesis","floor":41.0,"turns":5.0},{"damage":3.0,"enemies":"Spire Growth","floor":44.0,"turns":3.0},{"damage":6.0,"enemies":"Reptomancer","floor":45.0,"turns":7.0},{"damage":0.0,"enemies":"Jaw Worm Horde","floor":46.0,"turns":3.0},{"damage":6.0,"enemies":"Sphere and 2 Shapes","floor":47.0,"turns":3.0},{"damage":15.0,"enemies":"Time Eater","floor":50.0,"turns":10.0},{"damage":20.0,"enemies":"Shield and Spear","floor":54.0,"turns":5.0},{"damage":62,"enemies":"The Heart","floor":55,"turns":9}],"seed_played":"-6987377753434033541","potions_obtained":[{"floor":2.0,"key":"AttackPotion"},{"floor":10.0,"key":"Block Potion"},{"floor":11.0,"key":"SmokeBomb"},{"floor":14.0,"key":"AttackPotion"},{"floor":16.0,"key":"Dexterity Potion"}],"is_trial":false,"path_per_floor":["M","M","M","?","M","R","E","R","T","M","?","?","M","M","R","B",null,"M","$","?","M","M","R","?","E","T","M","R","?","R","M","R","B",null,"M","$","?","M","M","R","E","?","T","M","E","M","M","?","R","B",null,"R","$","E","B",null],"character_chosen":"IRONCLAD","items_purchased":["Pocketwatch","Metallicize","Orichalcum"],"campfire_rested":2,"item_purchase_floors":[19,19,36],"current_hp_per_floor":[80,80,80,73,69,69,49,49,49,48,39,39,44,43,43,49,80,80,80,80,71,76,76,76,54,54,58,58,58,58,61,61,67,80,77,77,77,80,80,80,80,80,80,80,80,80,80,76,76,67,76,76,76,62,8],"gold":89,"neow_bonus":"RANDOM_COLORLESS","is_prod":false,"is_daily":false,"chose_seed":false,"campfire_upgraded":7,"win_rate":1,"timestamp":1554946239,"path_taken":["M","M","M","?","M","R","E","R","T","M","?","?","M","M","R","BOSS","M","$","?","M","M","R","?","E","T","?","R","?","R","M","R","BOSS","M","$","?","M","M","R","E","?","T","M","E","M","?","?","R","BOSS","R","$","E","BOSS"],"build_version":"2019-01-23","purchased_purges":1,"victory":true,"max_hp_per_floor":[80,80,80,80,80,80,80,80,80,80,80,80,80,80,80,80,80,80,80,80,80,80,80,80,80,80,80,80,80,80,80,80,80,80,80,80,80,80,80,80,80,80,80,80,80,80,80,76,76,76,76,76,76,76,76],"card_choices":[{"not_picked":["Heavy Blade","Havoc"],"picked":"Pommel Strike","floor":1.0},{"not_picked":["Warcry","Clash"],"picked":"Perfected Strike","floor":2.0},{"not_picked":["Hemokinesis","Perfected Strike"],"picked":"Spot Weakness","floor":3.0},{"not_picked":["Intimidate","Thunderclap"],"picked":"Flex","floor":5.0},{"not_picked":["Shrug It Off","Reaper"],"picked":"Disarm","floor":7.0},{"not_picked":["Fire Breathing","Infernal Blade","Sever Soul"],"picked":"SKIP","floor":10.0},{"not_picked":["Warcry","Dropkick"],"picked":"Pommel Strike","floor":11.0},{"not_picked":["Havoc","Flex"],"picked":"Metallicize","floor":13.0},{"not_picked":["Iron Wave","Infernal Blade"],"picked":"Battle Trance","floor":14.0},{"not_picked":["Dark Embrace","Barricade"],"picked":"Demon Form","floor":16.0},{"not_picked":["Inflame","Ghostly Armor"],"picked":"Perfected Strike","floor":18.0},{"not_picked":["Rupture","Dropkick"],"picked":"Shockwave","floor":21.0},{"not_picked":["Havoc","Warcry"],"picked":"Pummel+1","floor":22.0},{"not_picked":["Offering","Searing Blow"],"picked":"Impervious","floor":25.0},{"not_picked":["Warcry+1","Evolve"],"picked":"Feel No Pain","floor":27.0},{"not_picked":["Flex","Havoc"],"picked":"Twin Strike","floor":31.0},{"not_picked":["Dark Embrace","Juggernaut"],"picked":"Offering","floor":33.0},{"not_picked":["Armaments+1","Inflame"],"picked":"Corruption","floor":35.0},{"not_picked":["True Grit","Seeing Red+1","Cleave"],"picked":"SKIP","floor":38.0},{"not_picked":["Wild Strike+1","Seeing Red+1"],"picked":"Shrug It Off+1","floor":39.0},{"not_picked":["Reckless Charge+1","Shrug It Off+1"],"picked":"Clothesline+1","floor":41.0},{"not_picked":["Clothesline","Havoc+1"],"picked":"True Grit+1","floor":44.0},{"not_picked":["Fiend Fire","Wild Strike+1"],"picked":"Disarm","floor":45.0},{"not_picked":["Seeing Red+1","Armaments"],"picked":"Headbutt+1","floor":46.0},{"not_picked":["Anger","Clash","Body Slam+1"],"picked":"SKIP","floor":47.0},{"not_picked":["Fiend Fire","Dropkick","Fire Breathing+1"],"picked":"SKIP","floor":54.0}],"player_experience":270245,"relics_obtained":[{"floor":7.0,"key":"Letter Opener"},{"floor":9.0,"key":"Mummified Hand"},{"floor":25.0,"key":"Centennial Puzzle"},{"floor":26.0,"key":"Bottled Flame"},{"floor":41.0,"key":"Kunai"},{"floor":45.0,"key":"Blood Vial"},{"floor":54.0,"key":"Ginger"}],"event_choices":[{"damage_healed":0.0,"max_hp_gain":0.0,"max_hp_loss":0.0,"gold_gain":0.0,"event_name":"Scrap Ooze","player_choice":"Success","floor":4.0,"gold_loss":0.0,"damage_taken":7.0,"relics_obtained":["Champion Belt"]},{"damage_healed":0.0,"max_hp_gain":0.0,"max_hp_loss":0.0,"gold_gain":0.0,"event_name":"Dead Adventurer","player_choice":"Searched \u00273\u0027 times","floor":11.0,"gold_loss":0.0,"damage_taken":0.0,"relics_obtained":["Regal Pillow"]},{"damage_healed":0.0,"max_hp_gain":0.0,"max_hp_loss":0.0,"gold_gain":0.0,"event_name":"Accursed Blacksmith","player_choice":"Forge","floor":12.0,"gold_loss":0.0,"damage_taken":0.0,"cards_upgraded":["Flex"]},{"damage_healed":0.0,"max_hp_gain":0.0,"max_hp_loss":0.0,"gold_gain":0.0,"event_name":"Drug Dealer","player_choice":"Inject Mutagens","floor":20.0,"gold_loss":0.0,"damage_taken":0.0,"relics_obtained":["MutagenicStrength"]},{"damage_healed":0.0,"max_hp_gain":0.0,"max_hp_loss":0.0,"gold_gain":0.0,"event_name":"Lab","player_choice":"Got Potions","floor":24.0,"gold_loss":0.0,"damage_taken":0.0},{"damage_healed":0.0,"max_hp_gain":0.0,"max_hp_loss":0.0,"gold_gain":0.0,"event_name":"The Mausoleum","player_choice":"Opened","floor":29.0,"gold_loss":0.0,"damage_taken":0.0,"relics_obtained":["Du-Vu Doll"]},{"damage_healed":0.0,"max_hp_gain":0.0,"max_hp_loss":0.0,"gold_gain":0.0,"event_name":"Tomb of Lord Red Mask","player_choice":"Paid","floor":37.0,"gold_loss":78.0,"damage_taken":0.0,"relics_obtained":["Red Mask"]},{"damage_healed":0.0,"max_hp_gain":0.0,"max_hp_loss":0.0,"gold_gain":0.0,"event_name":"Wheel of Change","player_choice":"Cursed","floor":42.0,"gold_loss":0.0,"damage_taken":0.0,"cards_obtained":["Decay"]},{"damage_healed":0.0,"max_hp_gain":0.0,"max_hp_loss":4.0,"gold_gain":0.0,"event_name":"Winding Halls","player_choice":"Max HP","floor":48.0,"gold_loss":0.0,"damage_taken":0.0}],"is_beta":false,"boss_relics":[{"not_picked":["Calling Bell","White Beast Statue"],"picked":"Sozu"},{"not_picked":["Lizard Tail","Runic Cube"],"picked":"Fusion Hammer"}],"items_purged_floors":[53],"is_endless":false,"potions_floor_spawned":[2,10,11,14,16,18,31,33,35,38,41,54],"ascension_level":0}