{"gold_per_floor":[144,189,234,9,54,144,144,144,194,194,284,459,459,504,504,804,804,849,894,894,939,503,593,638,683,708,753,798,339,384,34,34,359,359,404,449,449,24,69,69,159,34,34,34,124,169,214,214,214,214],"floor_reached":51,"playtime":2456,"items_purged":["Doubt","Strike_B","Defend_B"],"score":966,"play_id":"b7426f61-fce1-4635-8b7f-3bc0380b2ba4","local_time":"20190418165601","daily_mods":["Specialized","Vintage","Midas"],"is_ascension_mode":false,"campfire_choices":[{"floor":10.0,"key":"REST"},{"floor":15.0,"key":"REST"},{"floor":32.0,"key":"REST"},{"data":"1","floor":40,"key":"LIFT"},{"data":"2","floor":44,"key":"LIFT"},{"data":"3","floor":49,"key":"LIFT"}],"neow_cost":"","seed_source_timestamp":0,"circlet_count":0,"master_deck":["Defend_B","Defend_B","Defend_B+1","Zap","Dualcast","Rebound","Rebound+1","Rebound","Rebound","Rebound","Conserve Battery","Steam Power","Ball Lightning","Multi-Cast","Electrodynamics","Metamorphosis+1","Conserve Battery+1","Loop","Transmutation+1","Transmutation+1","Coolheaded+1","Apotheosis+1","BootSequence+1","White Noise+1","Core Surge+1","Glacier+1","Steam+1","Madness+1","Madness+1"],"special_seed":18004,"relics":["Cracked Core","Dodecahedron","Blood Vial","Shuriken","Membership Card","Meat on the Bone","Bottled Lightning","Boot","Regal Pillow","Ancient Tea Set","Happy Flower","Empty Cage","Centennial Puzzle","Toxic Egg 2","NlothsMask","Molten Egg 2","Sling","Bag of Marbles","Oddly Smooth Stone","Pen Nib","Girya","Pear","Mango","Dream Catcher","Strawberry","Juzu Bracelet","DollysMirror","Omamori","Mercury Hourglass","Mummified Hand","Nuclear Battery","Sundial","Bag of Preparation","Cables","Lantern","Frozen Eye","Gremlin Horn","FossilizedHelix","Pantograph","Ornamental Fan","Ginger","Incense Burner","Art of War"],"potions_floor_usage":[50,50,50],"damage_taken":[{"damage":2.0,"enemies":"Small Slimes","floor":1.0,"turns":2.0},{"damage":3.0,"enemies":"2 Louse","floor":2.0,"turns":3.0},{"damage":6.0,"enemies":"Jaw Worm","floor":3.0,"turns":3.0},{"damage":1.0,"enemies":"2 Fungi Beasts","floor":5.0,"turns":3.0},{"damage":12.0,"enemies":"Lagavulin","floor":6.0,"turns":5.0},{"damage":20.0,"enemies":"Gremlin Nob","floor":11.0,"turns":4.0},{"damage":6.0,"enemies":"Gremlin Gang","floor":14.0,"turns":3.0},{"damage":73.0,"enemies":"The Guardian","floor":16.0,"turns":10.0},{"damage":9.0,"enemies":"3 Byrds","floor":18.0,"turns":4.0},{"damage":15.0,"enemies":"Chosen","floor":19.0,"turns":4.0},{"damage":35.0,"enemies":"Snecko","floor":21.0,"turns":6.0},{"damage":22.0,"enemies":"Gremlin Leader","floor":23.0,"turns":6.0},{"damage":7.0,"enemies":"3 Cultists","floor":24.0,"turns":3.0},{"damage":12.0,"enemies":"Centurion and Healer","floor":25.0,"turns":4.0},{"damage":22.0,"enemies":"Sentry and Sphere","floor":27.0,"turns":5.0},{"damage":8.0,"enemies":"Cultist and Chosen","floor":28.0,"turns":4.0},{"damage":4.0,"enemies":"Snake Plant","floor":30.0,"turns":3.0},{"damage":8.0,"enemies":"Champ","floor":33.0,"turns":9.0},{"damage":19,"enemies":"3 Darklings","floor":35,"turns":3},{"damage":0,"enemies":"3 Shapes","floor":36,"turns":3},{"damage":0,"enemies":"Transient","floor":39,"turns":5},{"damage":0,"enemies":"Giant Head","floor":41,"turns":6},{"damage":0,"enemies":"Nemesis","floor":45,"turns":5},{"damage":0,"enemies":"Sphere and 2 Shapes","floor":46,"turns":3},{"damage":0,"enemies":"3 Darklings","floor":47,"turns":2},{"damage":9,"enemies":"Donu and Deca","floor":50,"turns":5}],"seed_played":"-4024911570082513858","potions_obtained":[{"floor":2.0,"key":"SkillPotion"},{"floor":6.0,"key":"FocusPotion"},{"floor":14.0,"key":"SpeedPotion"},{"floor":16.0,"key":"Dexterity Potion"},{"floor":21.0,"key":"Dexterity Potion"},{"floor":27.0,"key":"Weak Potion"},{"floor":46,"key":"SkillPotion"},{"floor":47,"key":"Fruit Juice"}],"is_trial":false,"path_per_floor":["M","M","M","$","M","E","?","?","T","R","E","?","?","M","R","B",null,"M","M","?","M","$","E","M","M","T","M","M","$","M","$","R","B",null,"M","M","?","$","M","R","E","$","T","R","E","M","M","?","R","B",null],"character_chosen":"DEFECT","items_purchased":["Membership Card","Conserve Battery","Sling","Bag of Marbles","Oddly Smooth Stone","Metamorphosis+1","Conserve Battery+1","Regen Potion","Strawberry","Juzu Bracelet","Transmutation+1","DollysMirror","FocusPotion","Coolheaded+1","Apotheosis+1","BootSequence+1","Mercury Hourglass","Mummified Hand","Cables","Glacier+1","Steam+1","Lantern","Frozen Eye","Pantograph"],"campfire_rested":3,"item_purchase_floors":[4,4,22,22,22,22,22,22,29,29,29,29,29,29,31,31,31,31,38,38,38,38,38,42],"current_hp_per_floor":[73,70,66,66,67,57,42,35,35,72,54,54,54,50,75,14,75,66,53,53,32,32,39,46,58,58,64,58,65,63,63,106,98,106,87,89,89,89,91,91,93,93,93,93,95,97,99,86,86,102],"gold":214,"neow_bonus":"","is_prod":false,"is_daily":true,"chose_seed":false,"campfire_upgraded":0,"win_rate":0,"timestamp":1555602961,"path_taken":["M","M","M","$","M","E","?","?","T","R","E","?","?","M","R","BOSS","M","?","?","M","$","E","M","M","T","M","?","$","M","?","R","BOSS","M","M","?","$","M","R","E","?","T","R","E","M","M","?","R","BOSS"],"build_version":"2019-01-23","purchased_purges":3,"victory":true,"max_hp_per_floor":[75,75,75,75,75,75,75,75,75,75,75,75,75,75,75,75,75,75,75,75,75,75,75,75,85,85,99,99,106,106,106,106,106,106,106,106,106,106,106,106,106,106,106,106,106,106,106,106,106,111],"card_choices":[{"not_picked":["Stack","Rip and Tear"],"picked":"Steam Power","floor":6.0},{"not_picked":["BootSequence","FTL"],"picked":"Ball Lightning","floor":11.0},{"not_picked":["Rainbow","Thunder Strike"],"picked":"Electrodynamics","floor":16.0},{"not_picked":["Ball Lightning+1","Melter+1"],"picked":"Loop","floor":23.0},{"not_picked":["Conserve Battery+1","Steam+1"],"picked":"White Noise+1","floor":32.0},{"not_picked":["Fission+1","Creative AI"],"picked":"Core Surge+1","floor":33.0},{"not_picked":["Turbo+1","Aggregate+1","Compile Driver+1"],"picked":"SKIP","floor":41},{"not_picked":["Compile Driver+1","Loop","Ball Lightning+1"],"picked":"SKIP","floor":45}],"player_experience":240725,"relics_obtained":[{"floor":1.0,"key":"Dodecahedron"},{"floor":2.0,"key":"Blood Vial"},{"floor":3.0,"key":"Shuriken"},{"floor":5.0,"key":"Meat on the Bone"},{"floor":6.0,"key":"Bottled Lightning"},{"floor":9.0,"key":"Regal Pillow"},{"floor":11.0,"key":"Ancient Tea Set"},{"floor":14.0,"key":"Happy Flower"},{"floor":18.0,"key":"Centennial Puzzle"},{"floor":19.0,"key":"Toxic Egg 2"},{"floor":21.0,"key":"Molten Egg 2"},{"floor":23.0,"key":"Pen Nib"},{"floor":24.0,"key":"Girya"},{"floor":25.0,"key":"Pear"},{"floor":27.0,"key":"Mango"},{"floor":28.0,"key":"Dream Catcher"},{"floor":30.0,"key":"Omamori"},{"floor":35,"key":"Sundial"},{"floor":36,"key":"Bag of Preparation"},{"floor":39,"key":"Gremlin Horn"},{"floor":41,"key":"FossilizedHelix"},{"floor":43,"key":"Ornamental Fan"},{"floor":45,"key":"Ginger"},{"floor":46,"key":"Incense Burner"},{"floor":47,"key":"Art of War"}],"event_choices":[{"damage_healed":0.0,"max_hp_gain":0.0,"max_hp_loss":0.0,"gold_gain":0.0,"event_name":"Shining Light","player_choice":"Entered Light","floor":7.0,"gold_loss":0.0,"damage_taken":15.0,"cards_upgraded":["Rebound","Defend_B"]},{"damage_healed":0.0,"max_hp_gain":0.0,"max_hp_loss":0.0,"gold_gain":0.0,"event_name":"Scrap Ooze","player_choice":"Success","floor":8.0,"gold_loss":0.0,"damage_taken":7.0,"relics_obtained":["Boot"]},{"damage_healed":0.0,"max_hp_gain":0.0,"max_hp_loss":0.0,"gold_gain":175.0,"event_name":"Liars Game","player_choice":"AGREE","floor":12.0,"gold_loss":0.0,"damage_taken":0.0,"cards_obtained":["Doubt"]},{"damage_healed":0.0,"max_hp_gain":0.0,"max_hp_loss":0.0,"gold_gain":0.0,"cards_transformed":["Strike_B"],"event_name":"Transmorgrifier","player_choice":"Transformed","floor":13.0,"gold_loss":0.0,"damage_taken":0.0,"cards_obtained":["Multi-Cast"]},{"damage_healed":0.0,"max_hp_gain":0.0,"max_hp_loss":0.0,"gold_gain":0.0,"event_name":"FaceTrader","player_choice":"Trade","floor":20.0,"gold_loss":0.0,"damage_taken":0.0,"relics_obtained":["NlothsMask"]},{"damage_healed":0,"gold_gain":0,"player_choice":"Ignored","damage_taken":0,"max_hp_gain":0,"max_hp_loss":0,"event_name":"SecretPortal","floor":37,"gold_loss":0},{"damage_healed":0,"gold_gain":0,"player_choice":"Embrace Madness","damage_taken":13,"max_hp_gain":0,"max_hp_loss":0,"event_name":"Winding Halls","floor":48,"gold_loss":0,"cards_obtained":["Madness","Madness"]}],"is_beta":false,"boss_relics":[{"not_picked":["Velvet Choker","Philosopher\u0027s Stone"],"picked":"Empty Cage"},{"not_picked":["Black Star","Pandora\u0027s Box"],"picked":"Nuclear Battery"}],"items_purged_floors":[22,29,38],"is_endless":false,"potions_floor_spawned":[2,6,14,16,21,27,28,33,35,41,46,47],"ascension_level":0}