{"gold_per_floor":[118,131,131,44,56,83,34,69,140,166,142,142,177,196,196,298,298,311,330,39,39,39,64,64,84,84,94,121,121,141,172,172,269,269,287,194,0,0,16,42,42,77,125,125,17,30,61,415,415,415],"floor_reached":51,"playtime":5394,"items_purged":[],"score":961,"play_id":"6c594642-2644-4d80-ab7a-f13a95907e38","local_time":"20190406142939","is_ascension_mode":true,"campfire_choices":[{"data":"Infinite Blades","floor":12,"key":"SMITH"},{"floor":15,"key":"REST"},{"data":"Blade Dance","floor":24,"key":"SMITH"},{"data":"Dodge and Roll","floor":29,"key":"SMITH"},{"floor":32,"key":"REST"},{"data":"Blade Dance","floor":41,"key":"SMITH"},{"floor":49,"key":"REST"}],"neow_cost":"NONE","seed_source_timestamp":14022462093754,"circlet_count":0,"master_deck":["Defend_G","Defend_G","Defend_G","Defend_G+1","Defend_G","Strike_G","Strike_G","Strike_G","Strike_G","Strike_G","Survivor","Neutralize","Infinite Blades+1","Backflip","Flash of Steel","Dodge and Roll+1","Dodge and Roll+1","Deflect","PiercingWail","Adrenaline+1","Blade Dance+1","Dodge and Roll+1","Flash of Steel","Slice","PiercingWail+1","Quick Slash","Infinite Blades+1","Terror","Backflip","Blade Dance+1","Adrenaline","Distraction+1","Dramatic Entrance","PiercingWail+1","Backflip+1","Terror","Expertise","Dagger Throw+1","Deflect+1"],"relics":["WristBlade","Incense Burner","Pen Nib","Letter Opener","Omamori","Strawberry","White Beast Statue","Sling","Snake Skull","Kunai","Dodecahedron","Dream Catcher","Philosopher\u0027s Stone","Red Mask","Vajra","Juzu Bracelet","War Paint","Frozen Egg 2","Old Coin"],"potions_floor_usage":[6,8,13,16,16,19,23,25,27,28,31,33,33,35,40,42,42,47,48,50,50,50],"damage_taken":[{"damage":0,"enemies":"2 Louse","floor":1,"turns":3},{"damage":6,"enemies":"Jaw Worm","floor":2,"turns":4},{"damage":0,"enemies":"Cultist","floor":5,"turns":3},{"damage":13,"enemies":"3 Sentries","floor":6,"turns":8},{"damage":8,"enemies":"Lagavulin","floor":8,"turns":8},{"damage":2,"enemies":"3 Sentries","floor":10,"turns":8},{"damage":11,"enemies":"Lagavulin","floor":13,"turns":7},{"damage":0,"enemies":"Blue Slaver","floor":14,"turns":4},{"damage":16,"enemies":"Hexaghost","floor":16,"turns":10},{"damage":5,"enemies":"Chosen","floor":18,"turns":6},{"damage":0,"enemies":"Spheric Guardian","floor":19,"turns":2},{"damage":1,"enemies":"Gremlin Leader","floor":23,"turns":7},{"damage":0,"enemies":"3 Cultists","floor":25,"turns":5},{"damage":0,"enemies":"Snecko","floor":27,"turns":5},{"damage":23,"enemies":"Slavers","floor":28,"turns":4},{"damage":8,"enemies":"Shelled Parasite and Fungi","floor":30,"turns":4},{"damage":5,"enemies":"Book of Stabbing","floor":31,"turns":4},{"damage":21,"enemies":"Automaton","floor":33,"turns":11},{"damage":9,"enemies":"3 Shapes","floor":35,"turns":3},{"damage":0,"enemies":"Orb Walker","floor":39,"turns":3},{"damage":0,"enemies":"Reptomancer","floor":40,"turns":3},{"damage":0,"enemies":"Nemesis","floor":42,"turns":5},{"damage":8,"enemies":"Sphere and 2 Shapes","floor":46,"turns":4},{"damage":0,"enemies":"Giant Head","floor":47,"turns":6},{"damage":8,"enemies":"2 Orb Walkers","floor":48,"turns":4},{"damage":13,"enemies":"Awakened One","floor":50,"turns":14}],"seed_played":"3407107359358106403","potions_obtained":[{"floor":1,"key":"Fire Potion"},{"floor":5,"key":"SkillPotion"},{"floor":8,"key":"SteroidPotion"},{"floor":10,"key":"Weak Potion"},{"floor":14,"key":"Strength Potion"},{"floor":18,"key":"Block Potion"},{"floor":19,"key":"Dexterity Potion"},{"floor":23,"key":"Explosive Potion"},{"floor":25,"key":"GhostInAJar"},{"floor":27,"key":"Poison Potion"},{"floor":28,"key":"Fire Potion"},{"floor":30,"key":"SteroidPotion"},{"floor":31,"key":"EssenceOfSteel"},{"floor":33,"key":"GhostInAJar"},{"floor":35,"key":"Energy Potion"},{"floor":39,"key":"SpeedPotion"},{"floor":40,"key":"Ancient Potion"},{"floor":42,"key":"SkillPotion"},{"floor":46,"key":"Fruit Juice"},{"floor":47,"key":"Fruit Juice"},{"floor":48,"key":"EssenceOfSteel"}],"is_trial":false,"path_per_floor":["?","$","?","?","?","?","?","$","?"],"character_chosen":"THE_SILENT","items_purchased":["Flash of Steel","Poison Potion","Deflect","Flash of Steel","Sling","Dramatic Entrance","Terror","Expertise"],"campfire_rested":3,"item_purchase_floors":[4,7,11,20,20,36,45,45],"current_hp_per_floor":[70,64,64,64,64,51,51,43,43,41,41,41,37,37,60,44,77,72,72,72,72,72,71,71,71,71,71,48,48,40,35,58,37,77,68,68,68,68,68,68,68,68,68,73,73,65,70,67,87,74],"gold":415,"neow_bonus":"BOSS_RELIC","is_prod":false,"is_daily":false,"chose_seed":false,"campfire_upgraded":4,"win_rate":1,"timestamp":1554553779,"path_taken":["M","M","?","$","M","E","?","E","T","E","$","R","E","M","R","BOSS","M","M","$","?","?","E","R","M","T","M","E","R","M","E","R","BOSS","M","$","?","?","M","E","R","E","T","?","?","M","E","?","R","BOSS"],"build_version":"2019-01-23","purchased_purges":0,"victory":true,"max_hp_per_floor":[70,70,70,70,70,70,70,70,70,70,70,70,77,77,77,77,77,77,77,77,77,77,77,77,77,77,77,77,77,77,77,77,77,77,77,77,77,77,77,77,77,77,77,77,77,77,82,87,87,87],"card_choices":[{"not_picked":["Footwork","Endless Agony"],"picked":"Infinite Blades","floor":1},{"not_picked":["Escape Plan","Masterful Stab"],"picked":"Backflip","floor":2},{"not_picked":["Well Laid Plans","Flying Knee","Crippling Poison"],"picked":"SKIP","floor":5},{"not_picked":["Caltrops","Escape Plan"],"picked":"Dodge and Roll","floor":6},{"not_picked":["Venomology","Quick Slash","Bouncing Flask"],"picked":"SKIP","floor":8},{"not_picked":["Well Laid Plans","Dagger Spray"],"picked":"Dodge and Roll","floor":10},{"not_picked":["Outmaneuver","Poisoned Stab"],"picked":"PiercingWail","floor":13},{"not_picked":["Masterful Stab","Quick Slash","Glass Knife"],"picked":"SKIP","floor":14},{"not_picked":["A Thousand Cuts","Malaise"],"picked":"Adrenaline","floor":16},{"not_picked":["Footwork","Bane"],"picked":"Blade Dance","floor":18},{"not_picked":["Reflex","Outmaneuver"],"picked":"Dodge and Roll+1","floor":19},{"not_picked":["Underhanded Strike","Dagger Throw+1"],"picked":"PiercingWail+1","floor":23},{"not_picked":["Skewer","Dagger Throw"],"picked":"Quick Slash","floor":25},{"not_picked":["Masterful Stab","Catalyst+1"],"picked":"Infinite Blades+1","floor":27},{"not_picked":["Noxious Fumes+1","Eviscerate"],"picked":"Terror","floor":28},{"not_picked":["Eviscerate+1","Corpse Explosion"],"picked":"Backflip","floor":30},{"not_picked":["Dagger Throw","Bane","Flying Knee+1"],"picked":"SKIP","floor":31},{"not_picked":["Dagger Throw+1","Backstab+1"],"picked":"Blade Dance","floor":32},{"not_picked":["Unload","Night Terror"],"picked":"Adrenaline","floor":33},{"not_picked":["Poisoned Stab+1","Sucker Punch+1"],"picked":"Distraction+1","floor":35},{"not_picked":["Flying Knee+1","Slice+1"],"picked":"PiercingWail+1","floor":39},{"not_picked":["Prepared+1","A Thousand Cuts"],"picked":"Backflip+1","floor":40},{"not_picked":["Noxious Fumes","Poisoned Stab+1"],"picked":"Backflip+1","floor":42},{"not_picked":["Underhanded Strike+1","Outmaneuver+1"],"picked":"Dagger Throw+1","floor":46},{"not_picked":["Tactician","Noxious Fumes+1","Reflex"],"picked":"SKIP","floor":47},{"not_picked":["Masterful Stab+1","Slice"],"picked":"Deflect+1","floor":49}],"player_experience":61243,"relics_obtained":[{"floor":6,"key":"Incense Burner"},{"floor":8,"key":"Pen Nib"},{"floor":9,"key":"Letter Opener"},{"floor":10,"key":"Omamori"},{"floor":13,"key":"Strawberry"},{"floor":23,"key":"Snake Skull"},{"floor":26,"key":"Kunai"},{"floor":28,"key":"Dodecahedron"},{"floor":31,"key":"Dream Catcher"},{"floor":40,"key":"Vajra"},{"floor":42,"key":"Juzu Bracelet"},{"floor":43,"key":"War Paint"},{"floor":47,"key":"Frozen Egg 2"},{"floor":48,"key":"Old Coin"}],"event_choices":[{"damage_healed":0,"gold_gain":0,"player_choice":"Leave","damage_taken":0,"max_hp_gain":0,"max_hp_loss":0,"event_name":"The Cleric","floor":3,"gold_loss":0},{"damage_healed":0,"gold_gain":0,"player_choice":"Read","damage_taken":0,"max_hp_gain":0,"max_hp_loss":0,"event_name":"The Library","floor":21,"gold_loss":0,"cards_obtained":["Slice"]},{"damage_healed":0,"gold_gain":0,"player_choice":"Ignored","damage_taken":0,"max_hp_gain":0,"max_hp_loss":0,"event_name":"Beggar","floor":22,"gold_loss":0},{"damage_healed":0,"gold_gain":0,"player_choice":"Paid","damage_taken":0,"relics_obtained":["Red Mask"],"max_hp_gain":0,"max_hp_loss":0,"event_name":"Tomb of Lord Red Mask","floor":37,"gold_loss":194},{"damage_healed":0,"gold_gain":0,"player_choice":"Forge","damage_taken":0,"max_hp_gain":0,"max_hp_loss":0,"event_name":"Accursed Blacksmith","floor":38,"gold_loss":0,"cards_upgraded":["Dodge and Roll"]},{"cards_removed":["Backflip"],"damage_healed":5,"gold_gain":0,"player_choice":"Offered Common","damage_taken":0,"max_hp_gain":0,"max_hp_loss":0,"event_name":"Bonfire Elementals","floor":44,"gold_loss":0},{"cards_removed":["Backflip"],"damage_healed":5,"gold_gain":0,"player_choice":"Offered Special","damage_taken":0,"max_hp_gain":0,"max_hp_loss":0,"event_name":"Bonfire Elementals","floor":44,"gold_loss":0},{"damage_healed":0,"gold_gain":0,"player_choice":"Fight","damage_taken":0,"max_hp_gain":0,"max_hp_loss":0,"event_name":"Mysterious Sphere","floor":48,"gold_loss":0}],"is_beta":false,"boss_relics":[{"not_picked":["Sozu","Velvet Choker"],"picked":"White Beast Statue"},{"not_picked":["Snecko Eye","Runic Pyramid"],"picked":"Philosopher\u0027s Stone"}],"items_purged_floors":[],"is_endless":false,"potions_floor_spawned":[1,5,8,10,14,18,19,23,25,27,28,30,31,33,35,39,40,42,46,47,48],"ascension_level":1}