{"gold_per_floor":[359,378,390,306,319,319,61,76,76,107,107],"floor_reached":11,"playtime":336,"items_purged":[],"score":143,"play_id":"66dc0bdc-2ebc-40e5-a79d-280eae301c4a","local_time":"20190404153705","is_ascension_mode":true,"campfire_choices":[{"data":"Defragment","floor":6,"key":"SMITH"}],"neow_cost":"TEN_PERCENT_HP_LOSS","seed_source_timestamp":119813467608605,"circlet_count":0,"master_deck":["AscendersBane","Strike_B","Strike_B","Strike_B","Strike_B","Defend_B","Defend_B","Defend_B","Defend_B","Zap","Dualcast","Defragment+1","Cold Snap","White Noise","Self Repair","Sunder","Go for the Eyes","Genetic Algorithm"],"relics":["Cracked Core","Anchor","Ornamental Fan","Happy Flower"],"potions_floor_usage":[10,10],"damage_taken":[{"damage":0,"enemies":"Cultist","floor":1,"turns":3},{"damage":7,"enemies":"Small Slimes","floor":2,"turns":3},{"damage":7,"enemies":"Jaw Worm","floor":3,"turns":3},{"damage":12,"enemies":"Looter","floor":5,"turns":4},{"damage":15,"enemies":"Large Slime","floor":8,"turns":4},{"damage":32,"enemies":"Gremlin Nob","floor":10,"turns":4},{"damage":18,"enemies":"3 Louse","floor":11,"turns":2}],"seed_played":"-6271343755122040205","potions_obtained":[{"floor":3,"key":"Fire Potion"},{"floor":5,"key":"PowerPotion"}],"is_trial":false,"path_per_floor":["M","M","M","$","M","R","$","M","T","E","M"],"character_chosen":"DEFECT","items_purchased":["Self Repair","Sunder","Anchor"],"campfire_rested":0,"item_purchase_floors":[4,7,7],"current_hp_per_floor":[64,57,50,50,45,45,45,37,37,12,0],"gold":107,"neow_bonus":"TWO_FIFTY_GOLD","is_prod":false,"is_daily":false,"chose_seed":false,"campfire_upgraded":1,"win_rate":0,"timestamp":1554359825,"path_taken":["M","?","M","$","M","R","$","M","T","E","M"],"build_version":"2019-01-23","purchased_purges":0,"victory":false,"max_hp_per_floor":[64,64,64,64,64,64,64,64,64,64,64],"card_choices":[{"not_picked":["Conserve Battery","Self Repair"],"picked":"Defragment","floor":1},{"not_picked":["Redo","Beam Cell"],"picked":"Cold Snap","floor":2},{"not_picked":["Go for the Eyes","Cold Snap"],"picked":"White Noise","floor":3},{"not_picked":["Redo","Streamline","Skim"],"picked":"SKIP","floor":5},{"not_picked":["Redo","Doom and Gloom"],"picked":"Go for the Eyes","floor":8},{"not_picked":["Ball Lightning","Double Energy"],"picked":"Genetic Algorithm","floor":10}],"player_experience":469901,"relics_obtained":[{"floor":9,"key":"Ornamental Fan"},{"floor":10,"key":"Happy Flower"}],"event_choices":[],"is_beta":false,"boss_relics":[],"items_purged_floors":[],"is_endless":false,"potions_floor_spawned":[3,5],"killed_by":"3 Louse","ascension_level":18}