{"gold_per_floor":[112,112,123,123,123,123,136,156,183,183,210,160,172,190,190,291,291,311,11,30,50,325,337,337,352,352,352,352,352],"floor_reached":29,"playtime":1134,"items_purged":["Pain"],"score":227,"play_id":"76329ab0-dfec-4b3b-90b5-eaac2275e47a","local_time":"20190228130717","is_ascension_mode":false,"campfire_choices":[{"data":"Ball Lightning","floor":6,"key":"SMITH"},{"data":"Storm","floor":15,"key":"SMITH"},{"floor":24,"key":"REST"},{"floor":28,"key":"REST"}],"neow_cost":"NONE","seed_source_timestamp":6210995264700,"circlet_count":0,"master_deck":["Strike_B","Strike_B+1","Defend_B","Defend_B","Defend_B","Defend_B","Zap","Dualcast+1","Ball Lightning+1","Steam","Coolheaded+1","Leap","Storm+1","Capacitor","Ball Lightning","Hologram","Fission","Clumsy","infinitespire:Pacifist","Darkness","Self Repair","Darkness","Fission","Regret","Self Repair+1","BootSequence"],"relics":["Cracked Core","Happy Flower","Regal Pillow","Calling Bell","PreservedInsect","Dodecahedron","infinitespire:Joker Card","infinitespire:Freezer","infinitespire:WardingShard"],"potions_floor_usage":[11,11,16,16,23,23],"damage_taken":[{"damage":5,"enemies":"Small Slimes","floor":1,"turns":3},{"damage":1,"enemies":"2 Louse","floor":3,"turns":3},{"damage":0,"enemies":"Cultist","floor":7,"turns":3},{"damage":5,"enemies":"3 Louse","floor":8,"turns":3},{"damage":16,"enemies":"3 Sentries","floor":11,"turns":7},{"damage":3,"enemies":"2 Fungi Beasts","floor":13,"turns":3},{"damage":0,"enemies":"Blue Slaver","floor":14,"turns":3},{"damage":14,"enemies":"Hexaghost","floor":16,"turns":11},{"damage":34,"enemies":"Chosen","floor":18,"turns":7},{"damage":5,"enemies":"Spheric Guardian","floor":20,"turns":3},{"damage":14,"enemies":"Snecko","floor":21,"turns":6},{"damage":17,"enemies":"Snake Plant","floor":23,"turns":3},{"damage":48,"enemies":"3 Cultists","floor":25,"turns":6},{"damage":23,"enemies":"Colosseum Slavers","floor":27,"turns":6},{"damage":59,"enemies":"Snecko","floor":29,"turns":9}],"seed_played":"2606348422271242920","potions_obtained":[{"floor":3,"key":"SkillPotion"},{"floor":8,"key":"EssenceOfSteel"},{"floor":13,"key":"Ancient Potion"},{"floor":14,"key":"Energy Potion"},{"floor":20,"key":"FocusPotion"},{"floor":21,"key":"Fire Potion"}],"is_trial":false,"path_per_floor":["M","?","M","?","$","R","M","M","T","?","E","?","M","M","R","B",null,"M","$","M","M","?","M","R","M","T","?","R","M"],"character_chosen":"DEFECT","items_purchased":["infinitespire:Freezer","Self Repair"],"campfire_rested":2,"item_purchase_floors":[19,19],"current_hp_per_floor":[70,63,62,62,62,62,62,57,57,42,26,26,23,23,23,9,75,41,41,36,29,29,19,56,25,25,19,56,0],"gold":352,"neow_bonus":"THREE_CARDS","is_prod":false,"is_daily":false,"chose_seed":false,"campfire_upgraded":2,"win_rate":0,"timestamp":1551388037,"path_taken":["M","?","M","?","$","R","M","M","T","?","E","?","M","M","R","BOSS","M","$","M","M","?","?","R","M","T","?","R","M"],"build_version":"2019-01-23","purchased_purges":1,"victory":false,"max_hp_per_floor":[75,75,75,75,75,75,75,75,75,75,75,75,75,75,75,75,75,75,75,75,75,75,75,75,75,75,75,75,75],"card_choices":[{"not_picked":["Force Field","Chill"],"picked":"Ball Lightning","floor":0},{"not_picked":["Go for the Eyes","Undo"],"picked":"Steam","floor":1},{"not_picked":["Gash","Doom and Gloom"],"picked":"Coolheaded","floor":3},{"not_picked":["Steam","Blizzard"],"picked":"Leap","floor":7},{"not_picked":["Ball Lightning","Steam"],"picked":"Storm","floor":8},{"not_picked":["Aggregate","Reinforced Body"],"picked":"Capacitor","floor":11},{"not_picked":["Blizzard","Force Field"],"picked":"Ball Lightning","floor":13},{"not_picked":["Redo","Compile Driver"],"picked":"Hologram","floor":14},{"not_picked":["Rainbow","Machine Learning"],"picked":"Fission","floor":16},{"not_picked":["Sunder","Undo"],"picked":"Darkness","floor":18},{"not_picked":["Redo","Go for the Eyes"],"picked":"Darkness","floor":20},{"not_picked":["Hello World","Coolheaded"],"picked":"Fission","floor":21},{"not_picked":["Storm","Steam"],"picked":"Self Repair+1","floor":23},{"not_picked":["Recycle+1","Hello World"],"picked":"BootSequence","floor":25}],"player_experience":94850,"relics_obtained":[{"floor":9,"key":"Happy Flower"},{"floor":11,"key":"Regal Pillow"},{"floor":17,"key":"PreservedInsect"},{"floor":17,"key":"Dodecahedron"},{"floor":17,"key":"infinitespire:Joker Card"},{"floor":26,"key":"infinitespire:WardingShard"}],"event_choices":[{"cards_removed":["Strike_B"],"damage_healed":0,"gold_gain":0,"player_choice":"Card Removal","damage_taken":7,"max_hp_gain":0,"max_hp_loss":0,"event_name":"Golden Wing","floor":2,"gold_loss":0},{"damage_healed":0,"gold_gain":0,"player_choice":"Grow","damage_taken":0,"max_hp_gain":0,"max_hp_loss":0,"event_name":"Living Wall","floor":4,"gold_loss":0,"cards_upgraded":["Coolheaded"]},{"damage_healed":0,"gold_gain":0,"player_choice":"Entered Light","damage_taken":15,"max_hp_gain":0,"max_hp_loss":0,"event_name":"Shining Light","floor":10,"gold_loss":0,"cards_upgraded":["Dualcast","Strike_B"]},{"cards_removed":["Strike_B"],"damage_healed":0,"gold_gain":0,"player_choice":"Card Removal","damage_taken":0,"max_hp_gain":0,"max_hp_loss":0,"event_name":"The Cleric","floor":12,"gold_loss":50},{"damage_healed":0,"gold_gain":275,"player_choice":"Desecrate","damage_taken":0,"max_hp_gain":0,"max_hp_loss":0,"event_name":"Golden Shrine","floor":22,"gold_loss":0,"cards_obtained":["Regret"]},{"damage_healed":0,"gold_gain":0,"player_choice":"Fight","damage_taken":0,"max_hp_gain":0,"max_hp_loss":0,"event_name":"Colosseum","floor":27,"gold_loss":0},{"damage_healed":0,"gold_gain":0,"player_choice":"Fled From Nobs","damage_taken":0,"max_hp_gain":0,"max_hp_loss":0,"event_name":"Colosseum","floor":27,"gold_loss":0}],"is_beta":false,"boss_relics":[{"not_picked":["Snecko Eye","Pandora\u0027s Box"],"picked":"Calling Bell"}],"items_purged_floors":[19],"is_endless":false,"potions_floor_spawned":[3,8,13,14,20,21],"killed_by":"Snecko","ascension_level":0}