{"gold_per_floor":[217,227,227,227,227,227,115,115,115,130,146,146,19,62,62,186,186,205,220,319,344,344,344,358,402,402,443,464,477,157,175,175,300,300,325,325,325,349,395,395,416,416],"floor_reached":42,"playtime":1248,"items_purged":["Strike_B","Strike_B"],"score":532,"play_id":"ae608768-c785-4767-a194-2ed963c31038","local_time":"20190417213244","is_ascension_mode":true,"campfire_choices":[{"data":"Zap","floor":6,"key":"SMITH"},{"data":"Ball Lightning","floor":8,"key":"SMITH"},{"data":"Self Repair","floor":12,"key":"SMITH"},{"data":"Static Discharge","floor":15,"key":"SMITH"},{"floor":23,"key":"REST"},{"floor":32,"key":"REST"},{"data":"Echo Form","floor":40,"key":"SMITH"}],"neow_cost":"NONE","seed_source_timestamp":525959863496118,"circlet_count":0,"master_deck":["Strike_B","Defend_B","Defend_B","Defend_B","Defend_B","Zap+1","Dualcast","Steam","Ball Lightning+1","FTL","Self Repair+1","Beam Cell","Sunder","Steam","Static Discharge+1","Electrodynamics","Tempest+1","Melter","Gash","Self Repair+1","Amplify","Defragment","Gash","Gash","Glacier+1","Coolheaded+1","Echo Form+1","Tempest+1"],"relics":["Cracked Core","Golden Idol","Bag of Preparation","Ornamental Fan","Question Card","Runic Pyramid","Emotion Chip","The Courier","Bottled Lightning","Toxic Egg 2","Inserter","Bronze Scales"],"potions_floor_usage":[42],"damage_taken":[{"damage":2,"enemies":"Jaw Worm","floor":1,"turns":3},{"damage":3,"enemies":"2 Louse","floor":2,"turns":3},{"damage":0,"enemies":"Small Slimes","floor":10,"turns":2},{"damage":1,"enemies":"Looter","floor":11,"turns":3},{"damage":24,"enemies":"3 Sentries","floor":14,"turns":7},{"damage":30,"enemies":"Hexaghost","floor":16,"turns":8},{"damage":9,"enemies":"Spheric Guardian","floor":18,"turns":3},{"damage":23,"enemies":"Shell Parasite","floor":19,"turns":4},{"damage":22,"enemies":"Shelled Parasite and Fungi","floor":21,"turns":3},{"damage":21,"enemies":"Cultist and Chosen","floor":24,"turns":4},{"damage":41,"enemies":"Slavers","floor":25,"turns":3},{"damage":0,"enemies":"Gremlin Leader","floor":27,"turns":8},{"damage":22,"enemies":"Sentry and Sphere","floor":28,"turns":4},{"damage":13,"enemies":"Snecko","floor":29,"turns":3},{"damage":17,"enemies":"Shelled Parasite and Fungi","floor":31,"turns":3},{"damage":57,"enemies":"Automaton","floor":33,"turns":8},{"damage":30,"enemies":"Orb Walker","floor":35,"turns":5},{"damage":0,"enemies":"3 Shapes","floor":38,"turns":4},{"damage":30,"enemies":"Spire Growth","floor":41,"turns":5},{"damage":73,"enemies":"Reptomancer","floor":42,"turns":3}],"seed_played":"-8546414637192916277","potions_obtained":[{"floor":2,"key":"Poison Potion"},{"floor":16,"key":"Dexterity Potion"},{"floor":21,"key":"SpeedPotion"},{"floor":27,"key":"Fire Potion"}],"is_trial":false,"path_per_floor":["M","M","?","?","?","R","$","R","T","M","M","R","$","E","R","B",null,"M","M","?","M","?","R","M","E","T","E","M","M","$","M","R","B",null,"M","?","?","M","T","R","M","E"],"character_chosen":"DEFECT","items_purchased":["FTL","Sunder","Steam","Toxic Egg 2","Coolheaded+1"],"campfire_rested":2,"item_purchase_floors":[7,13,13,30,30],"current_hp_per_floor":[73,70,75,74,62,62,62,62,62,62,68,68,68,54,54,34,74,74,61,61,49,49,71,70,59,59,74,62,69,69,52,74,37,74,74,74,74,74,74,74,64,0],"gold":416,"neow_bonus":"HUNDRED_GOLD","is_prod":false,"is_daily":false,"chose_seed":false,"campfire_upgraded":5,"win_rate":0,"timestamp":1555554764,"path_taken":["M","M","?","?","?","R","$","R","T","M","M","R","$","E","R","BOSS","M","M","?","M","?","R","M","E","T","E","M","?","?","M","R","BOSS","M","?","?","M","?","R","?","E"],"build_version":"2019-01-23","purchased_purges":2,"victory":false,"max_hp_per_floor":[75,75,80,74,74,74,74,74,74,74,74,74,74,74,74,74,74,74,74,74,74,74,74,74,74,74,74,74,74,74,74,74,74,74,74,74,74,74,74,74,74,74],"card_choices":[{"not_picked":["Beam Cell","Rebound"],"picked":"Steam","floor":1},{"not_picked":["Conserve Battery","Streamline"],"picked":"Ball Lightning","floor":2},{"not_picked":["Go for the Eyes","Chaos"],"picked":"Self Repair","floor":10},{"not_picked":["Rebound","Go for the Eyes"],"picked":"Beam Cell","floor":11},{"not_picked":["Redo","Darkness"],"picked":"Static Discharge","floor":14},{"not_picked":["Meteor Strike","Machine Learning","Fission"],"picked":"Electrodynamics","floor":16},{"not_picked":["White Noise","Cold Snap+1","Stack+1"],"picked":"Tempest+1","floor":18},{"not_picked":["Go for the Eyes","Barrage","Hologram"],"picked":"Melter","floor":19},{"not_picked":["Consume","Steam","Beam Cell"],"picked":"Gash","floor":21},{"not_picked":["Hologram+1","Glacier","BootSequence"],"picked":"Amplify","floor":24},{"not_picked":["Lockon","FTL","Barrage"],"picked":"Defragment","floor":25},{"not_picked":["Sunder","Static Discharge","Steam"],"picked":"Gash","floor":27},{"not_picked":["Compile Driver","Go for the Eyes","Sweeping Beam"],"picked":"Gash","floor":28},{"not_picked":["Creative AI","Beam Cell","Consume+1"],"picked":"Glacier+1","floor":29},{"not_picked":["Scrape","Go for the Eyes+1","Cold Snap","Beam Cell+1"],"picked":"SKIP","floor":31},{"not_picked":["Thunder Strike","Fission+1","Biased Cognition"],"picked":"Echo Form","floor":33},{"not_picked":["Hello World","Cold Snap","Rebound","Turbo+1"],"picked":"SKIP","floor":35},{"not_picked":["Auto Shields+1","Ball Lightning","Static Discharge+1"],"picked":"Tempest+1","floor":38},{"not_picked":["Chaos+1","BootSequence+1","Redo+1","Rainbow+1"],"picked":"SKIP","floor":41}],"player_experience":201143,"relics_obtained":[{"floor":9,"key":"Ornamental Fan"},{"floor":14,"key":"Question Card"},{"floor":25,"key":"Emotion Chip"},{"floor":26,"key":"The Courier"},{"floor":27,"key":"Bottled Lightning"},{"floor":39,"key":"Bronze Scales"}],"event_choices":[{"damage_healed":0,"gold_gain":0,"player_choice":"Donut","damage_taken":0,"max_hp_gain":5,"max_hp_loss":0,"event_name":"Big Fish","floor":3,"gold_loss":0},{"damage_healed":0,"gold_gain":0,"player_choice":"Lose Max HP","damage_taken":0,"relics_obtained":["Golden Idol"],"max_hp_gain":0,"max_hp_loss":6,"event_name":"Golden Idol","floor":4,"gold_loss":0},{"damage_healed":0,"gold_gain":0,"player_choice":"Success","damage_taken":12,"relics_obtained":["Bag of Preparation"],"max_hp_gain":0,"max_hp_loss":0,"event_name":"Scrap Ooze","floor":5,"gold_loss":0},{"damage_healed":0,"gold_gain":99,"player_choice":"Stole From Cult","damage_taken":0,"max_hp_gain":0,"max_hp_loss":0,"event_name":"Nest","floor":20,"gold_loss":0},{"damage_healed":0,"gold_gain":0,"player_choice":"Copied","damage_taken":0,"max_hp_gain":0,"max_hp_loss":0,"event_name":"Duplicator","floor":22,"gold_loss":0,"cards_obtained":["Self Repair"]},{"damage_healed":0,"gold_gain":0,"player_choice":"Ignored","damage_taken":0,"max_hp_gain":0,"max_hp_loss":0,"event_name":"Mysterious Sphere","floor":36,"gold_loss":0},{"cards_removed":["Strike_B"],"damage_healed":0,"gold_gain":0,"player_choice":"Removed Attack","damage_taken":0,"max_hp_gain":0,"max_hp_loss":0,"event_name":"Falling","floor":37,"gold_loss":0}],"is_beta":false,"boss_relics":[{"not_picked":["Black Star","Runic Dome"],"picked":"Runic Pyramid"},{"not_picked":["Nuclear Battery","Eternal Feather"],"picked":"Inserter"}],"items_purged_floors":[7,30],"is_endless":false,"potions_floor_spawned":[2,16,21,27,31,33,35,38],"killed_by":"Reptomancer","ascension_level":3}