{"gold_per_floor":[110,127,145,155,124,124,124,153,178,178,209,234,246,270,282,392,404,433,445,477,98,113,113,142,142,442,470,485,514,524,550,550,648,648,658,675,692,707,450,450,477,477,477,503,503,520,532,549,549,549],"floor_reached":51,"playtime":5153,"items_purged":["Parasite","Rage"],"score":1292,"play_id":"8403b74c-ccb2-40cd-b15a-43c4e5ce77ad","local_time":"20190328000754","is_ascension_mode":true,"campfire_choices":[{"data":"Uppercut","floor":6.0,"key":"SMITH"},{"data":"Uppercut","floor":10.0,"key":"SMITH"},{"data":"Disarm","floor":13.0,"key":"SMITH"},{"data":"Clothesline","floor":15.0,"key":"SMITH"},{"data":"Demon Form","floor":23.0,"key":"SMITH"},{"data":"True Grit","floor":25.0,"key":"SMITH"},{"floor":32,"key":"REST"},{"data":"Offering","floor":40,"key":"SMITH"},{"data":"Burning Pact","floor":45,"key":"SMITH"},{"data":"Battle Trance","floor":49,"key":"SMITH"}],"neow_cost":"NONE","seed_source_timestamp":566857130903200,"circlet_count":0,"master_deck":["AscendersBane","Strike_R","Strike_R","Strike_R","Strike_R","Defend_R","Defend_R","Defend_R","Defend_R","Uppercut+1","Uppercut+1","Disarm+1","Clothesline+1","Twin Strike","Demon Form+1","Headbutt","Reaper","Carnage+1","True Grit+1","Inflame","Sword Boomerang+1","Offering+1","Armaments+1","Power Through+1","Inflame+1","Impervious","Burning Pact+1","Second Wind+1","Battle Trance+1","Mind Blast","Flex+1","Shrug It Off","Power Through+1","Headbutt"],"special_seed":0,"relics":["Burning Blood","Orichalcum","Art of War","MawBank","White Beast Statue","ClockworkSouvenir","Dream Catcher","Old Coin","Strawberry","Dead Branch","Darkstone Periapt","Snecko Eye","Mango","Vajra","Mercury Hourglass"],"potions_floor_usage":[31,33,33,37,50,50],"damage_taken":[{"damage":1.0,"enemies":"Cultist","floor":1.0,"turns":3.0},{"damage":14.0,"enemies":"Small Slimes","floor":2.0,"turns":5.0},{"damage":3.0,"enemies":"Jaw Worm","floor":3.0,"turns":5.0},{"damage":27.0,"enemies":"Lots of Slimes","floor":4.0,"turns":5.0},{"damage":30.0,"enemies":"3 Sentries","floor":8.0,"turns":7.0},{"damage":9.0,"enemies":"Gremlin Nob","floor":11.0,"turns":5.0},{"damage":3.0,"enemies":"Looter","floor":12.0,"turns":3.0},{"damage":8.0,"enemies":"Gremlin Gang","floor":14.0,"turns":6.0},{"damage":0.0,"enemies":"Hexaghost","floor":16.0,"turns":9.0},{"damage":21.0,"enemies":"Spheric Guardian","floor":18.0,"turns":4.0},{"damage":0.0,"enemies":"Chosen","floor":20.0,"turns":4.0},{"damage":15.0,"enemies":"Snecko","floor":22.0,"turns":5.0},{"damage":36.0,"enemies":"Gremlin Leader","floor":24.0,"turns":5.0},{"damage":56.0,"enemies":"Slavers","floor":27.0,"turns":8.0},{"damage":20.0,"enemies":"Shelled Parasite and Fungi","floor":28.0,"turns":8.0},{"damage":69.0,"enemies":"Gremlin Leader","floor":29.0,"turns":9.0},{"damage":13.0,"enemies":"Cultist and Chosen","floor":30.0,"turns":9.0},{"damage":38,"enemies":"Book of Stabbing","floor":31,"turns":7},{"damage":71,"enemies":"Automaton","floor":33,"turns":9},{"damage":8,"enemies":"3 Shapes","floor":35,"turns":5},{"damage":2,"enemies":"Orb Walker","floor":36,"turns":3},{"damage":29,"enemies":"Transient","floor":37,"turns":5},{"damage":20,"enemies":"Jaw Worm Horde","floor":38,"turns":4},{"damage":36,"enemies":"Giant Head","floor":41,"turns":7},{"damage":9,"enemies":"Nemesis","floor":44,"turns":7},{"damage":49,"enemies":"Maw","floor":46,"turns":8},{"damage":8,"enemies":"4 Shapes","floor":47,"turns":6},{"damage":13,"enemies":"Sphere and 2 Shapes","floor":48,"turns":10},{"damage":29,"enemies":"Donu and Deca","floor":50,"turns":9}],"seed_played":"2499144426117751550","potions_obtained":[{"floor":2.0,"key":"PowerPotion"},{"floor":4.0,"key":"Strength Potion"},{"floor":8.0,"key":"LiquidBronze"},{"floor":14.0,"key":"Strength Potion"},{"floor":16.0,"key":"Regen Potion"},{"floor":18.0,"key":"Swift Potion"},{"floor":24.0,"key":"Block Potion"},{"floor":27.0,"key":"Fruit Juice"},{"floor":28.0,"key":"Fruit Juice"},{"floor":29.0,"key":"Dexterity Potion"},{"floor":30.0,"key":"Block Potion"},{"floor":31,"key":"Poison Potion"},{"floor":33,"key":"Energy Potion"},{"floor":35,"key":"Explosive Potion"},{"floor":37,"key":"BloodPotion"},{"floor":38,"key":"Regen Potion"},{"floor":46,"key":"Regen Potion"},{"floor":47,"key":"SteroidPotion"}],"is_trial":false,"path_per_floor":["M","M","M","M","?","R","?","E","T","R","E","M","R","M","R","B",null,"M","?","M","$","M","R","E","R","T","E","M","E","M","E","R","B",null,"M","M","M","M","$","R","E","?","T","E","R","M","M","M","R","B",null],"character_chosen":"IRONCLAD","items_purchased":["Inflame","Rage","ClockworkSouvenir","Battle Trance","Mind Blast"],"campfire_rested":1,"item_purchase_floors":[21,21,21,39,39],"current_hp_per_floor":[77,69,72,51,51,51,71,47,47,47,44,47,47,45,45,51,73,58,58,64,64,67,67,77,77,77,55,52,39,43,29,57,39,80,94,94,90,94,94,94,78,78,78,102,102,95,108,108,108,85],"gold":549,"neow_bonus":"REMOVE_CARD","is_prod":false,"is_daily":false,"chose_seed":false,"campfire_upgraded":9,"win_rate":1,"timestamp":1553756874,"path_taken":["M","M","M","?","?","R","?","E","T","R","E","M","R","M","R","BOSS","M","?","?","$","M","R","E","R","T","E","M","E","M","E","R","BOSS","M","M","M","M","$","R","E","?","T","E","R","M","M","M","R","BOSS"],"build_version":"2019-01-23","purchased_purges":2,"victory":true,"max_hp_per_floor":[80,80,80,80,80,80,80,80,80,80,80,80,80,80,80,80,80,80,80,80,77,77,77,77,77,77,89,89,94,94,94,94,94,94,94,94,94,94,94,94,108,108,108,108,108,108,108,108,108,108],"card_choices":[{"not_picked":["Perfected Strike","Dropkick","Heavy Blade"],"picked":"SKIP","floor":1.0},{"not_picked":["Clothesline","Clash"],"picked":"Uppercut","floor":2.0},{"not_picked":["Reckless Charge","Warcry"],"picked":"Uppercut","floor":3.0},{"not_picked":["Perfected Strike","True Grit"],"picked":"Disarm","floor":4.0},{"not_picked":["Heavy Blade","Second Wind"],"picked":"Clothesline","floor":8.0},{"not_picked":["Seeing Red","Shockwave"],"picked":"Twin Strike","floor":11.0},{"not_picked":["Sword Boomerang","Infernal Blade"],"picked":"Demon Form","floor":12.0},{"not_picked":["Burning Pact","Seeing Red"],"picked":"Headbutt","floor":14.0},{"not_picked":["Offering","Berserk"],"picked":"Reaper","floor":16.0},{"not_picked":["Blood for Blood","Seeing Red"],"picked":"Carnage+1","floor":18.0},{"not_picked":["Twin Strike","Pommel Strike"],"picked":"True Grit","floor":20.0},{"not_picked":["Clash+1","Evolve"],"picked":"Sword Boomerang+1","floor":22.0},{"not_picked":["Wild Strike+1","Demon Form","Clash"],"picked":"SKIP","floor":24.0},{"not_picked":["Perfected Strike","Clothesline+1"],"picked":"Offering","floor":27.0},{"not_picked":["Pommel Strike","Clash+1"],"picked":"Armaments+1","floor":28.0},{"not_picked":["Pommel Strike+1","Warcry"],"picked":"Anger","floor":29.0},{"not_picked":["Armaments","Clothesline","Headbutt"],"picked":"SKIP","floor":30.0},{"not_picked":["Armaments","Clothesline","Headbutt"],"picked":"SKIP","floor":30.0},{"not_picked":["Havoc+1","Shockwave"],"picked":"Power Through+1","floor":31},{"not_picked":["Sever Soul","Havoc"],"picked":"Inflame+1","floor":32},{"not_picked":["Dark Embrace","Reaper"],"picked":"Impervious","floor":33},{"not_picked":["Rampage+1","Wild Strike+1","Perfected Strike+1"],"picked":"SKIP","floor":35},{"not_picked":["Infernal Blade+1","Sentinel"],"picked":"Burning Pact","floor":36},{"not_picked":["Uppercut","Thunderclap+1"],"picked":"Second Wind+1","floor":37},{"not_picked":["Body Slam+1","Carnage","Havoc"],"picked":"SKIP","floor":38},{"not_picked":["Body Slam+1","Carnage","Havoc"],"picked":"SKIP","floor":38},{"not_picked":["Twin Strike+1","Dark Embrace"],"picked":"Flex+1","floor":41},{"not_picked":["Clash","Juggernaut"],"picked":"Shrug It Off","floor":44},{"not_picked":["Spot Weakness+1","Perfected Strike+1"],"picked":"Power Through+1","floor":46},{"not_picked":["Havoc+1","Sword Boomerang","Clash+1"],"picked":"SKIP","floor":47},{"not_picked":["Clothesline","Iron Wave"],"picked":"Headbutt","floor":48}],"player_experience":136307,"relics_obtained":[{"floor":8.0,"key":"Orichalcum"},{"floor":9.0,"key":"Art of War"},{"floor":11.0,"key":"MawBank"},{"floor":24.0,"key":"Dream Catcher"},{"floor":26.0,"key":"Old Coin"},{"floor":27.0,"key":"Strawberry"},{"floor":29.0,"key":"Dead Branch"},{"floor":31,"key":"Darkstone Periapt"},{"floor":41,"key":"Mango"},{"floor":43,"key":"Vajra"},{"floor":44,"key":"Mercury Hourglass"}],"event_choices":[{"damage_healed":0.0,"max_hp_gain":0.0,"max_hp_loss":0.0,"gold_gain":0.0,"event_name":"World of Goop","player_choice":"Left Gold","floor":5.0,"gold_loss":31.0,"damage_taken":0.0},{"damage_healed":20.0,"max_hp_gain":0.0,"max_hp_loss":0.0,"gold_gain":0.0,"event_name":"Mushrooms","player_choice":"Healed and dodged fight","floor":7.0,"gold_loss":0.0,"damage_taken":0.0,"cards_obtained":["Parasite"]},{"cards_removed":["Bash"],"damage_healed":0.0,"max_hp_gain":0.0,"max_hp_loss":0.0,"gold_gain":0.0,"event_name":"Bonfire Elementals","player_choice":"Offered Basic","floor":19.0,"gold_loss":0.0,"damage_taken":0.0},{"cards_removed":["Anger"],"damage_healed":0,"gold_gain":0,"player_choice":"Purged","damage_taken":0,"max_hp_gain":0,"max_hp_loss":0,"event_name":"Purifier","floor":42,"gold_loss":0}],"is_beta":false,"boss_relics":[{"not_picked":["Calling Bell","Black Blood"],"picked":"White Beast Statue"},{"not_picked":["Sozu","Coffee Dripper"],"picked":"Snecko Eye"}],"items_purged_floors":[21,39],"is_endless":false,"potions_floor_spawned":[2,4,8,14,16,18,20,22,24,27,28,29,30,31,33,35,36,37,38,41,44,46,47,48],"ascension_level":11}