{"gold_per_floor":[119,134,94,106,126,126,156,174,174,174],"floor_reached":10,"playtime":1116,"items_purged":[],"score":133,"play_id":"42e6a4fe-f3f9-4355-8a78-a7723c041d39","local_time":"20190403190622","is_ascension_mode":true,"campfire_choices":[{"data":"Defragment","floor":6,"key":"SMITH"}],"neow_cost":"NONE","seed_source_timestamp":103788896223764,"circlet_count":0,"master_deck":["AscendersBane","Strike_B","Strike_B","Strike_B","Strike_B","Defend_B","Defend_B","Defend_B","Defend_B","Zap","Dualcast","Consume","Defragment+1","Glacier","Conserve Battery","Sunder"],"relics":["Snecko Eye","Bronze Scales","Kunai"],"potions_floor_usage":[5,10],"damage_taken":[{"damage":2,"enemies":"Jaw Worm","floor":1,"turns":3},{"damage":0,"enemies":"2 Louse","floor":2,"turns":3},{"damage":10,"enemies":"Small Slimes","floor":4,"turns":3},{"damage":23,"enemies":"Gremlin Gang","floor":5,"turns":9},{"damage":6,"enemies":"Lagavulin","floor":7,"turns":11},{"damage":0,"enemies":"Looter","floor":8,"turns":3},{"damage":27,"enemies":"Gremlin Nob","floor":10,"turns":4}],"seed_played":"7691174199056657800","potions_obtained":[{"floor":4,"key":"FocusPotion"},{"floor":8,"key":"Ancient Potion"}],"is_trial":false,"path_per_floor":["M","M","$","M","M","R","E","M","T","?"],"character_chosen":"DEFECT","items_purchased":["Defragment"],"campfire_rested":0,"item_purchase_floors":[3],"current_hp_per_floor":[62,62,62,52,29,29,23,23,23,0],"gold":174,"neow_bonus":"BOSS_RELIC","is_prod":false,"is_daily":false,"chose_seed":false,"campfire_upgraded":1,"win_rate":0,"timestamp":1554285982,"path_taken":["M","M","$","M","M","R","E","M","T","?"],"build_version":"2019-01-23","purchased_purges":0,"victory":false,"max_hp_per_floor":[71,71,71,71,71,71,71,71,71,71],"card_choices":[{"not_picked":["Rebound","FTL","Gash"],"picked":"SKIP","floor":1},{"not_picked":["Gash","Rip and Tear"],"picked":"Consume","floor":2},{"not_picked":["White Noise","Go for the Eyes"],"picked":"Glacier","floor":4},{"not_picked":["Reprogram","Barrage"],"picked":"Conserve Battery","floor":5},{"not_picked":["Leap","Reprogram","Stack"],"picked":"SKIP","floor":7},{"not_picked":["Doom and Gloom","Static Discharge"],"picked":"Sunder","floor":8}],"player_experience":460200,"relics_obtained":[{"floor":7,"key":"Bronze Scales"},{"floor":9,"key":"Kunai"}],"event_choices":[{"damage_healed":0,"gold_gain":0,"player_choice":"Searched \u00271\u0027 times","damage_taken":0,"max_hp_gain":0,"max_hp_loss":0,"event_name":"Dead Adventurer","floor":10,"gold_loss":0}],"is_beta":false,"boss_relics":[],"items_purged_floors":[],"is_endless":false,"potions_floor_spawned":[4,8],"killed_by":"Gremlin Nob","ascension_level":18}