{"gold_per_floor":[110,110,185,185,165,192,192,203,203,219,219,249,249],"floor_reached":13,"playtime":361,"items_purged":[],"score":215,"play_id":"9a87e870-1009-410f-8e5b-7a59e5fb24b9","local_time":"20190403060430","is_ascension_mode":true,"campfire_choices":[{"floor":7,"key":"REST"}],"neow_cost":"NONE","seed_source_timestamp":88734712813033,"circlet_count":0,"master_deck":["AscendersBane","Strike_B+1","Strike_B","Strike_B","Strike_B+1","Defend_B","Defend_B","Defend_B","Defend_B","Zap","Undo","Loop"],"relics":["Cracked Core","NeowsBlessing","Juzu Bracelet","Bag of Preparation","Regal Pillow"],"potions_floor_usage":[12,12,13],"damage_taken":[{"damage":0,"enemies":"Jaw Worm","floor":1,"turns":1},{"damage":0,"enemies":"Gremlin Nob","floor":6,"turns":1},{"damage":0,"enemies":"Small Slimes","floor":8,"turns":1},{"damage":0,"enemies":"Cultist","floor":10,"turns":3},{"damage":18,"enemies":"3 Sentries","floor":12,"turns":10},{"damage":20,"enemies":"Lots of Slimes","floor":13,"turns":4}],"seed_played":"-6569903709486034272","potions_obtained":[{"floor":5,"key":"Strength Potion"},{"floor":8,"key":"Swift Potion"},{"floor":10,"key":"EssenceOfSteel"},{"floor":12,"key":"FocusPotion"}],"is_trial":false,"path_per_floor":["M","?","?","?","?","E","R","M","T","M","?","E","M"],"character_chosen":"DEFECT","items_purchased":[],"campfire_rested":1,"item_purchase_floors":[],"current_hp_per_floor":[64,57,46,25,25,25,46,46,46,46,36,18,0],"gold":249,"neow_bonus":"THREE_ENEMY_KILL","is_prod":false,"is_daily":false,"chose_seed":false,"campfire_upgraded":0,"win_rate":0,"timestamp":1554239070,"path_taken":["M","?","?","?","?","E","R","M","T","M","?","E","M"],"build_version":"2019-01-23","purchased_purges":0,"victory":false,"max_hp_per_floor":[71,71,71,71,71,71,71,71,71,71,71,71,71],"card_choices":[{"not_picked":["Beam Cell","Sweeping Beam","Steam"],"picked":"SKIP","floor":1},{"not_picked":["Beam Cell","Gash","Fission"],"picked":"SKIP","floor":6},{"not_picked":["Reprogram","Hologram"],"picked":"Undo","floor":8},{"not_picked":["Leap","Redo","Beam Cell"],"picked":"SKIP","floor":10},{"not_picked":["Coolheaded","Auto Shields"],"picked":"Loop","floor":12}],"player_experience":448394,"relics_obtained":[{"floor":6,"key":"Juzu Bracelet"},{"floor":9,"key":"Bag of Preparation"},{"floor":12,"key":"Regal Pillow"}],"event_choices":[{"cards_removed":["Dualcast"],"damage_healed":0,"gold_gain":0,"player_choice":"Card Removal","damage_taken":7,"max_hp_gain":0,"max_hp_loss":0,"event_name":"Golden Wing","floor":2,"gold_loss":0},{"damage_healed":0,"gold_gain":75,"player_choice":"Gather Gold","damage_taken":11,"max_hp_gain":0,"max_hp_loss":0,"event_name":"World of Goop","floor":3,"gold_loss":0},{"damage_healed":0,"gold_gain":0,"player_choice":"Entered Light","damage_taken":21,"max_hp_gain":0,"max_hp_loss":0,"event_name":"Shining Light","floor":4,"gold_loss":0,"cards_upgraded":["Strike_B","Strike_B"]},{"damage_healed":0,"gold_gain":0,"player_choice":"Bought 1 Potion","damage_taken":0,"max_hp_gain":0,"max_hp_loss":0,"event_name":"The Woman in Blue","floor":5,"gold_loss":0},{"damage_healed":0,"gold_gain":0,"player_choice":"Damaged","damage_taken":10,"max_hp_gain":0,"max_hp_loss":0,"event_name":"Wheel of Change","floor":11,"gold_loss":0}],"is_beta":false,"boss_relics":[],"items_purged_floors":[],"is_endless":false,"potions_floor_spawned":[8,10,12],"killed_by":"Lots of Slimes","ascension_level":17}