{"gold_per_floor":[114,114,133,150,168,195,195,208,208,208,239,127,127,75,75,171,171,191,205,222,321,321,321,331,331,631,649,666,681,696,139,139,236,236,256,116,127,137,155,155,181,201,227,227,227,245,271,287,287,287],"floor_reached":51,"playtime":4176,"items_purged":["Strike_R","Strike_R"],"score":750,"play_id":"fd23787c-9474-42a1-a169-1574e6673f51","local_time":"20190325171921","is_ascension_mode":false,"campfire_choices":[{"data":"Clothesline","floor":7,"key":"SMITH"},{"data":"Battle Trance","floor":10,"key":"SMITH"},{"data":"Burning Pact","floor":13,"key":"SMITH"},{"data":"Armaments","floor":15,"key":"SMITH"},{"data":"Rage","floor":23,"key":"SMITH"},{"data":"Intimidate","floor":25,"key":"SMITH"},{"data":"Corruption","floor":32,"key":"SMITH"},{"data":"Limit Break","floor":45,"key":"SMITH"},{"floor":49,"key":"REST"}],"neow_cost":"TEN_PERCENT_HP_LOSS","seed_source_timestamp":370887258207700,"circlet_count":0,"master_deck":["Strike_R","Strike_R","Strike_R","Defend_R","Defend_R","Defend_R","Defend_R","Bash+1","Battle Trance+1","Twin Strike","Metallicize","Clothesline+1","Anger","Ghostly Armor","Cleave","Burning Pact+1","Armaments+1","Impervious","Pommel Strike","Battle Trance+1","Intimidate+1","Rage+1","True Grit+1","Clumsy","Flame Barrier","Shrug It Off+1","Shrug It Off+1","Disarm","Master of Strategy","Corruption+1","Limit Break+1","Burning Pact+1","Spot Weakness","Inflame","True Grit+1","Disarm+1","Madness","Madness","Headbutt","Writhe","Apotheosis","Disarm","Headbutt+1"],"relics":["Burning Blood","Bird Faced Urn","Bronze Scales","Blue Candle","Blood Vial","Cursed Key","Old Coin","Oddly Smooth Stone","Sozu","Self Forming Clay","Vajra","Lantern"],"potions_floor_usage":[6,6,33,33,33,50],"damage_taken":[{"damage":2,"enemies":"2 Louse","floor":1,"turns":3},{"damage":1,"enemies":"Cultist","floor":3,"turns":3},{"damage":3,"enemies":"Jaw Worm","floor":4,"turns":3},{"damage":2,"enemies":"Blue Slaver","floor":5,"turns":5},{"damage":14,"enemies":"3 Sentries","floor":6,"turns":8},{"damage":9,"enemies":"Large Slime","floor":8,"turns":4},{"damage":10,"enemies":"Gremlin Nob","floor":11,"turns":3},{"damage":17,"enemies":"The Guardian","floor":16,"turns":10},{"damage":0,"enemies":"3 Byrds","floor":18,"turns":4},{"damage":17,"enemies":"2 Thieves","floor":19,"turns":4},{"damage":20,"enemies":"Chosen and Byrds","floor":20,"turns":7},{"damage":0,"enemies":"3 Cultists","floor":24,"turns":6},{"damage":9,"enemies":"Snake Plant","floor":27,"turns":4},{"damage":5,"enemies":"Sentry and Sphere","floor":28,"turns":7},{"damage":2,"enemies":"Centurion and Healer","floor":29,"turns":8},{"damage":6,"enemies":"Shelled Parasite and Fungi","floor":30,"turns":7},{"damage":6,"enemies":"Champ","floor":33,"turns":13},{"damage":3,"enemies":"3 Darklings","floor":35,"turns":6},{"damage":7,"enemies":"Orb Walker","floor":37,"turns":5},{"damage":25,"enemies":"Jaw Worm Horde","floor":38,"turns":6},{"damage":0,"enemies":"4 Shapes","floor":39,"turns":4},{"damage":4,"enemies":"Giant Head","floor":41,"turns":8},{"damage":3,"enemies":"Maw","floor":42,"turns":7},{"damage":2,"enemies":"Transient","floor":46,"turns":5},{"damage":29,"enemies":"Nemesis","floor":47,"turns":8},{"damage":5,"enemies":"Spire Growth","floor":48,"turns":5},{"damage":9,"enemies":"Awakened One","floor":50,"turns":12}],"seed_played":"-763563261487973282","potions_obtained":[{"floor":1,"key":"Strength Potion"},{"floor":4,"key":"SpeedPotion"},{"floor":6,"key":"FairyPotion"},{"floor":16,"key":"Strength Potion"},{"floor":20,"key":"Ancient Potion"},{"floor":24,"key":"Strength Potion"},{"floor":33,"key":"LiquidBronze"}],"is_trial":false,"path_per_floor":["M","?","M","M","M","E","R","M","T","R","E","$","R","$","R","B",null,"M","M","M","?","?","R","M","R","T","M","M","M","M","$","R","B",null,"M","$","M","M","M","?","E","M","T","?","R","M","E","M","R","B",null],"character_chosen":"IRONCLAD","items_purchased":["Burning Pact","Armaments","PowerPotion","Oddly Smooth Stone","Master of Strategy","Corruption","Spot Weakness","Inflame"],"campfire_rested":1,"item_purchase_floors":[12,14,31,31,31,31,36,36],"current_hp_per_floor":[72,72,72,72,72,64,64,63,63,63,59,59,59,59,59,52,72,72,61,51,51,51,51,61,61,61,60,65,72,72,72,72,72,72,72,72,71,57,71,62,72,72,72,67,67,72,51,58,72,72],"gold":287,"neow_bonus":"ONE_RARE_RELIC","is_prod":false,"is_daily":false,"chose_seed":false,"campfire_upgraded":8,"win_rate":1,"timestamp":1553559561,"path_taken":["M","?","M","M","M","E","R","M","T","R","E","$","R","$","R","BOSS","M","M","?","?","?","R","M","R","T","M","M","M","M","$","R","BOSS","M","$","M","M","M","?","E","M","T","?","R","M","E","M","R","BOSS"],"build_version":"2019-01-23","purchased_purges":2,"victory":true,"max_hp_per_floor":[72,72,72,72,72,72,72,72,72,72,72,72,72,72,72,72,72,72,72,72,72,72,72,72,72,72,72,72,72,72,72,72,72,72,72,72,72,72,72,72,72,72,72,72,72,72,72,72,72,72],"card_choices":[{"not_picked":["Dual Wield","Corruption"],"picked":"Battle Trance","floor":1},{"not_picked":["Sword Boomerang","Havoc"],"picked":"Twin Strike","floor":3},{"not_picked":["Flame Barrier","Warcry"],"picked":"Metallicize","floor":4},{"not_picked":["Burning Pact","Power Through"],"picked":"Clothesline","floor":5},{"not_picked":["Cleave","Hemokinesis"],"picked":"Anger","floor":6},{"not_picked":["Sentinel","Pummel"],"picked":"Ghostly Armor","floor":8},{"not_picked":["Hemokinesis","Entrench"],"picked":"Cleave","floor":11},{"not_picked":["Juggernaut","Brutality"],"picked":"Impervious","floor":16},{"not_picked":["Searing Blow","Body Slam+1"],"picked":"Pommel Strike","floor":18},{"not_picked":["Havoc+1","Bloodletting"],"picked":"Battle Trance+1","floor":19},{"not_picked":["Heavy Blade","Armaments"],"picked":"Intimidate","floor":20},{"not_picked":["Rage","Brutality"],"picked":"True Grit+1","floor":24},{"not_picked":["Clothesline","Twin Strike"],"picked":"Flame Barrier","floor":27},{"not_picked":["Heavy Blade+1","Perfected Strike+1"],"picked":"Shrug It Off+1","floor":28},{"not_picked":["Rage","Sentinel"],"picked":"Shrug It Off+1","floor":29},{"not_picked":["Exhume","Metallicize"],"picked":"Disarm","floor":30},{"not_picked":["Fiend Fire","Juggernaut"],"picked":"Limit Break","floor":33},{"not_picked":["Sword Boomerang","Wild Strike+1"],"picked":"Burning Pact+1","floor":35},{"not_picked":["Clash+1","Rage"],"picked":"True Grit+1","floor":37},{"not_picked":["Body Slam+1","Iron Wave+1","Flex+1"],"picked":"SKIP","floor":38},{"not_picked":["Flex","True Grit+1"],"picked":"Disarm+1","floor":39},{"not_picked":["Iron Wave+1","Dropkick+1","True Grit"],"picked":"SKIP","floor":41},{"not_picked":["Fire Breathing+1","Impervious"],"picked":"Headbutt","floor":42},{"not_picked":["Trip","Thinking Ahead"],"picked":"Apotheosis","floor":44},{"not_picked":["Thunderclap+1","Twin Strike+1"],"picked":"Disarm","floor":46},{"not_picked":["Sword Boomerang+1","Cleave+1"],"picked":"Headbutt+1","floor":47},{"not_picked":["Evolve+1","Seeing Red","Combust+1"],"picked":"SKIP","floor":48}],"player_experience":95965,"relics_obtained":[{"floor":6,"key":"Bronze Scales"},{"floor":9,"key":"Blue Candle"},{"floor":11,"key":"Blood Vial"},{"floor":26,"key":"Old Coin"},{"floor":41,"key":"Self Forming Clay"},{"floor":43,"key":"Vajra"},{"floor":47,"key":"Lantern"}],"event_choices":[{"damage_healed":0,"gold_gain":0,"player_choice":"Forge","damage_taken":0,"max_hp_gain":0,"max_hp_loss":0,"event_name":"Accursed Blacksmith","floor":2,"gold_loss":0,"cards_upgraded":["Bash"]},{"damage_healed":0,"gold_gain":99,"player_choice":"Stole From Cult","damage_taken":0,"max_hp_gain":0,"max_hp_loss":0,"event_name":"Nest","floor":21,"gold_loss":0},{"damage_healed":0,"gold_gain":0,"player_choice":"Read","damage_taken":0,"max_hp_gain":0,"max_hp_loss":0,"event_name":"The Library","floor":22,"gold_loss":0,"cards_obtained":["Rage"]},{"damage_healed":0,"gold_gain":0,"player_choice":"Embrace Madness","damage_taken":9,"max_hp_gain":0,"max_hp_loss":0,"event_name":"Winding Halls","floor":40,"gold_loss":0,"cards_obtained":["Madness","Madness"]},{"damage_healed":0,"gold_gain":0,"player_choice":"Memory 2","damage_taken":5,"max_hp_gain":0,"max_hp_loss":0,"event_name":"SensoryStone","floor":44,"gold_loss":0}],"is_beta":false,"boss_relics":[{"not_picked":["Fusion Hammer","Black Blood"],"picked":"Cursed Key"},{"not_picked":["Empty Cage","Runic Pyramid"],"picked":"Sozu"}],"items_purged_floors":[12,31],"is_endless":false,"potions_floor_spawned":[1,4,6,16,20,24,30,33,35,41,42],"ascension_level":0}