{"gold_per_floor":[110,123,123,123,123,151,151,226,226,226,245,245,16,41,41,118,118,130,144,194,205,219,219,250,250,304,304,338,31,50,50,50,124,124,142,192,209,225,237,262,276,276,276,276,296,329,383,139,139,139],"floor_reached":50,"playtime":2796,"items_purged":["Strike_B","Strike_B"],"score":1296,"play_id":"6b939104-a82e-40ab-bd76-dd5d1feac99a","local_time":"20190407013540","is_ascension_mode":true,"campfire_choices":[{"data":"Zap","floor":7.0,"key":"SMITH"},{"data":"Dualcast","floor":10.0,"key":"SMITH"},{"data":"Glacier","floor":12.0,"key":"SMITH"},{"data":"White Noise","floor":15.0,"key":"SMITH"},{"data":"Defragment","floor":23.0,"key":"SMITH"},{"floor":25.0,"key":"REST"},{"data":"Hologram","floor":32.0,"key":"SMITH"},{"floor":42,"key":"REST"},{"floor":44,"key":"REST"},{"floor":49,"key":"REST"}],"neow_cost":"NONE","seed_source_timestamp":0,"circlet_count":0,"master_deck":["AscendersBane","Strike_B","Defend_B","Defend_B","Defend_B+1","Defend_B","Zap+1","Dualcast+1","White Noise+1","Ball Lightning+1","Echo Form","Glacier+1","Undo","Core Surge","Coolheaded","Defragment+1","Storm","Defragment+1","Hologram+1","Ball Lightning+1","Ball Lightning+1","Cold Snap"],"special_seed":0,"relics":["Cracked Core","NeowsBlessing","PreservedInsect","Bronze Scales","Ancient Tea Set","Membership Card","Gambling Chip","Busted Crown","Mercury Hourglass","Bag of Marbles","Ice Cream","DollysMirror","Pear","Sozu","Nunchaku","Blood Vial","Vajra","Runic Capacitor","Anchor"],"potions_floor_usage":[],"damage_taken":[{"damage":0.0,"enemies":"Jaw Worm","floor":1.0,"turns":1.0},{"damage":0.0,"enemies":"Small Slimes","floor":2.0,"turns":1.0},{"damage":0.0,"enemies":"Gremlin Nob","floor":6.0,"turns":1.0},{"damage":0.0,"enemies":"2 Louse","floor":11.0,"turns":2.0},{"damage":0.0,"enemies":"3 Sentries","floor":14.0,"turns":4.0},{"damage":0.0,"enemies":"The Guardian","floor":16.0,"turns":8.0},{"damage":0.0,"enemies":"Chosen","floor":18.0,"turns":5.0},{"damage":12.0,"enemies":"Shell Parasite","floor":19.0,"turns":5.0},{"damage":2.0,"enemies":"Centurion and Healer","floor":21.0,"turns":8.0},{"damage":6.0,"enemies":"Shelled Parasite and Fungi","floor":22.0,"turns":7.0},{"damage":22.0,"enemies":"Slavers","floor":24.0,"turns":3.0},{"damage":8.0,"enemies":"Book of Stabbing","floor":28.0,"turns":4.0},{"damage":0.0,"enemies":"Snecko","floor":30.0,"turns":3.0},{"damage":6.0,"enemies":"Automaton","floor":33.0,"turns":7.0},{"damage":16.0,"enemies":"3 Shapes","floor":35.0,"turns":3.0},{"damage":0.0,"enemies":"Orb Walker","floor":37.0,"turns":4.0},{"damage":5.0,"enemies":"Sphere and 2 Shapes","floor":38.0,"turns":4.0},{"damage":14.0,"enemies":"Transient","floor":39.0,"turns":6.0},{"damage":32,"enemies":"Giant Head","floor":40,"turns":7},{"damage":0,"enemies":"3 Darklings","floor":41,"turns":4},{"damage":0,"enemies":"Writhing Mass","floor":45,"turns":3},{"damage":49,"enemies":"Reptomancer","floor":46,"turns":5},{"damage":38,"enemies":"Awakened One","floor":50,"turns":3}],"seed_played":"-1581203522841634052","potions_obtained":[{"floor":1.0,"key":"Dexterity Potion"},{"floor":11.0,"key":"Weak Potion"},{"floor":16.0,"key":"EssenceOfSteel"},{"floor":21.0,"key":"FocusPotion"},{"floor":22.0,"key":"Swift Potion"},{"floor":33.0,"key":"Poison Potion"}],"is_trial":false,"path_per_floor":["M","M","?","?","?","E","R","?","T","R","M","R","$","E","R","B",null,"M","M","?","M","M","R","E","R","T","?","E","$","M","?","R","B",null,"M","?","M","M","M","E","M","R","T","R","M","E","T","$","R","B"],"character_chosen":"DEFECT","items_purchased":["Membership Card","Storm","DollysMirror","Pear","Runic Capacitor","Anchor"],"campfire_rested":4,"item_purchase_floors":[13,29,29,29,48,48],"current_hp_per_floor":[64,64,43,66,61,61,61,50,50,50,50,50,50,50,50,50,66,66,54,54,52,46,46,24,45,45,45,37,47,47,47,47,41,71,55,55,55,50,36,4,4,28,28,52,52,3,3,3,27,0],"gold":139,"neow_bonus":"THREE_ENEMY_KILL","is_prod":false,"is_daily":false,"chose_seed":false,"campfire_upgraded":6,"win_rate":0,"timestamp":1554568540,"path_taken":["M","M","?","?","?","E","R","?","T","R","M","R","$","E","R","BOSS","M","M","?","?","?","R","E","R","T","?","E","$","M","?","R","BOSS","M","?","M","?","M","E","M","R","T","R","M","E","?","?","R","BOSS"],"build_version":"2019-01-23","purchased_purges":2,"victory":false,"max_hp_per_floor":[71,71,71,71,71,71,71,71,71,71,71,71,71,71,71,71,71,71,71,71,71,71,71,71,71,71,71,71,81,81,81,81,81,81,81,81,81,81,81,81,81,81,81,81,81,81,81,81,81,81],"card_choices":[{"not_picked":["Streamline","Go for the Eyes"],"picked":"White Noise","floor":1.0},{"not_picked":["Tempest","Steam Power"],"picked":"Ball Lightning","floor":2.0},{"not_picked":["Blizzard","Beam Cell"],"picked":"Echo Form","floor":6.0},{"not_picked":["Hologram","Stack"],"picked":"Glacier","floor":11.0},{"not_picked":["Ball Lightning","Rip and Tear"],"picked":"Undo","floor":14.0},{"not_picked":["Thunder Strike","Fission"],"picked":"Core Surge","floor":16.0},{"not_picked":[],"picked":"Coolheaded","floor":18.0},{"not_picked":["Rebound"],"picked":"SKIP","floor":19.0},{"not_picked":[],"picked":"Defragment","floor":21.0},{"not_picked":["Fusion"],"picked":"SKIP","floor":22.0},{"not_picked":["Double Energy"],"picked":"SKIP","floor":24.0},{"not_picked":["Stack"],"picked":"SKIP","floor":28.0},{"not_picked":[],"picked":"Hologram","floor":30.0},{"not_picked":[],"picked":"Ball Lightning+1","floor":35.0},{"not_picked":["Rebound+1"],"picked":"SKIP","floor":37.0},{"not_picked":["Rip and Tear"],"picked":"SKIP","floor":38.0},{"not_picked":["Darkness"],"picked":"SKIP","floor":39.0},{"not_picked":["Doom and Gloom"],"picked":"SKIP","floor":40},{"not_picked":[],"picked":"Ball Lightning+1","floor":41},{"not_picked":["Coolheaded"],"picked":"SKIP","floor":45},{"not_picked":[],"picked":"Cold Snap","floor":46}],"player_experience":496284,"relics_obtained":[{"floor":6.0,"key":"Bronze Scales"},{"floor":9.0,"key":"Ancient Tea Set"},{"floor":14.0,"key":"Gambling Chip"},{"floor":24.0,"key":"Mercury Hourglass"},{"floor":26.0,"key":"Bag of Marbles"},{"floor":28.0,"key":"Ice Cream"},{"floor":40,"key":"Nunchaku"},{"floor":46,"key":"Blood Vial"},{"floor":47,"key":"Vajra"}],"event_choices":[{"damage_healed":0.0,"max_hp_gain":0.0,"max_hp_loss":0.0,"gold_gain":0.0,"event_name":"Shining Light","player_choice":"Entered Light","floor":3.0,"gold_loss":0.0,"damage_taken":21.0,"cards_upgraded":["Defend_B","Ball Lightning"]},{"damage_healed":23.0,"max_hp_gain":0.0,"max_hp_loss":0.0,"gold_gain":0.0,"event_name":"Big Fish","player_choice":"Banana","floor":4.0,"gold_loss":0.0,"damage_taken":0.0},{"damage_healed":0.0,"max_hp_gain":0.0,"max_hp_loss":0.0,"gold_gain":0.0,"event_name":"Scrap Ooze","player_choice":"Success","floor":5.0,"gold_loss":0.0,"damage_taken":5.0,"relics_obtained":["PreservedInsect"]},{"damage_healed":0.0,"max_hp_gain":0.0,"max_hp_loss":0.0,"gold_gain":75.0,"event_name":"World of Goop","player_choice":"Gather Gold","floor":8.0,"gold_loss":0.0,"damage_taken":11.0},{"damage_healed":0.0,"max_hp_gain":0.0,"max_hp_loss":0.0,"gold_gain":100.0,"event_name":"The Joust","player_choice":"Bet on Murderer","floor":20.0,"gold_loss":50.0,"damage_taken":0.0},{"damage_healed":0.0,"max_hp_gain":0.0,"max_hp_loss":0.0,"gold_gain":0.0,"event_name":"Ghosts","player_choice":"Ignored","floor":27.0,"gold_loss":0.0,"damage_taken":0.0},{"cards_removed":["Strike_B"],"damage_healed":0.0,"max_hp_gain":0.0,"max_hp_loss":0.0,"gold_gain":0.0,"event_name":"Purifier","player_choice":"Purged","floor":31.0,"gold_loss":0.0,"damage_taken":0.0},{"damage_healed":0.0,"max_hp_gain":0.0,"max_hp_loss":0.0,"gold_gain":50.0,"event_name":"Golden Shrine","player_choice":"Pray","floor":36.0,"gold_loss":0.0,"damage_taken":0.0}],"is_beta":false,"boss_relics":[{"not_picked":["Ectoplasm","Empty Cage"],"picked":"Busted Crown"},{"not_picked":["Runic Pyramid","Pandora\u0027s Box"],"picked":"Sozu"}],"items_purged_floors":[29,48],"is_endless":false,"potions_floor_spawned":[1,11,14,16,21,22,33,35,41],"killed_by":"Awakened One","ascension_level":20}