{"gold_per_floor":[116,129,147,147,172,206,206,221,275,275,131,207,221,261,261,387,387,406,406,197,216,216,259,259,299,345,73,88,104,104,125,125,253,253,267,285,298,321,118,154,154,169,169,189,210,234,258,83,83,83],"floor_reached":50,"playtime":2735,"items_purged":["Strike_R","Shame","Writhe","Defend_R","Parasite"],"score":582,"play_id":"05e1bff5-8ddb-425b-bc24-efa00535148e","local_time":"20190416055626","is_ascension_mode":true,"campfire_choices":[{"floor":7,"key":"REST"},{"data":"Spot Weakness","floor":10,"key":"SMITH"},{"floor":15,"key":"REST"},{"data":"Reaper","floor":24,"key":"SMITH"},{"data":"Flame Barrier","floor":30,"key":"SMITH"},{"floor":32,"key":"REST"},{"floor":41,"key":"RECALL"},{"data":"Brutality","floor":49,"key":"SMITH"}],"neow_cost":"NONE","seed_source_timestamp":355893264430700,"circlet_count":0,"master_deck":["Strike_R","Strike_R","Strike_R","Strike_R","Defend_R","Defend_R","Defend_R","Bash","Uppercut","Pummel","Shrug It Off","Brutality+1","Ghostly Armor","Spot Weakness+1","Metallicize","Impervious","Reaper+1","True Grit","Flame Barrier","Inflame","Whirlwind","Juggernaut","Flame Barrier+1","Heavy Blade","Pommel Strike+1","Shrug It Off","Reaper","Heavy Blade","Sword Boomerang+1","Ghostly Armor+1","Shrug It Off","Dual Wield","Parasite","Dual Wield","Pommel Strike+1","True Grit+1","Ghostly Armor+1"],"relics":["Burning Blood","Golden Idol","Calipers","Tiny Chest","Bottled Tornado","Cursed Key","Mercury Hourglass","Nloth\u0027s Gift","Happy Flower","Blue Candle","PreservedInsect","Sozu","Pocketwatch","Regal Pillow"],"potions_floor_usage":[6,14,23,23,29,33,33,33],"damage_taken":[{"damage":0,"enemies":"Small Slimes","floor":1,"turns":7},{"damage":3,"enemies":"Jaw Worm","floor":2,"turns":4},{"damage":8,"enemies":"Cultist","floor":3,"turns":5},{"damage":20,"enemies":"Large Slime","floor":5,"turns":7},{"damage":15,"enemies":"Gremlin Nob","floor":6,"turns":4},{"damage":28,"enemies":"Lots of Slimes","floor":8,"turns":8},{"damage":8,"enemies":"Exordium Thugs","floor":13,"turns":6},{"damage":17,"enemies":"3 Sentries","floor":14,"turns":7},{"damage":45,"enemies":"Hexaghost","floor":16,"turns":13},{"damage":12,"enemies":"Shell Parasite","floor":18,"turns":5},{"damage":9,"enemies":"3 Byrds","floor":21,"turns":4},{"damage":69,"enemies":"Slavers","floor":23,"turns":6},{"damage":37,"enemies":"Book of Stabbing","floor":25,"turns":6},{"damage":6,"enemies":"3 Cultists","floor":28,"turns":5},{"damage":2,"enemies":"Snake Plant","floor":29,"turns":3},{"damage":4,"enemies":"Chosen and Byrds","floor":31,"turns":5},{"damage":65,"enemies":"Collector","floor":33,"turns":10},{"damage":15,"enemies":"3 Darklings","floor":35,"turns":5},{"damage":21,"enemies":"3 Shapes","floor":36,"turns":3},{"damage":4,"enemies":"Transient","floor":37,"turns":5},{"damage":21,"enemies":"Spire Growth","floor":38,"turns":5},{"damage":49,"enemies":"Nemesis","floor":40,"turns":7},{"damage":42,"enemies":"Sphere and 2 Shapes","floor":42,"turns":5},{"damage":11,"enemies":"Writhing Mass","floor":44,"turns":6},{"damage":0,"enemies":"4 Shapes","floor":45,"turns":3},{"damage":15,"enemies":"Jaw Worm Horde","floor":46,"turns":5},{"damage":8,"enemies":"Sphere and 2 Shapes","floor":47,"turns":4},{"damage":100,"enemies":"Donu and Deca","floor":50,"turns":9}],"seed_played":"-3341326471358814441","potions_obtained":[{"floor":3,"key":"Poison Potion"},{"floor":6,"key":"Strength Potion"},{"floor":14,"key":"BloodPotion"},{"floor":16,"key":"Strength Potion"},{"floor":18,"key":"Ancient Potion"},{"floor":25,"key":"SkillPotion"},{"floor":28,"key":"AttackPotion"},{"floor":31,"key":"BloodPotion"}],"is_trial":false,"path_per_floor":["M","M","M","?","M","E","R","M","T","R","$","T","M","E","R","B",null,"M","T","$","M","?","E","R","E","T","$","M","M","R","M","R","B",null,"M","M","M","M","$","E","R","M","T","M","M","M","M","$","R","B"],"character_chosen":"IRONCLAD","items_purchased":["Metallicize","Flame Barrier","Inflame","PreservedInsect","Shrug It Off"],"campfire_rested":3,"item_purchase_floors":[11,20,20,27,39],"current_hp_per_floor":[88,88,86,64,50,41,67,45,45,45,45,45,43,39,67,28,95,89,89,89,86,86,60,60,40,40,40,40,44,44,54,82,47,95,86,71,95,84,84,56,56,28,28,37,43,60,67,67,67,0],"gold":83,"neow_bonus":"TEN_PERCENT_HP_BONUS","is_prod":false,"is_daily":false,"chose_seed":false,"campfire_upgraded":4,"win_rate":0,"timestamp":1555419386,"path_taken":["M","M","M","?","M","E","R","M","T","R","$","?","M","E","R","BOSS","M","?","$","M","?","E","R","E","T","$","M","?","R","M","R","BOSS","M","M","M","M","$","E","R","M","T","M","M","M","?","$","R","BOSS"],"build_version":"2019-01-23","purchased_purges":5,"victory":false,"max_hp_per_floor":[88,88,88,88,88,88,88,88,88,88,88,88,88,95,95,95,95,95,95,95,95,95,95,95,95,95,95,95,95,95,95,95,95,95,95,95,95,95,95,95,95,95,95,95,95,95,95,92,92,92],"card_choices":[{"not_picked":["Perfected Strike","Sever Soul"],"picked":"Uppercut","floor":1},{"not_picked":["Body Slam","Iron Wave"],"picked":"Pummel","floor":2},{"not_picked":["Thunderclap","Anger"],"picked":"Shrug It Off","floor":3},{"not_picked":["Rage","Pommel Strike"],"picked":"Brutality","floor":5},{"not_picked":["Power Through","True Grit"],"picked":"Ghostly Armor","floor":6},{"not_picked":["Seeing Red","Headbutt"],"picked":"Spot Weakness","floor":8},{"not_picked":["Perfected Strike","Clash","Body Slam"],"picked":"SKIP","floor":13},{"not_picked":["Wild Strike","Sword Boomerang"],"picked":"Impervious","floor":14},{"not_picked":["Bludgeon","Exhume"],"picked":"Reaper","floor":16},{"not_picked":["Sword Boomerang+1","Pommel Strike"],"picked":"True Grit","floor":18},{"not_picked":["Shockwave","Seeing Red+1"],"picked":"Whirlwind","floor":21},{"not_picked":["Shockwave","Body Slam"],"picked":"Juggernaut","floor":23},{"not_picked":["Thunderclap","Flex+1"],"picked":"Flame Barrier","floor":25},{"not_picked":["Shrug It Off","Clash"],"picked":"Heavy Blade","floor":28},{"not_picked":["Anger","Clothesline+1"],"picked":"Pommel Strike+1","floor":29},{"not_picked":["Warcry","Thunderclap+1"],"picked":"Shrug It Off","floor":31},{"not_picked":["Exhume","Berserk"],"picked":"Reaper","floor":33},{"not_picked":["Power Through","Clothesline+1"],"picked":"Heavy Blade","floor":35},{"not_picked":["Shrug It Off","Flex+1","Clash+1"],"picked":"SKIP","floor":36},{"not_picked":["Iron Wave","Anger+1"],"picked":"Sword Boomerang+1","floor":37},{"not_picked":["Rampage+1","Fiend Fire"],"picked":"Ghostly Armor+1","floor":38},{"not_picked":["Fiend Fire","Flex"],"picked":"Dual Wield","floor":40},{"not_picked":["Fire Breathing","Dropkick","Perfected Strike+1"],"picked":"SKIP","floor":42},{"not_picked":["Havoc+1","Headbutt"],"picked":"Dual Wield","floor":44},{"not_picked":["Searing Blow","Cleave+1"],"picked":"Pommel Strike+1","floor":45},{"not_picked":["Bloodletting","Wild Strike+1"],"picked":"True Grit+1","floor":46},{"not_picked":["Thunderclap","Rupture+1"],"picked":"Ghostly Armor+1","floor":47}],"player_experience":133723,"relics_obtained":[{"floor":6,"key":"Calipers"},{"floor":9,"key":"Tiny Chest"},{"floor":12,"key":"Bottled Tornado"},{"floor":14,"key":"Strawberry"},{"floor":19,"key":"Mercury Hourglass"},{"floor":23,"key":"Happy Flower"},{"floor":25,"key":"Blue Candle"},{"floor":40,"key":"Pocketwatch"},{"floor":43,"key":"Regal Pillow"}],"event_choices":[{"damage_healed":0,"gold_gain":0,"player_choice":"Take Damage","damage_taken":22,"relics_obtained":["Golden Idol"],"max_hp_gain":0,"max_hp_loss":0,"event_name":"Golden Idol","floor":4,"gold_loss":0},{"damage_healed":0,"gold_gain":0,"player_choice":"Traded Relic","damage_taken":0,"relics_obtained":["Nloth\u0027s Gift"],"max_hp_gain":0,"max_hp_loss":0,"event_name":"N\u0027loth","floor":22,"relics_lost":["Strawberry"],"gold_loss":0}],"is_beta":false,"boss_relics":[{"not_picked":["Mark of Pain","Fusion Hammer"],"picked":"Cursed Key"},{"not_picked":["Snecko Eye","Empty Cage"],"picked":"Sozu"}],"items_purged_floors":[11,20,27,39,48],"is_endless":false,"potions_floor_spawned":[3,6,14,16,18,25,28,31,35,38,42,46],"killed_by":"Donu and Deca","ascension_level":1}