{"gold_per_floor":[119,135,150,167,167,167,202,220,291,305,637,647,647,663,663,765,765,765,343,283,283,283,283,283,283,283,283,198,198,198,55,55,55,55,55,55,55,55,55,55,55,6,6,6,6,6,6,6,6,6],"floor_reached":51,"playtime":2999,"items_purged":["Strike_R"],"score":838,"play_id":"e074dec2-9f3a-47a2-922f-0dd03d9ff988","local_time":"20190412152738","is_ascension_mode":false,"campfire_choices":[{"data":"Shockwave","floor":6,"key":"SMITH"},{"data":"Whirlwind","floor":13,"key":"SMITH"},{"data":"Bash","floor":15,"key":"SMITH"},{"data":"Disarm","floor":25,"key":"SMITH"},{"data":"Offering","floor":30,"key":"SMITH"},{"data":"Corruption","floor":32,"key":"SMITH"},{"data":"Demon Form","floor":40,"key":"SMITH"},{"data":"Uppercut","floor":44,"key":"SMITH"},{"data":"Pommel Strike","floor":47,"key":"SMITH"},{"data":"Armaments","floor":49,"key":"SMITH"}],"neow_cost":"PERCENT_DAMAGE","seed_source_timestamp":14593852640600,"circlet_count":0,"master_deck":["Strike_R","Strike_R","Strike_R","Defend_R","Defend_R","Defend_R","Defend_R","Bash+1","Iron Wave","Pommel Strike+1","Shockwave+1","Power Through","Rampage","Whirlwind+1","Exhume","Shrug It Off","Shrug It Off","Demon Form+1","Uppercut+1","Armaments+1","Battle Trance","Pommel Strike+1","True Grit+1","Disarm+1","Clothesline+1","Offering+1","Corruption+1","Ghostly Armor","Dark Embrace+1","Headbutt+1","Carnage+1","Feel No Pain+1","Armaments+1","Flame Barrier+1","Headbutt+1"],"relics":["Burning Blood","Magic Flower","Charon\u0027s Ashes","Mummified Hand","Old Coin","Ectoplasm","FossilizedHelix","Dream Catcher","Potion Belt","Happy Flower","Sundial","Snecko Eye","Meat on the Bone","Anchor","Toxic Egg 2"],"potions_floor_usage":[7,29,29,38,46,50,50,50],"damage_taken":[{"damage":1,"enemies":"Cultist","floor":1,"turns":3},{"damage":0,"enemies":"2 Louse","floor":2,"turns":3},{"damage":6,"enemies":"Jaw Worm","floor":3,"turns":3},{"damage":9,"enemies":"Large Slime","floor":4,"turns":6},{"damage":18,"enemies":"Gremlin Nob","floor":7,"turns":5},{"damage":4,"enemies":"Gremlin Gang","floor":8,"turns":5},{"damage":2,"enemies":"Blue Slaver","floor":10,"turns":4},{"damage":3,"enemies":"Lagavulin","floor":11,"turns":7},{"damage":16,"enemies":"Exordium Thugs","floor":12,"turns":5},{"damage":3,"enemies":"Exordium Wildlife","floor":14,"turns":3},{"damage":59,"enemies":"Hexaghost","floor":16,"turns":12},{"damage":0,"enemies":"3 Byrds","floor":18,"turns":3},{"damage":0,"enemies":"2 Thieves","floor":20,"turns":3},{"damage":1,"enemies":"Snecko","floor":21,"turns":5},{"damage":12,"enemies":"Gremlin Leader","floor":23,"turns":4},{"damage":12,"enemies":"Cultist and Chosen","floor":24,"turns":6},{"damage":11,"enemies":"Centurion and Healer","floor":27,"turns":5},{"damage":0,"enemies":"Slavers","floor":29,"turns":5},{"damage":14,"enemies":"Champ","floor":33,"turns":11},{"damage":0,"enemies":"Orb Walker","floor":35,"turns":1},{"damage":7,"enemies":"3 Darklings","floor":37,"turns":3},{"damage":0,"enemies":"Writhing Mass","floor":38,"turns":6},{"damage":0,"enemies":"Transient","floor":39,"turns":5},{"damage":0,"enemies":"Nemesis","floor":41,"turns":5},{"damage":0,"enemies":"Reptomancer","floor":45,"turns":3},{"damage":0,"enemies":"Spire Growth","floor":46,"turns":4},{"damage":0,"enemies":"3 Darklings","floor":48,"turns":2},{"damage":3,"enemies":"Time Eater","floor":50,"turns":8}],"seed_played":"-1198576029893640130","potions_obtained":[{"floor":1,"key":"Energy Potion"},{"floor":8,"key":"Fire Potion"},{"floor":11,"key":"EssenceOfSteel"},{"floor":12,"key":"BloodPotion"},{"floor":18,"key":"Energy Potion"},{"floor":20,"key":"PowerPotion"},{"floor":29,"key":"EssenceOfSteel"},{"floor":33,"key":"GamblersBrew"},{"floor":38,"key":"SteroidPotion"},{"floor":39,"key":"Swift Potion"},{"floor":46,"key":"AttackPotion"}],"is_trial":false,"path_per_floor":["M","M","M","M","?","R","E","M","T","M","E","M","R","M","R","B",null,"M","$","M","M","?","E","M","R","T","M","?","E","R","$","R","B",null,"M","?","M","M","M","R","E","$","T","R","E","M","R","M","R","B",null],"character_chosen":"IRONCLAD","items_purchased":["FossilizedHelix","Armaments","Corruption","Ghostly Armor","Energy Potion"],"campfire_rested":0,"item_purchase_floors":[19,19,31,31,42],"current_hp_per_floor":[64,73,76,76,76,76,67,72,72,79,80,73,73,79,79,29,80,80,80,80,80,80,77,74,74,74,72,72,80,80,80,80,75,80,80,80,80,80,80,80,80,80,80,80,80,80,80,80,80,80],"gold":6,"neow_bonus":"ONE_RARE_RELIC","is_prod":false,"is_daily":false,"chose_seed":false,"campfire_upgraded":10,"win_rate":1,"timestamp":1555108058,"path_taken":["M","M","M","?","?","R","E","M","T","?","E","M","R","M","R","BOSS","M","$","M","M","?","E","M","R","T","M","?","E","R","$","R","BOSS","M","?","M","?","M","R","E","$","T","R","E","M","R","M","R","BOSS"],"build_version":"2019-01-23","purchased_purges":1,"victory":true,"max_hp_per_floor":[80,80,80,80,80,80,80,80,80,80,80,80,80,80,80,80,80,80,80,80,80,80,80,80,80,80,80,80,80,80,80,80,80,80,80,80,80,80,80,80,80,80,80,80,80,80,80,80,80,80],"card_choices":[{"not_picked":["Blood for Blood","Rage"],"picked":"Iron Wave","floor":1},{"not_picked":["Body Slam","Havoc"],"picked":"Pommel Strike","floor":2},{"not_picked":["Bloodletting","Pommel Strike"],"picked":"Shockwave","floor":3},{"not_picked":["Dropkick","Heavy Blade","Searing Blow"],"picked":"SKIP","floor":4},{"not_picked":["Barricade","Heavy Blade"],"picked":"Power Through","floor":7},{"not_picked":["Heavy Blade","Thunderclap"],"picked":"Rampage","floor":8},{"not_picked":["Dropkick","Corruption"],"picked":"Whirlwind","floor":10},{"not_picked":["Havoc","Metallicize"],"picked":"Exhume","floor":11},{"not_picked":["Heavy Blade","Sword Boomerang"],"picked":"Shrug It Off","floor":12},{"not_picked":["Twin Strike","Heavy Blade"],"picked":"Shrug It Off","floor":14},{"not_picked":["Fiend Fire","Double Tap"],"picked":"Demon Form","floor":16},{"not_picked":["Twin Strike","Dropkick"],"picked":"Uppercut","floor":18},{"not_picked":["Entrench","Bloodletting"],"picked":"Battle Trance","floor":20},{"not_picked":["Sword Boomerang+1","Burning Pact"],"picked":"Pommel Strike+1","floor":21},{"not_picked":["Seeing Red","Thunderclap"],"picked":"True Grit+1","floor":23},{"not_picked":["Cleave","True Grit"],"picked":"Disarm","floor":24},{"not_picked":["Pummel","Heavy Blade"],"picked":"Clothesline+1","floor":27},{"not_picked":["Sword Boomerang","Body Slam"],"picked":"Offering","floor":29},{"not_picked":["Bludgeon","Offering"],"picked":"Dark Embrace","floor":33},{"not_picked":["Cleave+1","Clothesline","Thunderclap"],"picked":"SKIP","floor":35},{"not_picked":["Cleave+1","Clothesline","Thunderclap"],"picked":"SKIP","floor":35},{"not_picked":["Warcry+1","Flex","Fire Breathing+1"],"picked":"SKIP","floor":37},{"not_picked":["Cleave+1","Heavy Blade+1"],"picked":"Headbutt+1","floor":38},{"not_picked":["Hemokinesis","Shrug It Off"],"picked":"Carnage+1","floor":39},{"not_picked":["Cleave+1","Double Tap"],"picked":"Feel No Pain+1","floor":41},{"not_picked":["Immolate","Pommel Strike"],"picked":"Armaments+1","floor":45},{"not_picked":["Inflame+1","Perfected Strike"],"picked":"Flame Barrier+1","floor":46},{"not_picked":["Rampage+1","Warcry+1"],"picked":"Headbutt+1","floor":48}],"player_experience":311791,"relics_obtained":[{"floor":7,"key":"Charon\u0027s Ashes"},{"floor":9,"key":"Mummified Hand"},{"floor":11,"key":"Old Coin"},{"floor":23,"key":"Dream Catcher"},{"floor":26,"key":"Potion Belt"},{"floor":29,"key":"Sundial"},{"floor":41,"key":"Meat on the Bone"},{"floor":43,"key":"Anchor"},{"floor":45,"key":"Toxic Egg 2"}],"event_choices":[{"cards_removed":["Strike_R"],"damage_healed":0,"gold_gain":0,"player_choice":"Offered Basic","damage_taken":0,"max_hp_gain":0,"max_hp_loss":0,"event_name":"Bonfire Elementals","floor":5,"gold_loss":0},{"damage_healed":0,"gold_gain":0,"player_choice":"Ignored","damage_taken":0,"max_hp_gain":0,"max_hp_loss":0,"event_name":"Ghosts","floor":22,"gold_loss":0},{"damage_healed":0,"gold_gain":0,"player_choice":"Obtained Relic","damage_taken":0,"relics_obtained":["Happy Flower"],"max_hp_gain":0,"max_hp_loss":0,"event_name":"Addict","floor":28,"gold_loss":85},{"damage_healed":0,"gold_gain":0,"player_choice":"Upgraded","damage_taken":0,"max_hp_gain":0,"max_hp_loss":0,"event_name":"Upgrade Shrine","floor":36,"gold_loss":0,"cards_upgraded":["Dark Embrace"]}],"is_beta":false,"boss_relics":[{"not_picked":["Calling Bell","Black Blood"],"picked":"Ectoplasm"},{"not_picked":["Tiny House","Lizard Tail"],"picked":"Snecko Eye"}],"items_purged_floors":[19],"is_endless":false,"potions_floor_spawned":[1,8,11,12,14,18,20,29,33,38,39,46],"ascension_level":0}