{"gold_per_floor":[119,135,151,56,56,56,72,72,99,110,120,136,136,136,136,233,233,245,245,256,47,47,47,47,47,47,47,60,60,76,101,101,101],"floor_reached":33,"playtime":1056,"items_purged":[],"score":282,"play_id":"d7712585-cadd-4266-beb3-4b6eab09c69b","local_time":"20181125012406","is_ascension_mode":false,"campfire_choices":[{"data":"Zap","floor":6,"key":"SMITH"},{"data":"Ball Lightning","floor":13,"key":"SMITH"},{"data":"Steam","floor":15,"key":"SMITH"},{"floor":23,"key":"REST"},{"floor":25,"key":"REST"},{"floor":29,"key":"REST"},{"floor":32,"key":"REST"}],"neow_cost":"NONE","seed_source_timestamp":695026407881750,"circlet_count":0,"master_deck":["Defend_B","Defend_B+1","Defend_B","Defend_B","Zap+1","Dualcast","Forethought","Ball Lightning+1","Redo","Steam+1","Trip","Barrage","Self Repair","Gash","Ball Lightning","Multi-Cast","Ball Lightning","Bite","Bite","Bite","Bite","Bite","Gash+1","Steam","Static Discharge+1","Electrodynamics","Redo+1"],"relics":["Cracked Core","Centennial Puzzle","Sozu","Bag of Preparation","Ornamental Fan","Regal Pillow"],"potions_floor_usage":[16,31,33],"damage_taken":[{"damage":1,"enemies":"Cultist","floor":1,"turns":4},{"damage":5,"enemies":"Small Slimes","floor":2,"turns":3},{"damage":6,"enemies":"2 Louse","floor":3,"turns":3},{"damage":8,"enemies":"Exordium Wildlife","floor":7,"turns":4},{"damage":1,"enemies":"2 Fungi Beasts","floor":10,"turns":3},{"damage":6,"enemies":"3 Louse","floor":11,"turns":3},{"damage":10,"enemies":"Looter","floor":12,"turns":3},{"damage":13,"enemies":"Slime Boss","floor":16,"turns":9},{"damage":47,"enemies":"2 Thieves","floor":18,"turns":4},{"damage":10,"enemies":"Spheric Guardian","floor":20,"turns":3},{"damage":20,"enemies":"Cultist and Chosen","floor":28,"turns":6},{"damage":11,"enemies":"Chosen and Byrds","floor":30,"turns":4},{"damage":18,"enemies":"Book of Stabbing","floor":31,"turns":4},{"damage":72,"enemies":"Collector","floor":33,"turns":7}],"seed_played":"-7644749024303042591","potions_obtained":[{"floor":2,"key":"Fire Potion"},{"floor":3,"key":"Swift Potion"},{"floor":10,"key":"PowerPotion"},{"floor":16,"key":"SteroidPotion"}],"is_trial":false,"path_per_floor":["M","M","M","$","?","R","M","?","T","M","M","M","R","?","R","B",null,"M","?","M","$","?","R","$","R","T","?","M","R","M","E","R","B"],"character_chosen":"DEFECT","items_purchased":["Trip","Bag of Preparation","Steam"],"campfire_rested":4,"item_purchase_floors":[4,21,21],"current_hp_per_floor":[74,69,63,63,56,56,48,73,73,72,73,70,70,55,55,49,75,28,28,24,24,24,39,39,52,52,44,41,57,47,38,57,0],"gold":101,"neow_bonus":"RANDOM_COLORLESS","is_prod":false,"is_daily":false,"chose_seed":false,"campfire_upgraded":3,"win_rate":0.0,"timestamp":1543130646,"path_taken":["M","M","M","?","?","R","M","?","T","M","?","M","R","?","R","BOSS","M","?","M","$","?","R","$","R","T","?","M","R","M","E","R","BOSS"],"build_version":"2018-11-15","purchased_purges":0,"victory":false,"max_hp_per_floor":[75,75,75,75,75,75,75,75,75,75,75,75,75,75,75,75,75,75,52,52,52,52,52,52,52,52,57,57,57,57,57,57,57],"card_choices":[{"not_picked":["Heatsinks","Redo"],"picked":"Ball Lightning","floor":1},{"not_picked":["Heatsinks","Melter"],"picked":"Redo","floor":2},{"not_picked":["Barrage","Reprogram"],"picked":"Steam","floor":3},{"not_picked":["Gash","Stack"],"picked":"Barrage","floor":7},{"not_picked":["Consume","Rip and Tear"],"picked":"Self Repair","floor":10},{"not_picked":["Sweeping Beam","Rebound"],"picked":"Gash","floor":11},{"not_picked":["Rebound","Chill"],"picked":"Ball Lightning","floor":12},{"not_picked":["Rainbow","Machine Learning"],"picked":"Multi-Cast","floor":16},{"not_picked":["Streamline+1","Coolheaded"],"picked":"Ball Lightning","floor":18},{"not_picked":["Lockon","Chaos"],"picked":"Gash+1","floor":20},{"not_picked":["Cold Snap","Chill"],"picked":"Static Discharge+1","floor":28},{"not_picked":["Go for the Eyes","Streamline+1"],"picked":"Electrodynamics","floor":30},{"not_picked":["Chill","Lockon"],"picked":"Redo+1","floor":31}],"player_experience":40819,"relics_obtained":[{"floor":9,"key":"Centennial Puzzle"},{"floor":26,"key":"Ornamental Fan"},{"floor":31,"key":"Regal Pillow"}],"event_choices":[{"cards_removed":["Strike_B"],"damage_healed":0,"gold_gain":0,"player_choice":"Card Removal","damage_taken":7,"max_hp_gain":0,"max_hp_loss":0,"event_name":"Golden Wing","floor":5,"gold_loss":0},{"damage_healed":25,"gold_gain":0,"player_choice":"Banana","damage_taken":0,"max_hp_gain":0,"max_hp_loss":0,"event_name":"Big Fish","floor":8,"gold_loss":0},{"damage_healed":0,"gold_gain":0,"player_choice":"Entered Light","damage_taken":15,"max_hp_gain":0,"max_hp_loss":0,"event_name":"Shining Light","floor":14,"gold_loss":0,"cards_upgraded":["Strike_B","Defend_B"]},{"damage_healed":0,"gold_gain":0,"player_choice":"Became a vampire","damage_taken":0,"max_hp_gain":0,"max_hp_loss":23,"event_name":"Vampires","floor":19,"gold_loss":0,"cards_obtained":["Bite","Bite","Bite","Bite","Bite"]},{"damage_healed":0,"gold_gain":0,"player_choice":"Ignored","damage_taken":0,"max_hp_gain":0,"max_hp_loss":0,"event_name":"Ghosts","floor":22,"gold_loss":0},{"damage_healed":0,"gold_gain":0,"player_choice":"Shed Blood","damage_taken":13,"max_hp_gain":5,"max_hp_loss":0,"event_name":"Forgotten Altar","floor":27,"gold_loss":0}],"is_beta":false,"boss_relics":[{"not_picked":["Fusion Hammer","Snecko Eye"],"picked":"Sozu"}],"items_purged_floors":[],"is_endless":false,"potions_floor_spawned":[2,3,10,11,16,18],"killed_by":"Collector","ascension_level":0}