{"gold_per_floor":[214,233,233,248,68,68,102,102,102,23,23,35,60,71,71,142,142,161,172,172,172,11,11,40,40,40,40,75,89,149,161,161,236,236,250,266,266,488,508,534,534,551,551,551,570,247,257,24,24,24,24],"floor_reached":51,"playtime":2835,"items_purged":[],"score":1375,"play_id":"83d4ab71-77ea-4724-9424-aec27834acc5","local_time":"20190406182502","is_ascension_mode":true,"campfire_choices":[{"data":"Consume","floor":6.0,"key":"SMITH"},{"floor":8.0,"key":"REST"},{"data":"Zap","floor":11.0,"key":"SMITH"},{"data":"Glacier","floor":15.0,"key":"SMITH"},{"data":"Capacitor","floor":23.0,"key":"SMITH"},{"floor":32.0,"key":"REST"},{"floor":41.0,"key":"RECALL"},{"floor":49.0,"key":"REST"}],"neow_cost":"NONE","seed_source_timestamp":0,"circlet_count":0,"master_deck":["AscendersBane","Strike_B","Defend_B","Defend_B","Defend_B","Defend_B","Zap+1","Dualcast","Genetic Algorithm","Conserve Battery","Glacier+1","Consume+1","Ball Lightning","Electrodynamics","Self Repair","Conserve Battery","Capacitor+1","Cold Snap","Core Surge","Turbo","Barrage","FTL","RitualDagger","Cold Snap","Reboot","Reboot","Storm","Capacitor","Loop","Mayhem","Loop"],"special_seed":0,"relics":["Cracked Core","Gambling Chip","Symbiotic Virus","Darkstone Periapt","Busted Crown","PreservedInsect","Bird Faced Urn","The Courier","Red Mask","Tiny Chest","Fusion Hammer","Matryoshka","Oddly Smooth Stone","Cables"],"potions_floor_usage":[],"damage_taken":[{"damage":9.0,"enemies":"Jaw Worm","floor":1.0,"turns":4.0},{"damage":1.0,"enemies":"Cultist","floor":2.0,"turns":4.0},{"damage":4.0,"enemies":"Small Slimes","floor":4.0,"turns":3.0},{"damage":28.0,"enemies":"Gremlin Nob","floor":7.0,"turns":6.0},{"damage":0.0,"enemies":"3 Louse","floor":12.0,"turns":1.0},{"damage":3.0,"enemies":"3 Sentries","floor":13.0,"turns":2.0},{"damage":15.0,"enemies":"Exordium Wildlife","floor":14.0,"turns":4.0},{"damage":8.0,"enemies":"Hexaghost","floor":16.0,"turns":13.0},{"damage":1.0,"enemies":"3 Byrds","floor":18.0,"turns":2.0},{"damage":11.0,"enemies":"2 Thieves","floor":19.0,"turns":5.0},{"damage":11.0,"enemies":"Gremlin Leader","floor":24.0,"turns":4.0},{"damage":0.0,"enemies":"Masked Bandits","floor":28.0,"turns":3.0},{"damage":5.0,"enemies":"Centurion and Healer","floor":29.0,"turns":4.0},{"damage":25.0,"enemies":"Book of Stabbing","floor":30.0,"turns":5.0},{"damage":18.0,"enemies":"Snake Plant","floor":31.0,"turns":4.0},{"damage":34.0,"enemies":"Automaton","floor":33.0,"turns":10.0},{"damage":15.0,"enemies":"3 Darklings","floor":35.0,"turns":4.0},{"damage":0.0,"enemies":"3 Shapes","floor":36.0,"turns":6.0},{"damage":30.0,"enemies":"Spire Growth","floor":39.0,"turns":5.0},{"damage":22.0,"enemies":"Reptomancer","floor":40.0,"turns":6.0},{"damage":2.0,"enemies":"Jaw Worm Horde","floor":42.0,"turns":2.0},{"damage":0.0,"enemies":"3 Darklings","floor":45.0,"turns":3.0},{"damage":0.0,"enemies":"Sphere and 2 Shapes","floor":47.0,"turns":5.0},{"damage":51.0,"enemies":"Time Eater","floor":50.0,"turns":13.0},{"damage":45,"enemies":"Awakened One","floor":51,"turns":3}],"seed_played":"3138880939765994314","potions_obtained":[{"floor":1.0,"key":"Block Potion"},{"floor":12.0,"key":"FearPotion"},{"floor":14.0,"key":"Weak Potion"},{"floor":16.0,"key":"Fire Potion"},{"floor":19.0,"key":"GamblersBrew"},{"floor":28.0,"key":"EssenceOfSteel"},{"floor":29.0,"key":"Dexterity Potion"},{"floor":31.0,"key":"SkillPotion"},{"floor":45.0,"key":"Strength Potion"}],"is_trial":false,"path_per_floor":["M","M","?","M","$","R","E","R","T","$","R","M","E","M","R","B",null,"M","M","?","?","$","R","E","?","T","?","?","M","E","M","R","B",null,"M","M","$","?","M","E","R","M","T","?","M","$","M","$","R","B","B"],"character_chosen":"DEFECT","items_purchased":["Glacier","Consume","Ball Lightning","Self Repair","PreservedInsect","Storm","Capacitor","Cables","Mayhem","Loop"],"campfire_rested":3,"item_purchase_floors":[5,5,5,10,22,46,46,46,48,48],"current_hp_per_floor":[55,54,44,40,40,40,12,33,33,33,33,33,30,22,22,21,59,58,54,54,54,54,54,43,43,43,37,37,45,33,26,47,26,60,47,60,60,60,43,34,34,43,43,43,45,45,60,60,71,37,0],"gold":24,"neow_bonus":"HUNDRED_GOLD","is_prod":false,"is_daily":false,"chose_seed":false,"campfire_upgraded":4,"win_rate":0,"timestamp":1554600302,"path_taken":["M","M","?","M","$","R","E","R","T","?","R","M","E","M","R","BOSS","M","M","?","?","$","R","E","?","T","?","?","?","E","M","R","BOSS","M","M","$","?","M","E","R","M","T","?","M","$","M","$","R","BOSS","BOSS"],"build_version":"2019-01-23","purchased_purges":0,"victory":false,"max_hp_per_floor":[71,71,71,71,71,71,71,71,71,71,71,71,71,71,71,71,71,71,71,71,71,71,71,71,71,71,71,71,71,71,71,71,71,71,71,71,71,71,71,71,71,71,71,71,71,71,71,71,71,71,71],"card_choices":[{"not_picked":["Darkness","Sweeping Beam"],"picked":"Genetic Algorithm","floor":1.0},{"not_picked":["Turbo","Sweeping Beam","Steam"],"picked":"SKIP","floor":2.0},{"not_picked":["Stack","Ball Lightning"],"picked":"Conserve Battery","floor":4.0},{"not_picked":["Ball Lightning","Melter"],"picked":"Electrodynamics","floor":7.0},{"not_picked":["Self Repair","Hologram"],"picked":"Conserve Battery","floor":12.0},{"not_picked":["Gash","Loop"],"picked":"Capacitor","floor":13.0},{"not_picked":["Stack","Rebound"],"picked":"Cold Snap","floor":14.0},{"not_picked":["All For One","Reboot"],"picked":"Core Surge","floor":16.0},{"not_picked":["Streamline+1"],"picked":"SKIP","floor":18.0},{"not_picked":["Leap"],"picked":"SKIP","floor":19.0},{"not_picked":[],"picked":"FTL","floor":24.0},{"not_picked":[],"picked":"Cold Snap","floor":29.0},{"not_picked":[],"picked":"Reboot","floor":30.0},{"not_picked":["Double Energy"],"picked":"SKIP","floor":31.0},{"not_picked":[],"picked":"Reboot","floor":33.0},{"not_picked":["Conserve Battery"],"picked":"SKIP","floor":35.0},{"not_picked":["Gash+1"],"picked":"SKIP","floor":36.0},{"not_picked":["Melter"],"picked":"SKIP","floor":39.0},{"not_picked":["Coolheaded"],"picked":"SKIP","floor":40.0},{"not_picked":["Melter"],"picked":"SKIP","floor":42.0},{"not_picked":["Chaos"],"picked":"SKIP","floor":45.0},{"not_picked":[],"picked":"Loop","floor":47.0}],"player_experience":502290,"relics_obtained":[{"floor":7.0,"key":"Gambling Chip"},{"floor":9.0,"key":"Symbiotic Virus"},{"floor":13.0,"key":"Darkstone Periapt"},{"floor":24.0,"key":"Bird Faced Urn"},{"floor":26.0,"key":"The Courier"},{"floor":28.0,"key":"Red Mask"},{"floor":30.0,"key":"Tiny Chest"},{"floor":40.0,"key":"Matryoshka"},{"floor":43.0,"key":"Oddly Smooth Stone"}],"event_choices":[{"damage_healed":0.0,"max_hp_gain":0.0,"max_hp_loss":0.0,"gold_gain":0.0,"event_name":"Wheel of Change","player_choice":"Damaged","floor":3.0,"gold_loss":0.0,"damage_taken":10.0},{"damage_healed":0.0,"max_hp_gain":0.0,"max_hp_loss":0.0,"gold_gain":0.0,"cards_transformed":["Strike_B","Strike_B"],"event_name":"Drug Dealer","player_choice":"Became Test Subject","floor":20.0,"gold_loss":0.0,"damage_taken":0.0,"cards_obtained":["Turbo","Barrage"]},{"damage_healed":0.0,"max_hp_gain":0.0,"max_hp_loss":0.0,"gold_gain":0.0,"event_name":"Vampires","player_choice":"Ignored","floor":21.0,"gold_loss":0.0,"damage_taken":0.0},{"damage_healed":0.0,"max_hp_gain":0.0,"max_hp_loss":0.0,"gold_gain":0.0,"event_name":"Beggar","player_choice":"Ignored","floor":25.0,"gold_loss":0.0,"damage_taken":0.0},{"damage_healed":0.0,"max_hp_gain":0.0,"max_hp_loss":0.0,"gold_gain":0.0,"event_name":"Nest","player_choice":"Joined the Cult","floor":27.0,"gold_loss":0.0,"damage_taken":6.0,"cards_obtained":["RitualDagger"]},{"damage_healed":0.0,"max_hp_gain":0.0,"max_hp_loss":0.0,"gold_gain":0.0,"event_name":"Masked Bandits","player_choice":"Fought Bandits","floor":28.0,"gold_loss":0.0,"damage_taken":0.0},{"damage_healed":0.0,"max_hp_gain":0.0,"max_hp_loss":0.0,"gold_gain":222.0,"event_name":"Tomb of Lord Red Mask","player_choice":"Wore Mask","floor":38.0,"gold_loss":0.0,"damage_taken":0.0},{"cards_removed":["Strike_B"],"damage_healed":0.0,"max_hp_gain":0.0,"max_hp_loss":0.0,"gold_gain":0.0,"event_name":"Purifier","player_choice":"Purged","floor":44.0,"gold_loss":0.0,"damage_taken":0.0}],"is_beta":false,"boss_relics":[{"not_picked":["Runic Pyramid","Philosopher\u0027s Stone"],"picked":"Busted Crown"},{"not_picked":["Orrery","White Beast Statue"],"picked":"Fusion Hammer"}],"items_purged_floors":[],"is_endless":false,"potions_floor_spawned":[1,12,14,16,19,28,29,31,45],"killed_by":"Awakened One","ascension_level":20}