{"gold_per_floor":[20,31,106,125,125,125,137,149,149,165,165,165,42,42,42,143,143,157,256,268,288,288,288,306,306,330,350,275,275,288,0,0,102,102,115,115,129,129,129],"floor_reached":39,"playtime":1559,"items_purged":[],"score":373,"play_id":"53242330-bb25-41b4-86bc-afbc79502d8f","local_time":"20181125233135","is_ascension_mode":false,"campfire_choices":[{"data":"Zap","floor":6,"key":"SMITH"},{"data":"Capacitor","floor":11,"key":"SMITH"},{"data":"Storm","floor":15,"key":"SMITH"},{"data":"Machine Learning","floor":23,"key":"SMITH"},{"data":"Hologram","floor":25,"key":"SMITH"},{"data":"Static Discharge","floor":29,"key":"SMITH"},{"data":"Dualcast","floor":32,"key":"SMITH"}],"neow_cost":"NO_GOLD","seed_source_timestamp":774171066627751,"circlet_count":0,"master_deck":["Strike_B+1","Strike_B","Strike_B","Defend_B","Defend_B","Defend_B","Defend_B","Zap+1","Dualcast+1","Hologram+1","Static Discharge+1","Storm+1","Storm+1","Ball Lightning+1","Capacitor+1","Self Repair","Steam","Machine Learning+1","Turbo+1","Ball Lightning","Capacitor","Self Repair+1","Conserve Battery","Consume+1","Apotheosis"],"relics":["Cracked Core","Thread and Needle","Boot","Busted Crown","Oddly Smooth Stone","Inserter"],"potions_floor_usage":[33,33,39],"damage_taken":[{"damage":0,"enemies":"Cultist","floor":1,"turns":4},{"damage":1,"enemies":"Small Slimes","floor":2,"turns":3},{"damage":5,"enemies":"Jaw Worm","floor":4,"turns":4},{"damage":3,"enemies":"Looter","floor":7,"turns":4},{"damage":9,"enemies":"2 Fungi Beasts","floor":8,"turns":3},{"damage":3,"enemies":"Blue Slaver","floor":10,"turns":3},{"damage":24,"enemies":"Hexaghost","floor":16,"turns":8},{"damage":11,"enemies":"Shell Parasite","floor":18,"turns":4},{"damage":10,"enemies":"3 Byrds","floor":20,"turns":4},{"damage":15,"enemies":"3 Cultists","floor":21,"turns":4},{"damage":14,"enemies":"Centurion and Healer","floor":24,"turns":5},{"damage":17,"enemies":"Snake Plant","floor":27,"turns":2},{"damage":6,"enemies":"Cultist and Chosen","floor":30,"turns":4},{"damage":26,"enemies":"Champ","floor":33,"turns":8},{"damage":7,"enemies":"3 Shapes","floor":35,"turns":3},{"damage":47,"enemies":"3 Darklings","floor":37,"turns":4},{"damage":41,"enemies":"Jaw Worm Horde","floor":39,"turns":3}],"seed_played":"-645030498748893105","potions_obtained":[{"floor":2,"key":"PowerPotion"},{"floor":8,"key":"Fire Potion"},{"floor":16,"key":"Strength Potion"},{"floor":37,"key":"FocusPotion"}],"is_trial":false,"path_per_floor":["M","M","?","M","?","R","M","M","T","M","R","?","$","?","R","B",null,"M","?","M","M","?","R","M","R","T","M","?","R","M","?","R","B",null,"M","?","M","?","M"],"character_chosen":"DEFECT","items_purchased":["Self Repair","Steam"],"campfire_rested":0,"item_purchase_floors":[13,13],"current_hp_per_floor":[75,74,63,58,58,58,55,46,46,43,43,28,28,53,53,36,75,71,71,68,60,60,60,53,53,53,53,53,53,64,64,64,38,75,75,75,35,35,0],"gold":129,"neow_bonus":"ONE_RARE_RELIC","is_prod":false,"is_daily":false,"chose_seed":false,"campfire_upgraded":7,"win_rate":0.0,"timestamp":1543210295,"path_taken":["M","M","?","M","?","R","M","M","T","?","R","?","$","?","R","BOSS","M","?","M","M","?","R","M","R","T","M","?","R","M","?","R","BOSS","M","?","M","?","?"],"build_version":"2018-11-15","purchased_purges":0,"victory":false,"max_hp_per_floor":[75,75,75,75,75,75,75,75,75,75,75,75,75,75,75,75,75,75,75,75,75,75,75,75,75,75,75,75,75,75,75,75,75,75,75,75,75,75,75],"card_choices":[{"not_picked":["Beam Cell","Undo"],"picked":"Hologram","floor":1},{"not_picked":["Sweeping Beam","Skim"],"picked":"Static Discharge","floor":2},{"not_picked":["Compile Driver","Machine Learning"],"picked":"Storm","floor":4},{"not_picked":["Cold Snap","FTL"],"picked":"Storm","floor":7},{"not_picked":["Beam Cell","Barrage"],"picked":"Ball Lightning","floor":8},{"not_picked":["Hologram","Tempest"],"picked":"Capacitor","floor":10},{"not_picked":["Seek","Echo Form"],"picked":"Machine Learning","floor":16},{"not_picked":["Rebound+1"],"picked":"SKIP","floor":18},{"not_picked":[],"picked":"Turbo+1","floor":20},{"not_picked":[],"picked":"Ball Lightning","floor":21},{"not_picked":[],"picked":"Self Repair+1","floor":24},{"not_picked":[],"picked":"Conserve Battery","floor":27},{"not_picked":[],"picked":"Consume+1","floor":30},{"not_picked":["Glacier"],"picked":"SKIP","floor":35},{"not_picked":[],"picked":"Apotheosis","floor":36},{"not_picked":["Doom and Gloom"],"picked":"SKIP","floor":37}],"player_experience":45318,"relics_obtained":[{"floor":9,"key":"Boot"},{"floor":26,"key":"Oddly Smooth Stone"}],"event_choices":[{"damage_healed":0,"gold_gain":75,"player_choice":"Gather Gold","damage_taken":11,"max_hp_gain":0,"max_hp_loss":0,"event_name":"World of Goop","floor":3,"gold_loss":0},{"damage_healed":0,"gold_gain":0,"player_choice":"Forge","damage_taken":0,"max_hp_gain":0,"max_hp_loss":0,"event_name":"Accursed Blacksmith","floor":5,"gold_loss":0,"cards_upgraded":["Storm"]},{"damage_healed":0,"gold_gain":0,"player_choice":"Entered Light","damage_taken":15,"max_hp_gain":0,"max_hp_loss":0,"event_name":"Shining Light","floor":12,"gold_loss":0,"cards_upgraded":["Strike_B","Ball Lightning"]},{"damage_healed":25,"gold_gain":0,"player_choice":"Banana","damage_taken":0,"max_hp_gain":0,"max_hp_loss":0,"event_name":"Big Fish","floor":14,"gold_loss":0},{"damage_healed":0,"gold_gain":99,"player_choice":"Stole From Cult","damage_taken":0,"max_hp_gain":0,"max_hp_loss":0,"event_name":"Nest","floor":19,"gold_loss":0},{"damage_healed":0,"gold_gain":0,"player_choice":"Read","damage_taken":0,"max_hp_gain":0,"max_hp_loss":0,"event_name":"The Library","floor":22,"gold_loss":0,"cards_obtained":["Capacitor"]},{"cards_removed":["Strike_B"],"damage_healed":0,"gold_gain":0,"player_choice":"Gave Gold","damage_taken":0,"max_hp_gain":0,"max_hp_loss":0,"event_name":"Beggar","floor":28,"gold_loss":75},{"damage_healed":0,"gold_gain":0,"player_choice":"Paid Fearfully","damage_taken":0,"max_hp_gain":0,"max_hp_loss":0,"event_name":"Masked Bandits","floor":31,"gold_loss":288},{"damage_healed":0,"gold_gain":0,"player_choice":"Memory 1","damage_taken":0,"max_hp_gain":0,"max_hp_loss":0,"event_name":"SensoryStone","floor":36,"gold_loss":0},{"damage_healed":0,"gold_gain":0,"player_choice":"Ignored","damage_taken":0,"max_hp_gain":0,"max_hp_loss":0,"event_name":"SecretPortal","floor":38,"gold_loss":0}],"is_beta":false,"boss_relics":[{"not_picked":["Tiny House","FrozenCore"],"picked":"Busted Crown"},{"not_picked":["Empty Cage","Black Star"],"picked":"Inserter"}],"items_purged_floors":[],"is_endless":false,"potions_floor_spawned":[2,8,16,18,27,37],"killed_by":"Jaw Worm Horde","ascension_level":0}