{"gold_per_floor":[110,130,79,92,72,98,98,118,118,138,155,155,155,175,175,175],"floor_reached":16,"playtime":625,"items_purged":[],"score":104,"play_id":"ca965453-3c27-4628-a1ca-a26370718894","local_time":"20190410004940","is_ascension_mode":false,"campfire_choices":[{"data":"Zap","floor":7,"key":"SMITH"},{"floor":15,"key":"REST"}],"neow_cost":"NONE","seed_source_timestamp":250500177118039,"circlet_count":0,"master_deck":["Strike_B","Strike_B+1","Defend_B","Defend_B","Defend_B+1","Defend_B","Zap+1","Capacitor+1","Sweeping Beam+1","Sweeping Beam+1","Defragment","Hologram","Skim","Venomology"],"relics":["Astrolabe","Pocketwatch","Prayer Wheel"],"potions_floor_usage":[10,10,14,16,16],"damage_taken":[{"damage":1,"enemies":"Jaw Worm","floor":1,"turns":4},{"damage":1,"enemies":"Cultist","floor":2,"turns":3},{"damage":0,"enemies":"2 Louse","floor":4,"turns":1},{"damage":36,"enemies":"Lagavulin","floor":6,"turns":8},{"damage":13,"enemies":"Large Slime","floor":8,"turns":5},{"damage":0,"enemies":"Lots of Slimes","floor":10,"turns":3},{"damage":5,"enemies":"Looter","floor":11,"turns":3},{"damage":0,"enemies":"Large Slime","floor":14,"turns":4},{"damage":29,"enemies":"The Guardian","floor":16,"turns":5}],"seed_played":"3402161545737833398","potions_obtained":[{"floor":1,"key":"SneckoOil"},{"floor":5,"key":"SneckoOil"},{"floor":6,"key":"Block Potion"},{"floor":11,"key":"FocusPotion"}],"is_trial":false,"path_per_floor":["M","M","$","M","?","E","R","M","T","M","M","?","?","M","R","B"],"character_chosen":"DEFECT","items_purchased":["Hologram"],"campfire_rested":1,"item_purchase_floors":[3],"current_hp_per_floor":[74,73,73,73,73,37,37,24,24,24,19,4,4,4,26,0],"gold":175,"neow_bonus":"BOSS_RELIC","is_prod":false,"is_daily":false,"chose_seed":false,"campfire_upgraded":1,"win_rate":0,"timestamp":1554882580,"path_taken":["M","M","$","M","?","E","R","M","T","?","M","?","?","M","R","BOSS"],"build_version":"2019-01-23","purchased_purges":0,"victory":false,"max_hp_per_floor":[75,75,75,75,75,75,75,75,75,75,75,75,75,75,75,75],"card_choices":[{"not_picked":["Sweeping Beam","Leap"],"picked":"Defragment","floor":1},{"not_picked":["Cold Snap","Stack","Aggregate"],"picked":"SKIP","floor":2},{"not_picked":["Storm","Stack","Blizzard"],"picked":"SKIP","floor":4},{"not_picked":["Reboot","Go for the Eyes","Streamline"],"picked":"SKIP","floor":6},{"not_picked":["Ball Lightning","Compile Driver","Sweeping Beam"],"picked":"SKIP","floor":8},{"not_picked":["Gash","Sweeping Beam"],"picked":"Skim","floor":10},{"not_picked":["Sweeping Beam","Glacier","Turbo"],"picked":"SKIP","floor":10},{"not_picked":["Leap","Thunder Strike"],"picked":"Go for the Eyes","floor":11},{"not_picked":["Conserve Battery","Leap","Go for the Eyes"],"picked":"SKIP","floor":11},{"not_picked":["Turbo","Streamline","Lockon"],"picked":"SKIP","floor":14},{"not_picked":["Hologram","Sunder","Force Field"],"picked":"SKIP","floor":14}],"player_experience":541226,"relics_obtained":[{"floor":6,"key":"Pocketwatch"},{"floor":9,"key":"Prayer Wheel"}],"event_choices":[{"damage_healed":0,"gold_gain":0,"player_choice":"Bought 1 Potion","damage_taken":0,"max_hp_gain":0,"max_hp_loss":0,"event_name":"The Woman in Blue","floor":5,"gold_loss":0},{"damage_healed":0,"gold_gain":0,"player_choice":"Entered Light","damage_taken":15,"max_hp_gain":0,"max_hp_loss":0,"event_name":"Shining Light","floor":12,"gold_loss":0,"cards_upgraded":["Defend_B","Strike_B"]},{"cards_removed":["Go for the Eyes"],"damage_healed":0,"gold_gain":0,"player_choice":"Took Card","damage_taken":0,"max_hp_gain":0,"max_hp_loss":0,"event_name":"NoteForYourself","floor":13,"gold_loss":0,"cards_obtained":["Venomology"]}],"is_beta":false,"boss_relics":[],"items_purged_floors":[],"is_endless":false,"potions_floor_spawned":[1,6,8,11],"killed_by":"The Guardian","ascension_level":0}