{"gold_per_floor":[111,36,51,66,66,66,79,104,173,173,207,219,235,251,251,347,347,366,66,51,51,51,51],"floor_reached":23,"playtime":1667,"items_purged":["Shame"],"score":213,"play_id":"e31170f3-6226-4e8f-a9fd-af374a85c9c0","local_time":"20190410140850","is_ascension_mode":true,"campfire_choices":[{"data":"Loop","floor":6,"key":"SMITH"},{"floor":15,"key":"REST"}],"neow_cost":"CURSE","seed_source_timestamp":8779855768679,"circlet_count":0,"master_deck":["Strike_B","Strike_B","Strike_B","Strike_B","Defend_B","Defend_B","Defend_B","Defend_B","Zap","Dualcast","Seek","Loop+1","Seek","Defragment","Loop","Go for the Eyes","Coolheaded","Go for the Eyes","Capacitor","Steam","Mayhem","BootSequence","Force Field"],"relics":["Cracked Core","Peace Pipe","Kunai","Regal Pillow","Fusion Hammer"],"potions_floor_usage":[13,23,23],"damage_taken":[{"damage":0,"enemies":"Small Slimes","floor":1,"turns":3},{"damage":6,"enemies":"Jaw Worm","floor":3,"turns":3},{"damage":1,"enemies":"Cultist","floor":4,"turns":3},{"damage":1,"enemies":"2 Fungi Beasts","floor":7,"turns":3},{"damage":44,"enemies":"3 Sentries","floor":8,"turns":8},{"damage":16,"enemies":"Gremlin Nob","floor":11,"turns":3},{"damage":10,"enemies":"Looter","floor":12,"turns":3},{"damage":7,"enemies":"Large Slime","floor":13,"turns":4},{"damage":7,"enemies":"Blue Slaver","floor":14,"turns":3},{"damage":12,"enemies":"The Guardian","floor":16,"turns":11},{"damage":12,"enemies":"Spheric Guardian","floor":18,"turns":4},{"damage":21,"enemies":"2 Thieves","floor":20,"turns":4},{"damage":30,"enemies":"Slavers","floor":23,"turns":3}],"seed_played":"-7382193870667660000","potions_obtained":[{"floor":7,"key":"Swift Potion"},{"floor":8,"key":"Block Potion"},{"floor":16,"key":"LiquidBronze"},{"floor":20,"key":"Dexterity Potion"}],"is_trial":false,"path_per_floor":["?","?","M","?","?"],"character_chosen":"DEFECT","items_purchased":["Capacitor","Steam","Mayhem"],"campfire_rested":1,"item_purchase_floors":[19,19,19],"current_hp_per_floor":[75,75,69,68,68,68,67,23,23,75,59,49,42,35,72,60,75,63,63,42,28,28,0],"gold":51,"neow_bonus":"THREE_RARE_CARDS","is_prod":false,"is_daily":false,"chose_seed":false,"campfire_upgraded":1,"win_rate":0,"timestamp":1554898130,"path_taken":["M","$","M","M","?","R","M","E","T","?","E","?","M","M","R","BOSS","M","$","M","?","?","E"],"build_version":"2019-01-23","purchased_purges":1,"victory":false,"max_hp_per_floor":[75,75,75,75,75,75,75,75,75,75,75,75,75,75,75,75,75,75,75,75,80,80,80],"card_choices":[{"not_picked":["All For One","Multi-Cast"],"picked":"Seek","floor":0},{"not_picked":["Streamline","Storm","Redo"],"picked":"SKIP","floor":1},{"not_picked":["Reprogram","Streamline"],"picked":"Loop","floor":3},{"not_picked":["Tempest","Turbo"],"picked":"Double Energy","floor":4},{"not_picked":["Hologram","Go for the Eyes"],"picked":"Seek","floor":7},{"not_picked":["Rebound","Ball Lightning"],"picked":"Defragment","floor":8},{"not_picked":["Recycle","Consume"],"picked":"Loop","floor":11},{"not_picked":["Streamline","Chaos"],"picked":"Go for the Eyes","floor":12},{"not_picked":["Lockon","Static Discharge","Darkness"],"picked":"SKIP","floor":13},{"not_picked":["Leap","Genetic Algorithm"],"picked":"Coolheaded","floor":14},{"not_picked":["Sweeping Beam+1","Gash"],"picked":"Go for the Eyes","floor":18},{"not_picked":["Rebound","Stack+1"],"picked":"BootSequence","floor":20}],"player_experience":79518,"relics_obtained":[{"floor":8,"key":"Peace Pipe"},{"floor":9,"key":"Kunai"},{"floor":11,"key":"Regal Pillow"}],"event_choices":[{"damage_healed":0,"gold_gain":0,"player_choice":"Ignored","damage_taken":0,"max_hp_gain":0,"max_hp_loss":0,"event_name":"Golden Idol","floor":5,"gold_loss":0},{"cards_removed":["Double Energy"],"damage_healed":52,"gold_gain":0,"player_choice":"Offered Uncommon","damage_taken":0,"max_hp_gain":0,"max_hp_loss":0,"event_name":"Bonfire Elementals","floor":10,"gold_loss":0},{"damage_healed":0,"gold_gain":0,"player_choice":"Shed Blood","damage_taken":19,"max_hp_gain":5,"max_hp_loss":0,"event_name":"Forgotten Altar","floor":21,"gold_loss":0},{"damage_healed":0,"gold_gain":0,"player_choice":"Read","damage_taken":0,"max_hp_gain":0,"max_hp_loss":0,"event_name":"The Library","floor":22,"gold_loss":0,"cards_obtained":["Force Field"]}],"is_beta":false,"boss_relics":[{"not_picked":["Snecko Eye","Calling Bell"],"picked":"Fusion Hammer"}],"items_purged_floors":[2],"is_endless":false,"potions_floor_spawned":[7,8,16,20],"killed_by":"Slavers","ascension_level":1}