{"gold_per_floor":[362,0,0,21,21,21,65,65,65,65,96,96,115,216,216,344,344,360,460,88,88,104,104,137,149,161,173,203,235,266,296,308,440,452,485,512,109,109,69,69,109,109,133,167,187,200,8,8,8,8],"floor_reached":51,"playtime":4466,"items_purged":["Strike_G","Defend_G"],"score":837,"play_id":"2c8a0e9c-6d78-4cbb-a6d3-91cce45b7b3e","local_time":"20190418192934","is_ascension_mode":true,"campfire_choices":[{"data":"Neutralize","floor":6.0,"key":"SMITH"},{"floor":8.0,"key":"REST"},{"data":"Noxious Fumes","floor":12.0,"key":"SMITH"},{"data":"Acrobatics","floor":15.0,"key":"SMITH"},{"floor":23,"key":"REST"},{"data":"Tactician","floor":25,"key":"SMITH"},{"data":"Night Terror","floor":27,"key":"SMITH"},{"data":"Deadly Poison","floor":32,"key":"SMITH"},{"floor":40,"key":"REST"},{"floor":42,"key":"REST"},{"floor":49,"key":"REST"}],"neow_cost":"PERCENT_DAMAGE","seed_source_timestamp":30830097234558,"circlet_count":0,"master_deck":["Defend_G","Defend_G","Defend_G","Defend_G","Strike_G","Survivor","Neutralize+1","Noxious Fumes+1","Escape Plan","Acrobatics+1","PiercingWail","Deadly Poison+1","Night Terror+1","Noxious Fumes+1","Doppelganger+1","Tactician+1","Acrobatics","Acrobatics+1","After Image","Outmaneuver+1","Concentrate+1","Dash+1","Backflip+1","Prepared+1","PiercingWail+1","Bouncing Flask"],"special_seed":0,"relics":["Ring of the Snake","PreservedInsect","TheAbacus","Golden Idol","Mummified Hand","Calipers","Shuriken","Pantograph","Tiny Chest","Astrolabe","Bag of Preparation","MawBank","Ornamental Fan","Fusion Hammer","Gremlin Horn","Orichalcum","Juzu Bracelet","Snake Skull","Oddly Smooth Stone"],"potions_floor_usage":[22,45,45,50,50,50],"damage_taken":[{"damage":2.0,"enemies":"Cultist","floor":1.0,"turns":4.0},{"damage":1.0,"enemies":"Small Slimes","floor":4.0,"turns":4.0},{"damage":23.0,"enemies":"Lagavulin","floor":7.0,"turns":7.0},{"damage":11.0,"enemies":"3 Sentries","floor":11.0,"turns":8.0},{"damage":0.0,"enemies":"Jaw Worm","floor":13.0,"turns":4.0},{"damage":7.0,"enemies":"3 Sentries","floor":14.0,"turns":7.0},{"damage":6.0,"enemies":"The Guardian","floor":16.0,"turns":9.0},{"damage":18.0,"enemies":"Shell Parasite","floor":18.0,"turns":7.0},{"damage":18,"enemies":"Chosen","floor":22,"turns":6},{"damage":0,"enemies":"Gremlin Leader","floor":24,"turns":5},{"damage":1,"enemies":"Centurion and Healer","floor":28,"turns":5},{"damage":0,"enemies":"Snake Plant","floor":29,"turns":5},{"damage":1,"enemies":"Snecko","floor":30,"turns":4},{"damage":16,"enemies":"Centurion and Healer","floor":31,"turns":7},{"damage":16,"enemies":"Champ","floor":33,"turns":9},{"damage":6,"enemies":"3 Shapes","floor":35,"turns":4},{"damage":0,"enemies":"Orb Walker","floor":36,"turns":4},{"damage":10,"enemies":"Nemesis","floor":41,"turns":7},{"damage":39,"enemies":"Reptomancer","floor":44,"turns":5},{"damage":0,"enemies":"Transient","floor":45,"turns":5},{"damage":0,"enemies":"Sphere and 2 Shapes","floor":46,"turns":4},{"damage":32,"enemies":"Time Eater","floor":50,"turns":12}],"seed_played":"-4554504298316357581","potions_obtained":[{"floor":1.0,"key":"SkillPotion"},{"floor":4.0,"key":"Fruit Juice"},{"floor":11.0,"key":"Explosive Potion"},{"floor":21,"key":"Regen Potion"},{"floor":22,"key":"Block Potion"},{"floor":45,"key":"Weak Potion"},{"floor":46,"key":"Strength Potion"}],"is_trial":false,"path_per_floor":["M","$","?","M","T","R","E","R","T","?","E","R","M","?","R","B",null,"M","?","$","?","M","R","E","R","T","R","M","M","M","M","R","B",null,"M","M","$","T","?","R","E","R","T","E","M","M","$","?","R","B",null],"character_chosen":"THE_SILENT","items_purchased":["PreservedInsect","TheAbacus","Bag of Preparation","Tactician","GhostInAJar","Concentrate","Gremlin Horn","Oddly Smooth Stone","Bouncing Flask"],"campfire_rested":5,"item_purchase_floors":[2,2,20,20,20,37,37,47,47],"current_hp_per_floor":[47,47,47,51,51,51,28,49,49,49,38,38,38,31,31,50,70,52,52,52,52,34,55,55,55,55,55,54,54,53,37,37,46,70,64,64,64,64,64,70,60,70,70,31,46,46,46,46,67,38],"gold":8,"neow_bonus":"TWO_FIFTY_GOLD","is_prod":false,"is_daily":false,"chose_seed":false,"campfire_upgraded":6,"win_rate":0,"timestamp":1555583374,"path_taken":["M","?","?","M","?","R","E","R","T","?","E","R","M","?","R","BOSS","M","?","?","?","?","R","E","R","T","R","M","M","M","M","R","BOSS","M","M","?","?","?","R","E","R","T","E","M","M","$","?","R","BOSS"],"build_version":"2019-01-23","purchased_purges":2,"victory":true,"max_hp_per_floor":[70,70,65,70,70,70,70,70,70,70,70,70,70,70,70,70,70,70,70,70,70,70,70,70,70,70,70,70,70,70,70,70,70,70,70,70,70,70,70,70,70,70,70,70,70,70,70,70,70,70],"card_choices":[{"not_picked":["Heel Hook","Deflect"],"picked":"Noxious Fumes","floor":1.0},{"not_picked":["Deflect","Poisoned Stab"],"picked":"Escape Plan","floor":4.0},{"not_picked":["Deflect","Setup"],"picked":"Acrobatics","floor":7.0},{"not_picked":["Choke","Bane"],"picked":"PiercingWail","floor":11.0},{"not_picked":["Backstab","Skewer"],"picked":"Deadly Poison","floor":13.0},{"not_picked":["Bullet Time","Wraith Form v2"],"picked":"Night Terror","floor":16.0},{"not_picked":["Sucker Punch","Distraction","Poisoned Stab"],"picked":"SKIP","floor":18.0},{"not_picked":["Flying Knee","Blade Dance"],"picked":"Acrobatics","floor":22},{"not_picked":["Bane","Sucker Punch"],"picked":"Acrobatics+1","floor":24},{"not_picked":["Dagger Spray+1","Quick Slash+1","Dagger Throw"],"picked":"SKIP","floor":28},{"not_picked":["Accuracy","Dagger Throw+1","Bane"],"picked":"SKIP","floor":29},{"not_picked":["Choke","Acrobatics+1","Outmaneuver+1"],"picked":"SKIP","floor":30},{"not_picked":["Doppelganger","Quick Slash","Poisoned Stab"],"picked":"SKIP","floor":31},{"not_picked":["Phantasmal Killer","Die Die Die"],"picked":"After Image","floor":33},{"not_picked":["Bane","All Out Attack+1"],"picked":"Outmaneuver+1","floor":35},{"not_picked":["Poisoned Stab","Bane+1","Outmaneuver"],"picked":"SKIP","floor":36},{"not_picked":["Phantasmal Killer","Sucker Punch"],"picked":"Dash+1","floor":41},{"not_picked":["All Out Attack","Bane"],"picked":"Backflip+1","floor":44},{"not_picked":["Setup","Outmaneuver"],"picked":"Prepared+1","floor":45},{"not_picked":["Phantasmal Killer","Dagger Spray"],"picked":"PiercingWail+1","floor":46}],"player_experience":624946,"relics_obtained":[{"floor":5.0,"key":"Mummified Hand"},{"floor":7.0,"key":"Calipers"},{"floor":9.0,"key":"Shuriken"},{"floor":11.0,"key":"Pantograph"},{"floor":14.0,"key":"Tiny Chest"},{"floor":24,"key":"MawBank"},{"floor":26,"key":"Ornamental Fan"},{"floor":38,"key":"Orichalcum"},{"floor":43,"key":"Juzu Bracelet"},{"floor":44,"key":"Snake Skull"}],"event_choices":[{"damage_healed":0.0,"max_hp_gain":0.0,"max_hp_loss":5.0,"gold_gain":0.0,"event_name":"Golden Idol","player_choice":"Lose Max HP","floor":3.0,"gold_loss":0.0,"damage_taken":0.0,"relics_obtained":["Golden Idol"]},{"damage_healed":0.0,"max_hp_gain":0.0,"max_hp_loss":0.0,"gold_gain":0.0,"event_name":"Liars Game","player_choice":"Ignored","floor":10.0,"gold_loss":0.0,"damage_taken":0.0},{"damage_healed":0.0,"max_hp_gain":0.0,"max_hp_loss":0.0,"gold_gain":30.0,"event_name":"Dead Adventurer","player_choice":"Searched \u00273\u0027 times","floor":14.0,"gold_loss":0.0,"damage_taken":0.0},{"damage_healed":0.0,"max_hp_gain":0.0,"max_hp_loss":0.0,"gold_gain":100.0,"event_name":"Golden Shrine","player_choice":"Pray","floor":19.0,"gold_loss":0.0,"damage_taken":0.0},{"damage_healed":0,"gold_gain":0,"player_choice":"Got Potions","damage_taken":0,"max_hp_gain":0,"max_hp_loss":0,"event_name":"Lab","floor":21,"gold_loss":0},{"damage_healed":0,"gold_gain":0,"player_choice":"Upgrade","damage_taken":0,"max_hp_gain":0,"max_hp_loss":0,"event_name":"Designer","floor":39,"gold_loss":40,"cards_upgraded":["Concentrate"]},{"cards_removed":["Unload"],"damage_healed":0,"gold_gain":0,"player_choice":"Removed Attack","damage_taken":0,"max_hp_gain":0,"max_hp_loss":0,"event_name":"Falling","floor":48,"gold_loss":0}],"is_beta":false,"boss_relics":[{"not_picked":["Busted Crown","Orrery"],"picked":"Astrolabe"},{"not_picked":["Empty Cage","Snecko Eye"],"picked":"Fusion Hammer"}],"items_purged_floors":[20,37],"is_endless":false,"potions_floor_spawned":[1,4,11,22,28,29,30,44,45,46],"ascension_level":3}