{"gold_per_floor":[109,122,197,197,197,230,243,243],"floor_reached":8,"playtime":150,"items_purged":[],"score":162,"play_id":"c94721db-ef1d-449f-b4b8-91aa946fdab3","local_time":"20190406183605","is_ascension_mode":true,"campfire_choices":[],"neow_cost":"NONE","seed_source_timestamp":173420181075014,"circlet_count":0,"master_deck":["AscendersBane","Strike_B","Strike_B","Strike_B","Defend_B","Defend_B","Defend_B","Defend_B","Zap","Dualcast","Glacier","Hologram","Compile Driver","Hologram"],"relics":["Cracked Core","NeowsBlessing","Lantern"],"potions_floor_usage":[],"damage_taken":[{"damage":0,"enemies":"Jaw Worm","floor":1,"turns":1},{"damage":0,"enemies":"2 Louse","floor":2,"turns":1},{"damage":0,"enemies":"Gremlin Nob","floor":6,"turns":1},{"damage":0,"enemies":"Small Slimes","floor":7,"turns":3},{"damage":53,"enemies":"Exordium Thugs","floor":8,"turns":4}],"seed_played":"1110066230210710232","potions_obtained":[{"floor":1,"key":"LiquidBronze"}],"is_trial":false,"path_per_floor":["M","M","?","?","?","E","M","M"],"character_chosen":"DEFECT","items_purchased":[],"campfire_rested":0,"item_purchase_floors":[],"current_hp_per_floor":[64,64,53,58,58,58,58,5],"gold":243,"neow_bonus":"THREE_ENEMY_KILL","is_prod":false,"is_daily":false,"chose_seed":false,"campfire_upgraded":0,"win_rate":0,"timestamp":1554600965,"path_taken":["M","M","?","?","?","E","M","?"],"build_version":"2019-01-23","purchased_purges":0,"victory":false,"max_hp_per_floor":[71,71,71,76,76,76,76,76],"card_choices":[{"not_picked":["White Noise","Sweeping Beam"],"picked":"Glacier","floor":1},{"not_picked":["Compile Driver","Gash"],"picked":"Hologram","floor":2},{"not_picked":["Recycle","Double Energy"],"picked":"Compile Driver","floor":6},{"not_picked":["Aggregate","Scrape"],"picked":"Hologram","floor":7}],"player_experience":505539,"relics_obtained":[{"floor":6,"key":"Lantern"}],"event_choices":[{"damage_healed":0,"gold_gain":75,"player_choice":"Gather Gold","damage_taken":11,"max_hp_gain":0,"max_hp_loss":0,"event_name":"World of Goop","floor":3,"gold_loss":0},{"damage_healed":0,"gold_gain":0,"player_choice":"Donut","damage_taken":0,"max_hp_gain":5,"max_hp_loss":0,"event_name":"Big Fish","floor":4,"gold_loss":0},{"cards_removed":["Strike_B"],"damage_healed":0,"gold_gain":0,"player_choice":"Purged","damage_taken":0,"max_hp_gain":0,"max_hp_loss":0,"event_name":"Purifier","floor":5,"gold_loss":0}],"is_beta":false,"boss_relics":[],"items_purged_floors":[],"is_endless":false,"potions_floor_spawned":[1],"killed_by":"Exordium Thugs","ascension_level":20}