{"gold_per_floor":[110,110,120,130,130,130,157,157,157,172,202,222,252,252,252,351,351,371,60,74,74,74,74,87,121,121,138,138,153,153,167,167,264,264,284,296,1295,433,433,464,464,479,479,15,15,46,57,57,57,57],"floor_reached":51,"playtime":3172,"items_purged":["Pain","Normality","Normality"],"score":893,"play_id":"5a54ac44-a915-47a4-8987-47f52281b3d0","local_time":"20181124075403","is_ascension_mode":true,"campfire_choices":[{"data":"Steam Power","floor":6,"key":"SMITH"},{"floor":15,"key":"REST"},{"floor":28,"key":"REST"},{"floor":32,"key":"REST"},{"floor":41,"key":"REST"},{"floor":45,"key":"REST"},{"data":"Machine Learning","floor":49,"key":"SMITH"}],"neow_cost":"TEN_PERCENT_HP_LOSS","seed_source_timestamp":127029416265789,"circlet_count":0,"master_deck":["Strike_B+1","Strike_B","Defend_B","Defend_B","Defend_B","Defend_B","Zap+1","Dualcast","Ball Lightning","Turbo","Steam Power+1","Coolheaded","Doom and Gloom","Compile Driver+1","Machine Learning+1","Ball Lightning","Creative AI","Fusion","Turbo+1","Storm+1","Redo+1","Compile Driver","Compile Driver","Double Energy","Necronomicurse","Machine Learning+1","Electrodynamics+1","Chaos","White Noise","Thunder Strike","Redo","Defragment+1","Glacier+1","Tempest","Thunder Strike","Loop+1","BootSequence+1","Heatsinks+1"],"relics":["Cracked Core","Pocketwatch","Thread and Needle","Ornamental Fan","Mango","Odd Mushroom","WarpedTongs","Sozu","Frozen Egg 2","Whetstone","Ancient Tea Set","Necronomicon","Philosopher\u0027s Stone","Incense Burner","Lee\u0027s Waffle","Calipers","Juzu Bracelet","Bag of Preparation","PreservedInsect","Spirit Poop"],"potions_floor_usage":[7,11,11,23],"damage_taken":[{"damage":11,"enemies":"Jaw Worm","floor":1,"turns":3},{"damage":0,"enemies":"2 Louse","floor":3,"turns":1},{"damage":0,"enemies":"Cultist","floor":4,"turns":2},{"damage":19,"enemies":"3 Sentries","floor":7,"turns":4},{"damage":3,"enemies":"3 Louse","floor":10,"turns":3},{"damage":3,"enemies":"Lagavulin","floor":11,"turns":4},{"damage":2,"enemies":"Large Slime","floor":12,"turns":2},{"damage":3,"enemies":"The Mushroom Lair","floor":13,"turns":2},{"damage":1,"enemies":"Slime Boss","floor":16,"turns":4},{"damage":14,"enemies":"Shell Parasite","floor":18,"turns":3},{"damage":13,"enemies":"2 Thieves","floor":20,"turns":4},{"damage":0,"enemies":"Slavers","floor":23,"turns":1},{"damage":14,"enemies":"Snake Plant","floor":24,"turns":3},{"damage":12,"enemies":"Book of Stabbing","floor":25,"turns":5},{"damage":11,"enemies":"Snecko","floor":27,"turns":4},{"damage":1,"enemies":"Sentry and Sphere","floor":29,"turns":5},{"damage":6,"enemies":"Cultist and Chosen","floor":31,"turns":5},{"damage":13,"enemies":"Champ","floor":33,"turns":10},{"damage":0,"enemies":"3 Shapes","floor":35,"turns":2},{"damage":16,"enemies":"Orb Walker","floor":36,"turns":3},{"damage":36,"enemies":"Reptomancer","floor":40,"turns":3},{"damage":16,"enemies":"Maw","floor":42,"turns":5},{"damage":0,"enemies":"Giant Head","floor":46,"turns":4},{"damage":2,"enemies":"3 Darklings","floor":47,"turns":2},{"damage":30,"enemies":"Donu and Deca","floor":50,"turns":5}],"seed_played":"-555188902921461018","potions_obtained":[{"floor":3,"key":"LiquidBronze"},{"floor":7,"key":"Regen Potion"},{"floor":10,"key":"SteroidPotion"},{"floor":12,"key":"SmokeBomb"}],"is_trial":false,"path_per_floor":["M","?","M","M","?","R","E","?","T","M","E","M","?","?","R","B",null,"M","$","M","?","?","E","M","E","T","M","R","M","?","M","R","B",null,"M","M","?","$","?","E","R","M","T","$","R","E","M","?","R","B",null],"character_chosen":"DEFECT","items_purchased":["Creative AI","Fusion","Thunder Strike","Redo","Defragment+1","Incense Burner","Lee\u0027s Waffle","Thunder Strike","Bag of Preparation","Loop+1"],"campfire_rested":5,"item_purchase_floors":[19,19,38,38,38,38,38,44,44,44],"current_hp_per_floor":[57,57,57,57,50,50,31,31,31,28,51,49,46,46,70,69,82,68,68,55,55,55,55,41,29,29,18,42,41,25,19,43,30,82,82,66,66,89,85,49,74,58,58,58,83,83,81,81,81,51],"gold":57,"neow_bonus":"ONE_RARE_RELIC","is_prod":false,"is_daily":false,"chose_seed":false,"campfire_upgraded":2,"win_rate":0,"timestamp":1543074843,"path_taken":["M","?","M","M","?","R","E","?","T","M","E","?","?","?","R","BOSS","M","$","M","?","?","E","M","E","T","M","R","M","?","M","R","BOSS","M","M","?","$","?","E","R","M","T","?","R","E","M","?","R","BOSS"],"build_version":"2018-11-15","purchased_purges":3,"victory":true,"max_hp_per_floor":[68,68,68,68,68,68,68,68,68,68,82,82,82,82,82,82,82,82,82,82,82,82,82,82,82,82,82,82,82,82,82,82,82,82,82,82,82,89,85,85,85,85,85,85,85,85,85,85,85,85],"card_choices":[{"not_picked":["Gash","BootSequence"],"picked":"Ball Lightning","floor":1},{"not_picked":["Force Field","Chill"],"picked":"Turbo","floor":3},{"not_picked":["Stack","Go for the Eyes"],"picked":"Steam Power","floor":4},{"not_picked":["Rebound","Reprogram","Streamline"],"picked":"SKIP","floor":7},{"not_picked":["Darkness","Reinforced Body"],"picked":"Coolheaded","floor":10},{"not_picked":["Reinforced Body","Redo"],"picked":"Doom and Gloom","floor":11},{"not_picked":["Multi-Cast","Reinforced Body","Steam"],"picked":"SKIP","floor":12},{"not_picked":["FTL","Stack"],"picked":"Compile Driver","floor":13},{"not_picked":["Multi-Cast","Meteor Strike"],"picked":"Machine Learning","floor":16},{"not_picked":["Steam","Barrage"],"picked":"Ball Lightning","floor":18},{"not_picked":["Double Energy","Hologram+1"],"picked":"Turbo+1","floor":20},{"not_picked":["Rebound+1","Go for the Eyes"],"picked":"Redo+1","floor":24},{"not_picked":["Gash+1","Lockon"],"picked":"Compile Driver","floor":25},{"not_picked":["FTL","Sweeping Beam"],"picked":"Compile Driver","floor":27},{"not_picked":["FTL","Rebound"],"picked":"Double Energy","floor":29},{"not_picked":["Rebound","Leap"],"picked":"Machine Learning+1","floor":31},{"not_picked":["Fission","Reboot"],"picked":"Electrodynamics+1","floor":33},{"not_picked":["Lockon+1","Ball Lightning"],"picked":"Chaos","floor":35},{"not_picked":["Gash","Compile Driver+1"],"picked":"White Noise","floor":36},{"not_picked":["Go for the Eyes","Doom and Gloom"],"picked":"Glacier+1","floor":40},{"not_picked":["Streamline","Beam Cell"],"picked":"Tempest","floor":42},{"not_picked":["Ball Lightning+1","Meteor Strike"],"picked":"BootSequence+1","floor":46},{"not_picked":["Scrape+1","BootSequence+1"],"picked":"Heatsinks+1","floor":47}],"player_experience":30857,"relics_obtained":[{"floor":7,"key":"Thread and Needle"},{"floor":9,"key":"Ornamental Fan"},{"floor":11,"key":"Mango"},{"floor":13,"key":"Odd Mushroom"},{"floor":25,"key":"Whetstone"},{"floor":26,"key":"Ancient Tea Set"},{"floor":30,"key":"Necronomicon"},{"floor":40,"key":"Calipers"},{"floor":43,"key":"Juzu Bracelet"},{"floor":46,"key":"PreservedInsect"}],"event_choices":[{"damage_healed":0,"gold_gain":0,"player_choice":"Grow","damage_taken":0,"max_hp_gain":0,"max_hp_loss":0,"event_name":"Living Wall","floor":2,"gold_loss":0,"cards_upgraded":["Zap"]},{"cards_removed":["Strike_B"],"damage_healed":0,"gold_gain":0,"player_choice":"Card Removal","damage_taken":7,"max_hp_gain":0,"max_hp_loss":0,"event_name":"Golden Wing","floor":5,"gold_loss":0},{"cards_removed":["Strike_B"],"damage_healed":0,"gold_gain":0,"player_choice":"Purged","damage_taken":0,"max_hp_gain":0,"max_hp_loss":0,"event_name":"Purifier","floor":8,"gold_loss":0},{"damage_healed":0,"gold_gain":0,"player_choice":"Fought Mushrooms","damage_taken":0,"max_hp_gain":0,"max_hp_loss":0,"event_name":"Mushrooms","floor":13,"gold_loss":0},{"damage_healed":0,"gold_gain":0,"player_choice":"Rummage","damage_taken":0,"relics_obtained":["WarpedTongs"],"max_hp_gain":0,"max_hp_loss":0,"event_name":"Accursed Blacksmith","floor":14,"gold_loss":0,"cards_obtained":["Pain"]},{"damage_healed":0,"gold_gain":0,"player_choice":"Opened","damage_taken":0,"relics_obtained":["Frozen Egg 2"],"max_hp_gain":0,"max_hp_loss":0,"event_name":"The Mausoleum","floor":21,"gold_loss":0,"cards_obtained":["Writhe"]},{"damage_healed":0,"gold_gain":0,"player_choice":"Read","damage_taken":0,"max_hp_gain":0,"max_hp_loss":0,"event_name":"The Library","floor":22,"gold_loss":0,"cards_obtained":["Storm"]},{"damage_healed":0,"gold_gain":0,"player_choice":"Obtained Book","damage_taken":16,"max_hp_gain":0,"max_hp_loss":0,"event_name":"Cursed Tome","floor":30,"gold_loss":0},{"damage_healed":0,"gold_gain":999,"player_choice":"Gold","damage_taken":0,"max_hp_gain":0,"max_hp_loss":0,"event_name":"MindBloom","floor":37,"gold_loss":0,"cards_obtained":["Normality","Normality"]},{"damage_healed":0,"gold_gain":0,"player_choice":"Max HP","damage_taken":0,"max_hp_gain":0,"max_hp_loss":4,"event_name":"Winding Halls","floor":39,"gold_loss":0},{"cards_removed":["Writhe"],"damage_healed":0,"gold_gain":0,"player_choice":"Offered Curse","damage_taken":0,"relics_obtained":["Spirit Poop"],"max_hp_gain":0,"max_hp_loss":0,"event_name":"Bonfire Elementals","floor":48,"gold_loss":0}],"is_beta":false,"boss_relics":[{"not_picked":["Inserter","Runic Pyramid"],"picked":"Sozu"},{"not_picked":["White Beast Statue","Snecko Eye"],"picked":"Philosopher\u0027s Stone"}],"items_purged_floors":[19,38,44],"is_endless":false,"potions_floor_spawned":[3,7,10,12,23,24,25,27,33,36,42],"ascension_level":1}