{"gold_per_floor":[116,66,241,241,241,367,57,57,80,80,97,97,122,242,242,345,345,460,476,488,145,175,175,194,310,334,334,348,348,363,92,92,190,190,206,224,224,239,239,239,258,258,306,306,306,333,344,344,572,572],"floor_reached":50,"playtime":2188,"items_purged":["Strike_B","Cold Snap","Stack+1"],"score":495,"play_id":"5a47dba8-e0dd-46c6-aa9b-442332ce233e","local_time":"20190227230334","is_ascension_mode":false,"campfire_choices":[{"data":"Apotheosis","floor":8,"key":"SMITH"},{"data":"infinitespire:UltimateForm","floor":10,"key":"SMITH"},{"floor":12,"key":"REST"},{"data":"Turbo","floor":15,"key":"SMITH"},{"floor":23,"key":"REST"},{"data":"Recycle","floor":27,"key":"SMITH"},{"data":"Static Discharge","floor":29,"key":"SMITH"},{"data":"Storm","floor":32,"key":"SMITH"},{"data":"Loop","floor":40,"key":"SMITH"},{"floor":42,"key":"REST"},{"floor":45,"key":"REST"},{"floor":49,"key":"REST"}],"neow_cost":"NONE","seed_source_timestamp":379458779943500,"circlet_count":0,"master_deck":["Strike_B","Strike_B","Defend_B","Defend_B","Defend_B","Defend_B","Zap","Dualcast","Heatsinks","Turbo+1","infinitespire:UltimateForm+1","Compile Driver","Apotheosis+1","Compile Driver","Hologram","Defragment","Leap","Electrodynamics","Recycle+1","Doom and Gloom","Static Discharge+1","Conserve Battery+1","Self Repair","Meteor Strike","Storm+1","Buffer","Conserve Battery","Loop+1","Pain","Conserve Battery","Impatience","Reinforced Body+1","Self Repair+1"],"relics":["Cracked Core","Smiling Mask","Regal Pillow","infinitespire:Freezer","Runic Pyramid","Letter Opener","Tiny Chest","Lantern","Bag of Preparation","Runic Dome","WarpedTongs","StoneCalendar"],"potions_floor_usage":[16,16,30,46,46,46,46,47],"damage_taken":[{"damage":5,"enemies":"2 Louse","floor":1,"turns":3},{"damage":16,"enemies":"Lagavulin","floor":6,"turns":5},{"damage":0,"enemies":"Cultist","floor":11,"turns":3},{"damage":0,"enemies":"Jaw Worm","floor":14,"turns":3},{"damage":10,"enemies":"The Guardian","floor":16,"turns":7},{"damage":20,"enemies":"Spheric Guardian","floor":18,"turns":4},{"damage":0,"enemies":"Chosen","floor":19,"turns":5},{"damage":21,"enemies":"Snecko","floor":20,"turns":6},{"damage":10,"enemies":"Shelled Parasite and Fungi","floor":24,"turns":4},{"damage":0,"enemies":"Sentry and Sphere","floor":25,"turns":4},{"damage":0,"enemies":"Centurion and Healer","floor":28,"turns":5},{"damage":4,"enemies":"3 Cultists","floor":30,"turns":4},{"damage":3,"enemies":"Automaton","floor":33,"turns":5},{"damage":0,"enemies":"Orb Walker","floor":35,"turns":4},{"damage":0,"enemies":"3 Darklings","floor":36,"turns":2},{"damage":18,"enemies":"4 Shapes","floor":38,"turns":3},{"damage":40,"enemies":"Writhing Mass","floor":41,"turns":4},{"damage":64,"enemies":"Nightmare","floor":46,"turns":5},{"damage":8,"enemies":"Maw","floor":47,"turns":6},{"damage":71,"enemies":"infinitespire:MassOfShapes","floor":50,"turns":7}],"seed_played":"2515408855131492477","potions_obtained":[{"floor":1,"key":"Strength Potion"},{"floor":14,"key":"LiquidBronze"},{"floor":19,"key":"FairyPotion"},{"floor":24,"key":"EntropicBrew"},{"floor":25,"key":"AttackPotion"},{"floor":35,"key":"Strength Potion"},{"floor":38,"key":"SteroidPotion"},{"floor":46,"key":"Swift Potion"}],"is_trial":false,"path_per_floor":["M","?","?","?","?","E","$","R","T","R","M","R","T","M","R","B",null,"M","M","M","$","T","R","M","M","T","R","M","R","M","$","R","B",null,"M","M","?","M","?","R","M","R","T","?","R","NM","M","?","R","B"],"character_chosen":"DEFECT","items_purchased":["Apotheosis","Compile Driver","Hologram","Letter Opener","Static Discharge","Storm","Bag of Preparation"],"campfire_rested":5,"item_purchase_floors":[7,7,7,21,21,31,31],"current_hp_per_floor":[70,70,70,70,52,36,36,36,36,36,36,73,73,73,73,63,75,55,55,34,34,34,71,61,61,61,61,61,61,67,67,67,71,75,75,75,71,60,60,60,20,56,56,56,71,7,34,34,70,0],"gold":572,"neow_bonus":"THREE_CARDS","is_prod":false,"is_daily":false,"chose_seed":false,"campfire_upgraded":7,"win_rate":0,"timestamp":1551337414,"path_taken":["M","?","?","?","?","E","$","R","T","R","?","R","?","M","R","BOSS","M","M","M","$","?","R","M","M","T","R","M","R","M","$","R","BOSS","M","M","?","M","?","R","?","R","T","?","R","NM","M","?","R","BOSS"],"build_version":"2019-01-23","purchased_purges":3,"victory":false,"max_hp_per_floor":[75,75,75,75,75,75,75,75,75,75,75,75,75,75,75,75,75,75,75,75,75,75,75,75,75,75,75,75,75,75,75,75,75,75,75,75,71,71,71,71,71,71,71,71,71,71,71,71,71,71],"card_choices":[{"not_picked":["Consume","Sunder"],"picked":"Heatsinks","floor":0},{"not_picked":["Blizzard","Skim"],"picked":"Turbo","floor":1},{"not_picked":["infinitespire:Punishment","infinitespire:TheBestDefense"],"picked":"infinitespire:UltimateForm","floor":5},{"not_picked":["Redo","Stack"],"picked":"Compile Driver","floor":6},{"not_picked":["Go for the Eyes","Blizzard"],"picked":"Defragment","floor":11},{"not_picked":["Tempest","Compile Driver"],"picked":"Leap","floor":14},{"not_picked":["Rainbow","Meteor Strike"],"picked":"Electrodynamics","floor":16},{"not_picked":["Ball Lightning+1","Sweeping Beam+1"],"picked":"Cold Snap","floor":18},{"not_picked":["Fusion+1","Lockon"],"picked":"Recycle","floor":19},{"not_picked":["Fusion","Beam Cell+1"],"picked":"Doom and Gloom","floor":20},{"not_picked":["Turbo","Skim"],"picked":"Conserve Battery+1","floor":24},{"not_picked":["Conserve Battery","Cold Snap"],"picked":"Stack+1","floor":25},{"not_picked":["Leap","Sweeping Beam"],"picked":"Self Repair","floor":28},{"not_picked":["Rebound+1","Sunder"],"picked":"Meteor Strike","floor":30},{"not_picked":["Biased Cognition","Electrodynamics"],"picked":"Buffer","floor":33},{"not_picked":["Gash+1","White Noise","Hologram"],"picked":"SKIP","floor":35},{"not_picked":["Rebound","Sunder+1"],"picked":"Conserve Battery","floor":36},{"not_picked":["Auto Shields","Steam Power"],"picked":"Loop","floor":38},{"not_picked":["Self Repair","White Noise"],"picked":"Conserve Battery","floor":41},{"not_picked":["Blind","Trip"],"picked":"Impatience","floor":44},{"not_picked":["Defragment+1","Rebound+1"],"picked":"Reinforced Body+1","floor":46},{"not_picked":["Redo+1","Leap+1"],"picked":"Self Repair+1","floor":47}],"player_experience":87242,"relics_obtained":[{"floor":6,"key":"Smiling Mask"},{"floor":9,"key":"Regal Pillow"},{"floor":13,"key":"infinitespire:Freezer"},{"floor":22,"key":"Tiny Chest"},{"floor":26,"key":"Lantern"},{"floor":46,"key":"StoneCalendar"}],"event_choices":[{"cards_removed":["Strike_B"],"damage_healed":0,"gold_gain":0,"player_choice":"Card Removal","damage_taken":0,"max_hp_gain":0,"max_hp_loss":0,"event_name":"The Cleric","floor":2,"gold_loss":50},{"damage_healed":0,"gold_gain":175,"player_choice":"AGREE","damage_taken":0,"max_hp_gain":0,"max_hp_loss":0,"event_name":"Liars Game","floor":3,"gold_loss":0,"cards_obtained":["Doubt"]},{"cards_removed":["Doubt"],"damage_healed":0,"gold_gain":0,"player_choice":"Forget","damage_taken":0,"max_hp_gain":0,"max_hp_loss":0,"event_name":"Living Wall","floor":4,"gold_loss":0},{"damage_healed":0,"gold_gain":0,"player_choice":"Max HP","damage_taken":0,"max_hp_gain":0,"max_hp_loss":4,"event_name":"Winding Halls","floor":37,"gold_loss":0},{"damage_healed":0,"gold_gain":0,"player_choice":"Rummage","damage_taken":0,"relics_obtained":["WarpedTongs"],"max_hp_gain":0,"max_hp_loss":0,"event_name":"Accursed Blacksmith","floor":39,"gold_loss":0,"cards_obtained":["Pain"]},{"damage_healed":0,"gold_gain":0,"player_choice":"Memory 1","damage_taken":0,"max_hp_gain":0,"max_hp_loss":0,"event_name":"SensoryStone","floor":44,"gold_loss":0},{"damage_healed":0,"gold_gain":0,"player_choice":"Ignored","damage_taken":0,"max_hp_gain":0,"max_hp_loss":0,"event_name":"The Moai Head","floor":48,"gold_loss":0}],"is_beta":false,"boss_relics":[{"not_picked":["Ectoplasm","Busted Crown"],"picked":"Runic Pyramid"},{"not_picked":["Tiny House","Snecko Eye"],"picked":"Runic Dome"}],"items_purged_floors":[7,21,31],"is_endless":true,"potions_floor_spawned":[1,14,19,24,25,35,38,46],"killed_by":"infinitespire:MassOfShapes","ascension_level":0}