{"gold_per_floor":[114,128,142,142,159,159,191,191,218,245,264,264,185,197,197,274,274,288,288],"floor_reached":19,"playtime":1589,"items_purged":[],"score":322,"play_id":"23b57ca2-d7d4-4b3a-8450-1cd9266f462b","local_time":"20190330154339","is_ascension_mode":true,"campfire_choices":[{"data":"Zap","floor":6,"key":"SMITH"},{"floor":12,"key":"REST"},{"data":"Defragment","floor":15,"key":"SMITH"}],"neow_cost":"NONE","seed_source_timestamp":43379022820829,"circlet_count":0,"master_deck":["AscendersBane","Strike_B","Strike_B","Strike_B","Strike_B","Defend_B","Defend_B","Defend_B","Defend_B","Zap+1","Glacier","Cold Snap","Machine Learning","Skim","Go for the Eyes","Glacier","Defragment+1","BootSequence","Machine Learning","Ball Lightning"],"relics":["Cracked Core","NeowsBlessing","Omamori","PreservedInsect","Juzu Bracelet","Nuclear Battery"],"potions_floor_usage":[7,10,16,19],"damage_taken":[{"damage":0,"enemies":"Jaw Worm","floor":1,"turns":1},{"damage":0,"enemies":"Cultist","floor":2,"turns":1},{"damage":0,"enemies":"Small Slimes","floor":3,"turns":1},{"damage":14,"enemies":"Exordium Wildlife","floor":5,"turns":5},{"damage":8,"enemies":"Lagavulin","floor":7,"turns":9},{"damage":20,"enemies":"Gremlin Nob","floor":10,"turns":4},{"damage":2,"enemies":"Blue Slaver","floor":11,"turns":4},{"damage":1,"enemies":"Red Slaver","floor":14,"turns":3},{"damage":31,"enemies":"Slime Boss","floor":16,"turns":18},{"damage":1,"enemies":"3 Byrds","floor":18,"turns":6},{"damage":7,"enemies":"Colosseum Slavers","floor":19,"turns":5},{"damage":64,"enemies":"Colosseum Nobs","floor":19,"turns":6}],"seed_played":"6675286993234046643","potions_obtained":[{"floor":2,"key":"SteroidPotion"},{"floor":3,"key":"Energy Potion"},{"floor":5,"key":"EssenceOfSteel"},{"floor":11,"key":"Weak Potion"},{"floor":18,"key":"Ancient Potion"}],"is_trial":false,"path_per_floor":["M","M","M","?","M","R","E","?","T","E","M","R","$","M","R","B",null,"M","?"],"character_chosen":"DEFECT","items_purchased":["Defragment"],"campfire_rested":1,"item_purchase_floors":[13],"current_hp_per_floor":[64,64,64,60,46,46,38,38,38,18,16,37,37,36,36,5,55,54,0],"gold":288,"neow_bonus":"THREE_ENEMY_KILL","is_prod":false,"is_daily":false,"chose_seed":false,"campfire_upgraded":2,"win_rate":0,"timestamp":1553928219,"path_taken":["M","M","M","?","?","R","E","?","T","E","M","R","?","M","R","BOSS","M","?"],"build_version":"2019-01-23","purchased_purges":0,"victory":false,"max_hp_per_floor":[71,71,71,71,71,71,71,71,71,71,71,71,71,71,71,71,71,71,71],"card_choices":[{"not_picked":["Hologram","Double Energy"],"picked":"Glacier","floor":1},{"not_picked":["Stack","Steam","Double Energy"],"picked":"SKIP","floor":2},{"not_picked":["Redo","Turbo"],"picked":"Cold Snap","floor":3},{"not_picked":["Recycle","Lockon"],"picked":"Machine Learning","floor":5},{"not_picked":["Compile Driver","Turbo"],"picked":"Skim","floor":7},{"not_picked":["Streamline","Machine Learning"],"picked":"Go for the Eyes","floor":10},{"not_picked":["Go for the Eyes","Gash"],"picked":"Glacier","floor":11},{"not_picked":["Sweeping Beam","Gash"],"picked":"BootSequence","floor":14},{"not_picked":["Reboot","Hyperbeam"],"picked":"Machine Learning","floor":16},{"not_picked":["Hello World","Beam Cell"],"picked":"Ball Lightning","floor":18}],"player_experience":421792,"relics_obtained":[{"floor":7,"key":"Omamori"},{"floor":9,"key":"PreservedInsect"},{"floor":10,"key":"Juzu Bracelet"}],"event_choices":[{"damage_healed":0,"gold_gain":0,"player_choice":"Bought 0 Potions","damage_taken":0,"max_hp_gain":0,"max_hp_loss":0,"event_name":"The Woman in Blue","floor":4,"gold_loss":0},{"cards_removed":["Dualcast"],"damage_healed":0,"gold_gain":0,"player_choice":"Forget","damage_taken":0,"max_hp_gain":0,"max_hp_loss":0,"event_name":"Living Wall","floor":8,"gold_loss":0},{"damage_healed":0,"gold_gain":0,"player_choice":"Fight","damage_taken":0,"max_hp_gain":0,"max_hp_loss":0,"event_name":"Colosseum","floor":19,"gold_loss":0},{"damage_healed":0,"gold_gain":0,"player_choice":"Fought Nobs","damage_taken":0,"max_hp_gain":0,"max_hp_loss":0,"event_name":"Colosseum","floor":19,"gold_loss":0}],"is_beta":false,"boss_relics":[{"not_picked":["FrozenCore","Empty Cage"],"picked":"Nuclear Battery"}],"items_purged_floors":[],"is_endless":false,"potions_floor_spawned":[2,3,5,11,18],"killed_by":"Colosseum Nobs","ascension_level":16}