{"gold_per_floor":[119,119,2,2,2,31,41,51,51,106,106,140,158,171,171,248,248,260,360,371,170,170,170,170,170,195,195,110,121,121,121,121,195,195,209,209,225,225,243,274,274,274,274,274],"floor_reached":44,"playtime":1784,"items_purged":["Regret"],"score":983,"play_id":"76a1d2c9-bd9f-4425-863b-15e81c3b473e","local_time":"20190406164648","is_ascension_mode":true,"campfire_choices":[{"floor":11.0,"key":"REST"},{"data":"Zap","floor":15.0,"key":"SMITH"},{"data":"Defragment","floor":23.0,"key":"SMITH"},{"data":"Consume","floor":27.0,"key":"SMITH"},{"data":"Sunder","floor":30.0,"key":"SMITH"},{"data":"Reinforced Body","floor":32.0,"key":"SMITH"},{"data":"Force Field","floor":41,"key":"SMITH"}],"neow_cost":"TEN_PERCENT_HP_LOSS","seed_source_timestamp":0,"circlet_count":0,"master_deck":["AscendersBane","Defend_B","Defend_B","Defend_B","Defend_B","Zap+1","Dualcast","Ball Lightning+1","Consume+1","Conserve Battery","Go for the Eyes","Electrodynamics","Leap","Chill","Electrodynamics","Defragment+1","Reinforced Body+1","Bite","Bite","Bite","Bite","Bite","Sunder+1","Capacitor","Biased Cognition","Meteor Strike","Force Field+1","Undo"],"special_seed":0,"relics":["Cracked Core","Emotion Chip","Cables","Torii","PreservedInsect","Tiny Chest","Sundial","Snecko Eye","Prayer Wheel","Bottled Lightning","Anchor","Bag of Preparation","Inserter","Bag of Marbles","Bottled Flame"],"potions_floor_usage":[39,42,44],"damage_taken":[{"damage":1.0,"enemies":"Cultist","floor":1.0,"turns":4.0},{"damage":20.0,"enemies":"3 Sentries","floor":6.0,"turns":5.0},{"damage":0.0,"enemies":"Small Slimes","floor":7.0,"turns":2.0},{"damage":1.0,"enemies":"2 Louse","floor":8.0,"turns":2.0},{"damage":9.0,"enemies":"Lagavulin","floor":10.0,"turns":5.0},{"damage":0.0,"enemies":"Gremlin Nob","floor":12.0,"turns":2.0},{"damage":0.0,"enemies":"2 Fungi Beasts","floor":13.0,"turns":2.0},{"damage":9.0,"enemies":"3 Louse","floor":14.0,"turns":2.0},{"damage":22.0,"enemies":"The Guardian","floor":16.0,"turns":11.0},{"damage":9.0,"enemies":"2 Thieves","floor":18.0,"turns":2.0},{"damage":15.0,"enemies":"Colosseum Slavers","floor":19.0,"turns":3.0},{"damage":0.0,"enemies":"Colosseum Nobs","floor":19.0,"turns":2.0},{"damage":1.0,"enemies":"Chosen","floor":20.0,"turns":3.0},{"damage":0.0,"enemies":"3 Cultists","floor":29.0,"turns":2.0},{"damage":29.0,"enemies":"Champ","floor":33.0,"turns":8.0},{"damage":1.0,"enemies":"3 Shapes","floor":35.0,"turns":2.0},{"damage":1,"enemies":"Orb Walker","floor":37,"turns":2},{"damage":20,"enemies":"Maw","floor":39,"turns":6},{"damage":14,"enemies":"Nemesis","floor":40,"turns":7},{"damage":0,"enemies":"Jaw Worm Horde","floor":42,"turns":1},{"damage":31,"enemies":"Reptomancer","floor":44,"turns":2}],"seed_played":"1074964805489501412","potions_obtained":[{"floor":6.0,"key":"GamblersBrew"},{"floor":7.0,"key":"SteroidPotion"},{"floor":10.0,"key":"SteroidPotion"},{"floor":13.0,"key":"FocusPotion"},{"floor":14.0,"key":"GamblersBrew"},{"floor":18.0,"key":"FearPotion"},{"floor":20.0,"key":"PowerPotion"},{"floor":38,"key":"Explosive Potion"},{"floor":38,"key":"PowerPotion"},{"floor":40,"key":"SmokeBomb"}],"is_trial":false,"path_per_floor":["M","?","$","?","?","E","M","M","T","E","R","E","M","M","R","B",null,"M","?","M","$","?","R","?","?","T","R","$","M","R","$","R","B",null,"M","?","M","?","M","E","R","M","T","E"],"character_chosen":"DEFECT","items_purchased":["Consume","Anchor","Reinforced Body","Sunder"],"campfire_rested":1,"item_purchase_floors":[3,21,21,28],"current_hp_per_floor":[63,63,63,44,44,24,24,23,23,14,33,33,33,24,24,2,49,40,25,24,24,24,24,24,24,24,24,24,26,26,26,26,1,33,32,32,33,33,27,23,23,27,27,0],"gold":274,"neow_bonus":"ONE_RARE_RELIC","is_prod":false,"is_daily":false,"chose_seed":false,"campfire_upgraded":6,"win_rate":0,"timestamp":1554594408,"path_taken":["M","?","$","?","?","E","M","M","T","E","R","E","M","M","R","BOSS","M","?","M","$","?","R","?","?","T","R","$","M","R","$","R","BOSS","M","?","M","?","M","E","R","?","T","E"],"build_version":"2019-01-23","purchased_purges":1,"victory":false,"max_hp_per_floor":[64,64,64,64,64,64,64,64,64,64,64,64,64,64,64,64,64,64,64,64,64,64,64,64,44,44,44,44,44,44,44,44,44,44,44,44,44,44,44,44,44,44,44,44],"card_choices":[{"not_picked":["Coolheaded","Doom and Gloom"],"picked":"Ball Lightning","floor":1.0},{"not_picked":["Recycle","Go for the Eyes"],"picked":"Conserve Battery","floor":6.0},{"not_picked":["Consume","Lockon"],"picked":"Go for the Eyes","floor":7.0},{"not_picked":["Tempest","Gash","Force Field"],"picked":"SKIP","floor":8.0},{"not_picked":["Rebound","Coolheaded"],"picked":"Electrodynamics","floor":10.0},{"not_picked":["Reprogram","Barrage"],"picked":"Leap","floor":12.0},{"not_picked":["Static Discharge","Beam Cell","Rebound"],"picked":"SKIP","floor":13.0},{"not_picked":["Turbo","Recycle"],"picked":"Chill","floor":14.0},{"not_picked":["All For One","Meteor Strike"],"picked":"Electrodynamics","floor":16.0},{"not_picked":["Turbo","Melter","BootSequence+1"],"picked":"SKIP","floor":18.0},{"not_picked":["Ball Lightning","Sweeping Beam"],"picked":"Defragment","floor":20.0},{"not_picked":["Chill+1","Cold Snap","Stack"],"picked":"SKIP","floor":20.0},{"not_picked":["Chaos","Barrage+1"],"picked":"Capacitor","floor":29.0},{"not_picked":["Chaos","Go for the Eyes"],"picked":"Biased Cognition","floor":29.0},{"not_picked":["All For One","Amplify"],"picked":"Meteor Strike","floor":33.0},{"not_picked":["Leap+1","Redo","Compile Driver"],"picked":"SKIP","floor":35.0},{"not_picked":["Steam Power+1","Core Surge","Auto Shields"],"picked":"SKIP","floor":35.0},{"not_picked":["Turbo","Gash","Compile Driver"],"picked":"SKIP","floor":37},{"not_picked":["Aggregate","Ball Lightning","Lockon"],"picked":"SKIP","floor":37},{"not_picked":["Rip and Tear","Self Repair"],"picked":"Force Field","floor":39},{"not_picked":["Beam Cell+1","Steam","Go for the Eyes"],"picked":"SKIP","floor":39},{"not_picked":["Blizzard","Fusion"],"picked":"Undo","floor":40}],"player_experience":500506,"relics_obtained":[{"floor":6.0,"key":"Torii"},{"floor":9.0,"key":"PreservedInsect"},{"floor":10.0,"key":"Tiny Chest"},{"floor":12.0,"key":"Sundial"},{"floor":19.0,"key":"Prayer Wheel"},{"floor":19.0,"key":"Bottled Lightning"},{"floor":26.0,"key":"Bag of Preparation"},{"floor":40,"key":"Bag of Marbles"},{"floor":43,"key":"Bottled Flame"}],"event_choices":[{"damage_healed":0.0,"max_hp_gain":0.0,"max_hp_loss":0.0,"gold_gain":0.0,"event_name":"Big Fish","player_choice":"Box","floor":2.0,"gold_loss":0.0,"damage_taken":0.0,"relics_obtained":["Cables"],"cards_obtained":["Regret"]},{"damage_healed":0.0,"max_hp_gain":0.0,"max_hp_loss":0.0,"gold_gain":0.0,"event_name":"Shining Light","player_choice":"Entered Light","floor":4.0,"gold_loss":0.0,"damage_taken":19.0,"cards_upgraded":["Strike_B","Ball Lightning"]},{"damage_healed":0.0,"max_hp_gain":0.0,"max_hp_loss":0.0,"gold_gain":0.0,"event_name":"Liars Game","player_choice":"Ignored","floor":5.0,"gold_loss":0.0,"damage_taken":0.0},{"damage_healed":0.0,"max_hp_gain":0.0,"max_hp_loss":0.0,"gold_gain":0.0,"event_name":"Colosseum","player_choice":"Fight","floor":19.0,"gold_loss":0.0,"damage_taken":0.0},{"damage_healed":0.0,"max_hp_gain":0.0,"max_hp_loss":0.0,"gold_gain":0.0,"event_name":"Colosseum","player_choice":"Fought Nobs","floor":19.0,"gold_loss":0.0,"damage_taken":0.0},{"damage_healed":0.0,"max_hp_gain":0.0,"max_hp_loss":0.0,"gold_gain":0.0,"event_name":"Ghosts","player_choice":"Ignored","floor":22.0,"gold_loss":0.0,"damage_taken":0.0},{"damage_healed":0.0,"max_hp_gain":0.0,"max_hp_loss":0.0,"gold_gain":0.0,"event_name":"The Mausoleum","player_choice":"Ignored","floor":24.0,"gold_loss":0.0,"damage_taken":0.0},{"damage_healed":0.0,"max_hp_gain":0.0,"max_hp_loss":20.0,"gold_gain":0.0,"event_name":"Vampires","player_choice":"Became a vampire","floor":25.0,"gold_loss":0.0,"damage_taken":0.0,"cards_obtained":["Bite","Bite","Bite","Bite","Bite"]},{"damage_healed":0,"gold_gain":0,"player_choice":"Ignored","damage_taken":0,"max_hp_gain":0,"max_hp_loss":0,"event_name":"Mysterious Sphere","floor":36,"gold_loss":0},{"damage_healed":0,"gold_gain":0,"player_choice":"Got Potions","damage_taken":0,"max_hp_gain":0,"max_hp_loss":0,"event_name":"Lab","floor":38,"gold_loss":0}],"is_beta":false,"boss_relics":[{"not_picked":["Lizard Tail","Philosopher\u0027s Stone"],"picked":"Snecko Eye"},{"not_picked":["Runic Dome","Pandora\u0027s Box"],"picked":"Inserter"}],"items_purged_floors":[3],"is_endless":false,"potions_floor_spawned":[6,7,10,13,14,18,20,40],"killed_by":"Reptomancer","ascension_level":20}