{"gold_per_floor":[119,38,53,63,63,93,93,93,116,131,131,142,142,142],"floor_reached":14,"playtime":525,"items_purged":[],"score":171,"play_id":"3798d39b-4d77-4603-bba0-bdf44c454f4c","local_time":"20190404155607","is_ascension_mode":true,"campfire_choices":[{"data":"Defragment","floor":7,"key":"SMITH"},{"data":"Capacitor","floor":13,"key":"SMITH"}],"neow_cost":"NONE","seed_source_timestamp":120766521373506,"circlet_count":0,"master_deck":["AscendersBane","Strike_B","Strike_B","Strike_B","Defend_B","Defend_B","Defend_B","Defend_B","Zap+1","Dualcast","Glacier","Defragment+1","Coolheaded","Coolheaded","Capacitor+1","All For One","BootSequence"],"relics":["Coffee Dripper","Juzu Bracelet","Ancient Tea Set"],"potions_floor_usage":[10,14],"damage_taken":[{"damage":12,"enemies":"2 Louse","floor":1,"turns":2},{"damage":12,"enemies":"Jaw Worm","floor":3,"turns":4},{"damage":0,"enemies":"Cultist","floor":4,"turns":5},{"damage":10,"enemies":"Lagavulin","floor":6,"turns":14},{"damage":8,"enemies":"Blue Slaver","floor":10,"turns":3},{"damage":7,"enemies":"3 Louse","floor":12,"turns":4},{"damage":70,"enemies":"Gremlin Nob","floor":14,"turns":6}],"seed_played":"-4163460049172692032","potions_obtained":[{"floor":4,"key":"SteroidPotion"},{"floor":6,"key":"AttackPotion"},{"floor":10,"key":"EssenceOfSteel"}],"is_trial":false,"path_per_floor":["M","$","M","M","?","E","R","?","T","M","?","M","R","E"],"character_chosen":"DEFECT","items_purchased":["Defragment"],"campfire_rested":0,"item_purchase_floors":[2],"current_hp_per_floor":[52,52,40,40,40,30,30,30,30,22,45,38,38,0],"gold":142,"neow_bonus":"BOSS_RELIC","is_prod":false,"is_daily":false,"chose_seed":false,"campfire_upgraded":2,"win_rate":0,"timestamp":1554360967,"path_taken":["M","$","M","M","?","E","R","?","T","M","?","M","R","E"],"build_version":"2019-01-23","purchased_purges":0,"victory":false,"max_hp_per_floor":[71,71,71,71,71,71,71,71,71,71,71,71,71,71],"card_choices":[{"not_picked":["Conserve Battery","Compile Driver"],"picked":"Glacier","floor":1},{"not_picked":["Hologram","Rebound"],"picked":"Coolheaded","floor":3},{"not_picked":["Steam","Barrage"],"picked":"Coolheaded","floor":4},{"not_picked":["Sweeping Beam","Redo"],"picked":"Capacitor","floor":6},{"not_picked":["Redo","Double Energy"],"picked":"All For One","floor":10},{"not_picked":["Leap","Recycle"],"picked":"BootSequence","floor":12}],"player_experience":470830,"relics_obtained":[{"floor":6,"key":"Juzu Bracelet"},{"floor":9,"key":"Ancient Tea Set"}],"event_choices":[{"cards_removed":["Strike_B"],"damage_healed":0,"gold_gain":0,"player_choice":"Forget","damage_taken":0,"max_hp_gain":0,"max_hp_loss":0,"event_name":"Living Wall","floor":5,"gold_loss":0},{"damage_healed":0,"gold_gain":0,"player_choice":"Upgraded","damage_taken":0,"max_hp_gain":0,"max_hp_loss":0,"event_name":"Upgrade Shrine","floor":8,"gold_loss":0,"cards_upgraded":["Zap"]},{"damage_healed":23,"gold_gain":0,"player_choice":"Banana","damage_taken":0,"max_hp_gain":0,"max_hp_loss":0,"event_name":"Big Fish","floor":11,"gold_loss":0}],"is_beta":false,"boss_relics":[],"items_purged_floors":[],"is_endless":false,"potions_floor_spawned":[4,6,10],"killed_by":"Gremlin Nob","ascension_level":18}