{"gold_per_floor":[115,45,45,58,133,166,176,176,176,195,209,209,228,240,240,343,343,359,284,284,359,3,3,19,38,84,115,115,315,346,357,357,457,457,470,485,485,501,512,539,641,741,780,808,838,850,879,891,903,1020,1200,1329,1441,1058,1075,1093,1093,1282,1282,1282,1282,1282,1321,1337,819,819,939,939,962,1081,1094,1004,799,830,830,854,905,905,939,562,585,585,585,708,708,729,754,777,897,897,897,897],"floor_reached":92,"playtime":3930,"items_purged":["Strike_B","Strike_B","Defend_B","Defend_B","Defend_B"],"score":1734,"play_id":"ea89ec8a-85a3-4918-997c-08e356947465","local_time":"20190228141303","is_ascension_mode":false,"campfire_choices":[{"floor":12,"key":"REST"},{"data":"Defragment","floor":15,"key":"SMITH"},{"data":"Loop","floor":23,"key":"SMITH"},{"data":"Coolheaded","floor":32,"key":"SMITH"},{"floor":41,"key":"REST"},{"floor":49,"key":"REST"},{"data":"Panache","floor":57,"key":"SMITH"},{"data":"Machine Learning","floor":59,"key":"SMITH"},{"data":"Creative AI","floor":62,"key":"SMITH"},{"data":"infinitespire:Collect","floor":66,"key":"SMITH"},{"data":"Steam Power","floor":75,"key":"SMITH"},{"data":"Buffer","floor":78,"key":"SMITH"},{"data":"Skim","floor":83,"key":"SMITH"},{"data":"Loop","floor":91,"key":"SMITH"}],"neow_cost":"NONE","seed_source_timestamp":7355217507000,"circlet_count":0,"master_deck":["Dualcast","Storm+1","Loop+1","Defragment+1","Self Repair","Chill","Coolheaded+1","Self Repair","Steam+1","Compile Driver+1","Electrodynamics","Biased Cognition","Force Field+1","Heatsinks+1","Darkness+1","Conserve Battery","Redo","Machine Learning+1","Compile Driver+1","Panache+1","Force Field+1","Doom and Gloom","Conserve Battery+1","Hologram+1","Turbo+1","Steam Power+1","Creative AI+1","BootSequence+1","Biased Cognition","Violence+1","Reprogram+1","Undo+1","Steam","Loop+1","Cold Snap+1","Electrodynamics","infinitespire:Collect+1","Buffer+1","Sunder+1","Turbo+1","Skim+1","Hologram+1","infinitespire:Punishment+1","All For One+1","Doom and Gloom+1","Sweeping Beam+1","Barrage+1","Mayhem","Apotheosis"],"relics":["Cracked Core","Pen Nib","Dream Catcher","DataDisk","Philosopher\u0027s Stone","Regal Pillow","Mummified Hand","Nunchaku","Girya","Symbiotic Virus","Lizard Tail","Omamori","MawBank","Smiling Mask","Astrolabe","Art of War","infinitespire:Satchel","Prayer Wheel","Golden Idol","Molten Egg 2","Pocketwatch","Black Star","PreservedInsect","infinitespire:Freezer","Orichalcum","Vajra","Meat on the Bone","Whetstone","Tiny Chest","TheAbacus","Cursed Key","Centennial Puzzle"],"potions_floor_usage":[10,11,11,16,16,30,33,38,38,44,47,50,67,71,79,81,84,92,92],"damage_taken":[{"damage":17,"enemies":"Small Slimes","floor":1,"turns":4},{"damage":1,"enemies":"Cultist","floor":4,"turns":4},{"damage":49,"enemies":"Gremlin Nob","floor":6,"turns":5},{"damage":1,"enemies":"Jaw Worm","floor":7,"turns":3},{"damage":3,"enemies":"Red Slaver","floor":10,"turns":3},{"damage":4,"enemies":"Exordium Thugs","floor":11,"turns":4},{"damage":0,"enemies":"2 Fungi Beasts","floor":13,"turns":4},{"damage":6,"enemies":"Gremlin Gang","floor":14,"turns":3},{"damage":15,"enemies":"Hexaghost","floor":16,"turns":6},{"damage":6,"enemies":"Spheric Guardian","floor":18,"turns":3},{"damage":0,"enemies":"3 Byrds","floor":20,"turns":3},{"damage":12,"enemies":"Cultist and Chosen","floor":24,"turns":3},{"damage":0,"enemies":"Centurion and Healer","floor":25,"turns":2},{"damage":0,"enemies":"Gremlin Leader","floor":27,"turns":4},{"damage":9,"enemies":"Book of Stabbing","floor":30,"turns":3},{"damage":0,"enemies":"Snecko","floor":31,"turns":3},{"damage":30,"enemies":"Automaton","floor":33,"turns":9},{"damage":1,"enemies":"Orb Walker","floor":35,"turns":2},{"damage":0,"enemies":"3 Shapes","floor":36,"turns":1},{"damage":0,"enemies":"Maw","floor":38,"turns":4},{"damage":0,"enemies":"Sphere and 2 Shapes","floor":39,"turns":4},{"damage":22,"enemies":"Reptomancer","floor":40,"turns":4},{"damage":41,"enemies":"Nightmare","floor":42,"turns":7},{"damage":35,"enemies":"Writhing Mass","floor":44,"turns":5},{"damage":0,"enemies":"Maw","floor":45,"turns":5},{"damage":5,"enemies":"4 Shapes","floor":47,"turns":4},{"damage":37,"enemies":"infinitespire:MassOfShapes","floor":50,"turns":6},{"damage":0,"enemies":"Small Slimes","floor":52,"turns":2},{"damage":0,"enemies":"Jaw Worm","floor":55,"turns":2},{"damage":0,"enemies":"2 Louse","floor":56,"turns":2},{"damage":0,"enemies":"Exordium Wildlife","floor":58,"turns":3},{"damage":17,"enemies":"3 Sentries","floor":63,"turns":4},{"damage":4,"enemies":"3 Louse","floor":64,"turns":2},{"damage":0,"enemies":"The Guardian","floor":67,"turns":3},{"damage":23,"enemies":"2 Thieves","floor":69,"turns":2},{"damage":0,"enemies":"Chosen","floor":70,"turns":3},{"damage":17,"enemies":"3 Cultists","floor":71,"turns":4},{"damage":0,"enemies":"Gremlin Leader","floor":74,"turns":3},{"damage":23,"enemies":"Shelled Parasite and Fungi","floor":76,"turns":3},{"damage":0,"enemies":"Book of Stabbing","floor":79,"turns":3},{"damage":0,"enemies":"Snecko","floor":81,"turns":3},{"damage":2,"enemies":"Champ","floor":84,"turns":5},{"damage":0,"enemies":"3 Shapes","floor":86,"turns":3},{"damage":0,"enemies":"Orb Walker","floor":88,"turns":2},{"damage":0,"enemies":"Maw","floor":89,"turns":4},{"damage":149,"enemies":"Nightmare_Alpha","floor":92,"turns":4}],"seed_played":"8926490155676120118","potions_obtained":[{"floor":6,"key":"Energy Potion"},{"floor":7,"key":"Poison Potion"},{"floor":10,"key":"Weak Potion"},{"floor":11,"key":"AttackPotion"},{"floor":13,"key":"FocusPotion"},{"floor":24,"key":"SpeedPotion"},{"floor":31,"key":"Regen Potion"},{"floor":33,"key":"SkillPotion"},{"floor":35,"key":"Block Potion"},{"floor":42,"key":"Weak Potion"},{"floor":44,"key":"Block Potion"},{"floor":45,"key":"Explosive Potion"},{"floor":50,"key":"Strength Potion"},{"floor":52,"key":"Weak Potion"},{"floor":58,"key":"AttackPotion"},{"floor":67,"key":"Block Potion"},{"floor":70,"key":"Explosive Potion"},{"floor":71,"key":"SpeedPotion"},{"floor":76,"key":"Energy Potion"},{"floor":84,"key":"GamblersBrew"},{"floor":88,"key":"SteroidPotion"},{"floor":89,"key":"Energy Potion"}],"is_trial":false,"path_per_floor":["M","$","?","M","?","E","M","?","T","M","M","R","M","M","R","B",null,"M","$","M","?","$","R","M","M","T","E","$","?","E","M","R","B",null,"M","M","?","M","M","E","R","NM","T","M","M","?","M","$","R","B",null,"M","?","$","M","M","R","M","R","T","?","R","E","M","?","R","B",null,"M","M","M","?","$","E","R","M","T","R","E","$","M","?","R","B",null,"M","T","M","M","?","R","NM"],"character_chosen":"DEFECT","items_purchased":["Loop","Mummified Hand","Art of War","Loop","infinitespire:Satchel","PreservedInsect","Tiny Chest","TheAbacus"],"campfire_rested":3,"item_purchase_floors":[2,22,54,54,54,73,80,80],"current_hp_per_floor":[65,65,65,64,53,4,10,10,10,14,17,41,41,49,49,48,82,82,82,82,74,74,74,76,82,82,82,82,82,80,82,82,75,82,82,82,72,79,82,67,82,55,55,27,41,41,36,36,75,52,82,82,82,82,82,82,82,82,82,82,62,62,59,55,55,55,69,82,59,66,49,49,49,49,49,36,36,36,50,50,57,57,57,69,82,82,82,82,82,72,72,0],"gold":897,"neow_bonus":"TEN_PERCENT_HP_BONUS","is_prod":false,"is_daily":false,"chose_seed":false,"campfire_upgraded":11,"win_rate":0,"timestamp":1551391983,"path_taken":["M","$","?","?","?","E","M","?","T","M","M","R","M","M","R","BOSS","M","$","M","?","$","R","M","M","T","E","?","?","E","?","R","BOSS","M","M","?","M","M","E","R","NM","T","M","M","?","M","$","R","BOSS","M","?","$","M","M","R","?","R","T","?","R","E","M","?","R","BOSS","M","?","M","?","$","E","R","M","T","R","E","$","?","?","R","BOSS","M","?","M","M","?","R","NM"],"build_version":"2019-01-23","purchased_purges":5,"victory":false,"max_hp_per_floor":[82,82,82,82,82,82,82,82,82,82,82,82,82,82,82,82,82,82,82,82,82,82,82,82,82,82,82,82,82,82,82,82,82,82,82,82,82,82,82,82,82,82,82,82,82,82,82,82,82,82,82,82,82,82,82,82,82,82,82,82,82,82,82,82,82,82,82,82,82,82,82,82,82,82,82,82,82,82,82,82,82,82,82,82,82,82,82,82,82,82,82,82],"card_choices":[{"not_picked":["Coolheaded","Self Repair"],"picked":"Storm","floor":1},{"not_picked":["Static Discharge","Cold Snap"],"picked":"Defragment","floor":4},{"not_picked":["Meteor Strike","Buffer"],"picked":"Self Repair","floor":6},{"not_picked":["Redo","Aggregate"],"picked":"Chill","floor":7},{"not_picked":["Turbo","Static Discharge"],"picked":"Coolheaded","floor":10},{"not_picked":["FTL","Sweeping Beam"],"picked":"Self Repair","floor":11},{"not_picked":["Gash","Undo"],"picked":"Steam","floor":12},{"not_picked":["Rebound","Coolheaded"],"picked":"Compile Driver","floor":13},{"not_picked":["Capacitor","Self Repair"],"picked":"Electrodynamics","floor":14},{"not_picked":["Hyperbeam","Multi-Cast"],"picked":"Biased Cognition","floor":16},{"not_picked":["Chill+1","Defragment"],"picked":"Force Field+1","floor":18},{"not_picked":["Ball Lightning","Barrage","Stack+1"],"picked":"SKIP","floor":20},{"not_picked":["Barrage","Self Repair"],"picked":"Heatsinks+1","floor":24},{"not_picked":["Tempest","Auto Shields"],"picked":"Darkness+1","floor":25},{"not_picked":["Cold Snap","Gash"],"picked":"Go for the Eyes+1","floor":27},{"not_picked":["Hello World+1","Barrage"],"picked":"Conserve Battery","floor":30},{"not_picked":["Tempest","Hyperbeam"],"picked":"Redo","floor":31},{"not_picked":["Multi-Cast","Core Surge"],"picked":"Machine Learning","floor":33},{"not_picked":["Reinforced Body","Steam Power+1"],"picked":"Compile Driver+1","floor":35},{"not_picked":["Streamline","Consume+1","Gash+1"],"picked":"SKIP","floor":36},{"not_picked":["Dark Shackles","Secret Technique"],"picked":"Panache","floor":37},{"not_picked":["Deep Breath","Swift Strike"],"picked":"Finesse","floor":37},{"not_picked":["Conserve Battery","Hello World"],"picked":"Force Field+1","floor":38},{"not_picked":["Tempest+1","Steam"],"picked":"Doom and Gloom","floor":39},{"not_picked":["Beam Cell","Steam+1"],"picked":"Conserve Battery+1","floor":40},{"not_picked":["Cold Snap","Redo"],"picked":"Hologram+1","floor":41},{"not_picked":["Leap","Conserve Battery"],"picked":"Turbo+1","floor":42},{"not_picked":["Beam Cell","Go for the Eyes"],"picked":"Steam Power","floor":44},{"not_picked":["Streamline","Go for the Eyes"],"picked":"Creative AI","floor":45},{"not_picked":["Leap","Defragment"],"picked":"BootSequence+1","floor":47},{"not_picked":["Core Surge","Meteor Strike"],"picked":"Biased Cognition","floor":50},{"not_picked":["Heatsinks","Rebound"],"picked":"Steam","floor":52},{"not_picked":["Go for the Eyes","Redo","Rebound"],"picked":"SKIP","floor":55},{"not_picked":["Barrage","Hologram","Conserve Battery"],"picked":"SKIP","floor":56},{"not_picked":["Capacitor","Coolheaded"],"picked":"Cold Snap","floor":58},{"not_picked":["Reinforced Body","Conserve Battery"],"picked":"Electrodynamics","floor":63},{"not_picked":["Redo","Capacitor","Cold Snap+1"],"picked":"SKIP","floor":64},{"not_picked":["Double Energy","Lockon+1","Ball Lightning+1"],"picked":"SKIP","floor":64},{"not_picked":["infinitespire:FinalStrike","infinitespire:Execution"],"picked":"infinitespire:Collect","floor":65},{"not_picked":["Multi-Cast","Seek"],"picked":"Buffer","floor":67},{"not_picked":["Barrage+1","Heatsinks"],"picked":"Sunder+1","floor":69},{"not_picked":["Beam Cell+1","Consume+1","Cold Snap+1"],"picked":"SKIP","floor":69},{"not_picked":["Rainbow","Steam"],"picked":"Turbo+1","floor":70},{"not_picked":["Barrage+1","Redo","Doom and Gloom+1"],"picked":"SKIP","floor":70},{"not_picked":["Reinforced Body","Aggregate+1","Rebound+1"],"picked":"SKIP","floor":71},{"not_picked":["Leap","Stack+1","Turbo"],"picked":"SKIP","floor":71},{"not_picked":["Go for the Eyes+1","Blizzard+1","Rip and Tear+1"],"picked":"SKIP","floor":74},{"not_picked":["Sunder+1","Conserve Battery","Doom and Gloom+1"],"picked":"SKIP","floor":76},{"not_picked":["Coolheaded","Cold Snap+1","Core Surge+1"],"picked":"SKIP","floor":76},{"not_picked":["Beam Cell+1","Turbo"],"picked":"Skim","floor":79},{"not_picked":["Compile Driver+1","Turbo"],"picked":"Hologram+1","floor":81},{"not_picked":["Consume","Chill","Turbo+1"],"picked":"SKIP","floor":81},{"not_picked":["infinitespire:Execution","infinitespire:FinalStrike"],"picked":"infinitespire:Punishment","floor":84},{"not_picked":["Electrodynamics","Core Surge+1"],"picked":"All For One+1","floor":84},{"not_picked":["Hologram","Coolheaded+1","Rebound+1"],"picked":"SKIP","floor":86},{"not_picked":["FTL+1","Skim","Cold Snap+1"],"picked":"SKIP","floor":86},{"not_picked":["Blizzard+1","FTL+1"],"picked":"Doom and Gloom+1","floor":88},{"not_picked":["Compile Driver+1","Go for the Eyes+1","Sunder+1"],"picked":"SKIP","floor":88},{"not_picked":["Conserve Battery+1","Reprogram"],"picked":"Sweeping Beam+1","floor":89},{"not_picked":["Chaos","Barrage+1","Stack+1"],"picked":"SKIP","floor":89},{"not_picked":["Chaos","Barrage+1","Stack+1"],"picked":"SKIP","floor":89},{"not_picked":["Chaos","Stack+1"],"picked":"Barrage+1","floor":89},{"not_picked":["Flash of Steel+1","Mind Blast+1"],"picked":"Mayhem","floor":90},{"not_picked":["Violence","Chrysalis"],"picked":"Apotheosis","floor":90}],"player_experience":95984,"relics_obtained":[{"floor":6,"key":"Dream Catcher"},{"floor":9,"key":"DataDisk"},{"floor":27,"key":"Nunchaku"},{"floor":30,"key":"Girya"},{"floor":40,"key":"Omamori"},{"floor":42,"key":"MawBank"},{"floor":43,"key":"Smiling Mask"},{"floor":60,"key":"Prayer Wheel"},{"floor":63,"key":"Molten Egg 2"},{"floor":74,"key":"infinitespire:Freezer"},{"floor":74,"key":"Orichalcum"},{"floor":77,"key":"Vajra"},{"floor":79,"key":"Meat on the Bone"},{"floor":79,"key":"Whetstone"},{"floor":87,"key":"Centennial Puzzle"}],"event_choices":[{"damage_healed":0,"gold_gain":0,"player_choice":"Forge","damage_taken":0,"max_hp_gain":0,"max_hp_loss":0,"event_name":"Accursed Blacksmith","floor":3,"gold_loss":0,"cards_upgraded":["Storm"]},{"damage_healed":0,"gold_gain":75,"player_choice":"Gather Gold","damage_taken":11,"max_hp_gain":0,"max_hp_loss":0,"event_name":"World of Goop","floor":5,"gold_loss":0},{"cards_removed":["Strike_B"],"damage_healed":0,"gold_gain":0,"player_choice":"Purged","damage_taken":0,"max_hp_gain":0,"max_hp_loss":0,"event_name":"Purifier","floor":8,"gold_loss":0},{"damage_healed":0,"gold_gain":75,"player_choice":"Touch","damage_taken":8,"max_hp_gain":0,"max_hp_loss":0,"event_name":"FaceTrader","floor":21,"gold_loss":0},{"damage_healed":0,"gold_gain":250,"player_choice":"Bet on Owner","damage_taken":0,"max_hp_gain":0,"max_hp_loss":0,"event_name":"The Joust","floor":29,"gold_loss":50},{"damage_healed":0,"gold_gain":0,"player_choice":"Memory 3","damage_taken":10,"max_hp_gain":0,"max_hp_loss":0,"event_name":"SensoryStone","floor":37,"gold_loss":0},{"damage_healed":0,"gold_gain":0,"player_choice":"Ignored","damage_taken":0,"max_hp_gain":0,"max_hp_loss":0,"event_name":"The Moai Head","floor":46,"gold_loss":0},{"damage_healed":0,"gold_gain":100,"player_choice":"Gold","damage_taken":0,"max_hp_gain":0,"max_hp_loss":0,"event_name":"Wheel of Change","floor":53,"gold_loss":0},{"damage_healed":0,"gold_gain":0,"player_choice":"Take Damage","damage_taken":20,"relics_obtained":["Golden Idol"],"max_hp_gain":0,"max_hp_loss":0,"event_name":"Golden Idol","floor":61,"gold_loss":0},{"cards_removed":["Defend_B"],"damage_healed":0,"gold_gain":0,"player_choice":"Upgrade and Remove","damage_taken":0,"max_hp_gain":0,"max_hp_loss":0,"event_name":"Designer","floor":72,"gold_loss":90,"cards_upgraded":["Steam"]},{"cards_removed":["Zap"],"damage_healed":0,"gold_gain":0,"player_choice":"Purged","damage_taken":0,"max_hp_gain":0,"max_hp_loss":0,"event_name":"Purifier","floor":82,"gold_loss":0},{"damage_healed":0,"gold_gain":0,"player_choice":"Memory 3","damage_taken":10,"max_hp_gain":0,"max_hp_loss":0,"event_name":"SensoryStone","floor":90,"gold_loss":0}],"is_beta":false,"boss_relics":[{"not_picked":["Empty Cage","Runic Pyramid"],"picked":"Philosopher\u0027s Stone"},{"not_picked":["Busted Crown","Velvet Choker"],"picked":"Lizard Tail"},{"not_picked":["Eternal Feather","Sozu"],"picked":"Astrolabe"},{"not_picked":["Fusion Hammer","Runic Dome"],"picked":"Black Star"},{"not_picked":["Pandora\u0027s Box","Empty Cage"],"picked":"Cursed Key"}],"items_purged_floors":[19,22,54,73,80],"is_endless":true,"potions_floor_spawned":[6,7,10,11,13,24,31,33,35,42,44,45,50,52,58,67,70,71,76,84,88,89],"killed_by":"Nightmare_Alpha","ascension_level":0}