{"gold_per_floor":[114,33,43,56,56,56,86,86,110,126,126,151,167,186,186,317,380,395,419,444,444,271,271,305,375,375,389,412,286,307,328,328,328],"floor_reached":33,"playtime":4274,"items_purged":[],"score":298,"play_id":"0f8ba7d8-d5f3-4b8b-83b9-eccff3a42509","local_time":"20190330205137","is_ascension_mode":false,"campfire_choices":[{"data":"Coolheaded","floor":6,"key":"SMITH"},{"data":"Static Discharge","floor":8,"key":"SMITH"},{"floor":15,"key":"REST"},{"floor":23,"key":"REST"},{"floor":32,"key":"REST"}],"neow_cost":"NONE","seed_source_timestamp":25520437515983,"circlet_count":0,"master_deck":["Strike_B","Strike_B","Strike_B","Strike_B","Defend_B","Defend_B","Defend_B","Defend_B","Zap","Dualcast","Static Discharge+1","Coolheaded+1","Defragment","Conserve Battery","Redo","Ball Lightning+1","Coolheaded","Loop","Conserve Battery","Chill","Buffer","Tempest","Redo","Fusion","Capacitor+1","Necronomicurse","Sunder","Swift Strike","Steam Power+1","Turbo","Steam+1","Beam Cell","BootSequence","Self Repair+1","Tempest"],"relics":["Cracked Core","Happy Flower","Bag of Marbles","Orichalcum","Golden Idol","Tiny House","Necronomicon","Juzu Bracelet","Bottled Flame","Letter Opener"],"potions_floor_usage":[16,16,18,31,31],"damage_taken":[{"damage":9,"enemies":"Small Slimes","floor":1,"turns":3},{"damage":0,"enemies":"2 Louse","floor":3,"turns":3},{"damage":1,"enemies":"Jaw Worm","floor":4,"turns":5},{"damage":16,"enemies":"3 Sentries","floor":7,"turns":8},{"damage":11,"enemies":"Lots of Slimes","floor":10,"turns":4},{"damage":2,"enemies":"2 Fungi Beasts","floor":12,"turns":3},{"damage":7,"enemies":"Exordium Thugs","floor":13,"turns":3},{"damage":0,"enemies":"Red Slaver","floor":14,"turns":4},{"damage":23,"enemies":"The Guardian","floor":16,"turns":14},{"damage":14,"enemies":"2 Thieves","floor":18,"turns":4},{"damage":4,"enemies":"Chosen","floor":19,"turns":3},{"damage":16,"enemies":"Snake Plant","floor":20,"turns":2},{"damage":18,"enemies":"Book of Stabbing","floor":24,"turns":4},{"damage":15,"enemies":"Sentry and Sphere","floor":27,"turns":6},{"damage":5,"enemies":"Chosen and Byrds","floor":28,"turns":4},{"damage":16,"enemies":"Snecko","floor":30,"turns":4},{"damage":15,"enemies":"3 Cultists","floor":31,"turns":5},{"damage":54,"enemies":"Collector","floor":33,"turns":6}],"seed_played":"-6707359905227562279","potions_obtained":[{"floor":1,"key":"Dexterity Potion"},{"floor":7,"key":"Fire Potion"},{"floor":12,"key":"GamblersBrew"},{"floor":13,"key":"SkillPotion"},{"floor":14,"key":"EssenceOfSteel"},{"floor":17,"key":"FearPotion"},{"floor":20,"key":"FairyPotion"},{"floor":27,"key":"Energy Potion"},{"floor":28,"key":"Regen Potion"}],"is_trial":false,"path_per_floor":["?","?","?","T"],"character_chosen":"DEFECT","items_purchased":["Coolheaded","Defragment","Sunder","Swift Strike","Beam Cell","BootSequence"],"campfire_rested":3,"item_purchase_floors":[2,2,22,22,29,29],"current_hp_per_floor":[66,66,66,65,65,65,49,49,49,38,20,18,11,11,33,10,80,66,62,46,30,30,54,36,36,36,21,16,16,8,17,41,0],"gold":328,"neow_bonus":"RANDOM_COMMON_RELIC","is_prod":false,"is_daily":false,"chose_seed":false,"campfire_upgraded":2,"win_rate":0.0,"timestamp":1553975497,"path_taken":["M","$","M","M","?","R","E","R","T","M","?","M","M","M","R","BOSS","M","M","M","?","$","R","E","?","T","M","M","$","M","M","R","BOSS"],"build_version":"2019-01-23","purchased_purges":0,"victory":false,"max_hp_per_floor":[75,75,75,75,75,75,75,75,75,75,75,75,75,75,75,75,80,80,80,80,80,80,80,80,80,80,80,80,80,80,80,80,80],"card_choices":[{"not_picked":["Darkness","Turbo"],"picked":"Static Discharge","floor":1},{"not_picked":["Rebound","FTL"],"picked":"Conserve Battery","floor":3},{"not_picked":["Stack","Barrage"],"picked":"Redo","floor":4},{"not_picked":["Skim","Beam Cell"],"picked":"Ball Lightning","floor":7},{"not_picked":["Ball Lightning","Leap"],"picked":"Coolheaded","floor":10},{"not_picked":["Tempest","Redo"],"picked":"Loop","floor":12},{"not_picked":["Meteor Strike","Stack"],"picked":"Conserve Battery","floor":13},{"not_picked":["Cold Snap","Lockon"],"picked":"Chill","floor":14},{"not_picked":["Machine Learning","Creative AI"],"picked":"Buffer","floor":16},{"not_picked":["Barrage","Double Energy"],"picked":"Tempest","floor":17},{"not_picked":["Ball Lightning","Gash"],"picked":"Redo","floor":18},{"not_picked":["Reinforced Body","Rip and Tear"],"picked":"Fusion","floor":19},{"not_picked":["Steam","Redo"],"picked":"Capacitor+1","floor":20},{"not_picked":["Echo Form","Aggregate+1"],"picked":"Steam Power+1","floor":24},{"not_picked":["Blizzard","Coolheaded"],"picked":"Turbo","floor":27},{"not_picked":["Glacier","Skim"],"picked":"Steam+1","floor":28},{"not_picked":["Fusion","Leap+1"],"picked":"Self Repair+1","floor":30},{"not_picked":["Scrape","Reprogram+1"],"picked":"Tempest","floor":31}],"player_experience":14553,"relics_obtained":[{"floor":7,"key":"Bag of Marbles"},{"floor":9,"key":"Orichalcum"},{"floor":21,"key":"Necronomicon"},{"floor":24,"key":"Juzu Bracelet"},{"floor":25,"key":"Bottled Flame"},{"floor":26,"key":"Letter Opener"}],"event_choices":[{"damage_healed":0,"gold_gain":0,"player_choice":"Ignored","damage_taken":0,"max_hp_gain":0,"max_hp_loss":0,"event_name":"Liars Game","floor":5,"gold_loss":0},{"damage_healed":0,"gold_gain":0,"player_choice":"Take Damage","damage_taken":18,"relics_obtained":["Golden Idol"],"max_hp_gain":0,"max_hp_loss":0,"event_name":"Golden Idol","floor":11,"gold_loss":0},{"damage_healed":0,"gold_gain":0,"player_choice":"Obtained Book","damage_taken":16,"max_hp_gain":0,"max_hp_loss":0,"event_name":"Cursed Tome","floor":21,"gold_loss":0}],"is_beta":false,"boss_relics":[{"not_picked":["Ectoplasm","Velvet Choker"],"picked":"Tiny House"}],"items_purged_floors":[],"is_endless":false,"potions_floor_spawned":[1,7,12,13,14,20,27,28],"killed_by":"Collector","ascension_level":0}