{"gold_per_floor":[118,118,68,68,83,118,132,10,33,33,62,74,74,195,195,291,291,305,305,13,26,26,321,351,363],"floor_reached":25,"playtime":1074,"items_purged":["Strike_B"],"score":231,"play_id":"641f1fbd-40b1-4abc-8a35-78e5fef3d158","local_time":"20190227174821","is_ascension_mode":false,"campfire_choices":[{"floor":13,"key":"REST"},{"data":"Skim","floor":15,"key":"SMITH"}],"neow_cost":"NONE","seed_source_timestamp":361662044933300,"circlet_count":0,"master_deck":["Defend_B","Defend_B","Defend_B","Defend_B","Zap","Dualcast","Skim+1","Turbo","Cold Snap","Ball Lightning","Leap","Rebound","Machine Learning","Defragment+1","Heatsinks","Coolheaded","Creative AI","BootSequence"],"relics":["Cracked Core","Centennial Puzzle","Regal Pillow","Bronze Scales","Cursed Key","Question Card","MawBank"],"potions_floor_usage":[6,6,16,16,23,23,24],"damage_taken":[{"damage":2,"enemies":"Small Slimes","floor":1,"turns":4},{"damage":3,"enemies":"Jaw Worm","floor":5,"turns":4},{"damage":4,"enemies":"Gremlin Nob","floor":6,"turns":4},{"damage":4,"enemies":"Cultist","floor":7,"turns":3},{"damage":30,"enemies":"3 Sentries","floor":11,"turns":8},{"damage":8,"enemies":"Looter","floor":12,"turns":2},{"damage":0,"enemies":"Blue Slaver","floor":14,"turns":3},{"damage":41,"enemies":"The Guardian","floor":16,"turns":10},{"damage":2,"enemies":"Spheric Guardian","floor":18,"turns":4},{"damage":0,"enemies":"3 Byrds","floor":21,"turns":2},{"damage":32,"enemies":"Slavers","floor":23,"turns":6},{"damage":37,"enemies":"3 Cultists","floor":24,"turns":6}],"seed_played":"-6333044342315681709","potions_obtained":[{"floor":1,"key":"Block Potion"},{"floor":5,"key":"FearPotion"},{"floor":12,"key":"Weak Potion"},{"floor":14,"key":"PowerPotion"},{"floor":16,"key":"GamblersBrew"},{"floor":21,"key":"Poison Potion"},{"floor":23,"key":"LiquidBronze"}],"is_trial":false,"path_per_floor":["M","?","?","?","M","E","M","$","T","$","E","M","R","M","R","B",null,"M","?","$","M","?","E","M","?"],"character_chosen":"DEFECT","items_purchased":["Ball Lightning","Question Card","Coolheaded"],"campfire_rested":1,"item_purchase_floors":[8,20,20],"current_hp_per_floor":[73,73,73,66,63,59,55,55,55,55,25,17,54,54,54,13,75,73,73,73,73,73,41,4,0],"gold":363,"neow_bonus":"RANDOM_COMMON_RELIC","is_prod":false,"is_daily":false,"chose_seed":false,"campfire_upgraded":1,"win_rate":0,"timestamp":1551318501,"path_taken":["M","?","?","?","M","E","M","$","T","?","E","?","R","M","R","BOSS","M","?","$","?","?","E","M","?"],"build_version":"2019-01-23","purchased_purges":1,"victory":false,"max_hp_per_floor":[75,75,75,75,75,75,75,75,75,75,75,75,75,75,75,75,75,75,75,75,75,75,75,75,75],"card_choices":[{"not_picked":["Reprogram","Capacitor"],"picked":"Skim","floor":1},{"not_picked":["Chaos","Hello World"],"picked":"Turbo","floor":5},{"not_picked":["Steam","Go for the Eyes"],"picked":"Cold Snap","floor":6},{"not_picked":["Capacitor","Rip and Tear","Stack"],"picked":"SKIP","floor":7},{"not_picked":["Barrage","Reinforced Body"],"picked":"Leap","floor":11},{"not_picked":["Stack","Reinforced Body"],"picked":"Tempest","floor":12},{"not_picked":["Darkness","Auto Shields"],"picked":"Rebound","floor":14},{"not_picked":["Biased Cognition","Hyperbeam"],"picked":"Machine Learning","floor":16},{"not_picked":["Stack","Barrage"],"picked":"Defragment+1","floor":18},{"not_picked":["Beam Cell","Melter+1","Rebound+1","Steam"],"picked":"SKIP","floor":21},{"not_picked":["Redo","Blizzard","Biased Cognition"],"picked":"Creative AI","floor":23},{"not_picked":["Compile Driver+1","Rebound","Barrage"],"picked":"BootSequence","floor":24}],"player_experience":84247,"relics_obtained":[{"floor":6,"key":"Regal Pillow"},{"floor":11,"key":"Bronze Scales"},{"floor":23,"key":"MawBank"}],"event_choices":[{"cards_removed":["Strike_B"],"damage_healed":0,"gold_gain":0,"player_choice":"Card Removal","damage_taken":0,"max_hp_gain":0,"max_hp_loss":0,"event_name":"The Cleric","floor":3,"gold_loss":50},{"cards_removed":["Strike_B"],"damage_healed":0,"gold_gain":0,"player_choice":"Card Removal","damage_taken":7,"max_hp_gain":0,"max_hp_loss":0,"event_name":"Golden Wing","floor":4,"gold_loss":0},{"damage_healed":0,"gold_gain":0,"cards_transformed":["Tempest"],"player_choice":"Transformed","damage_taken":0,"max_hp_gain":0,"max_hp_loss":0,"event_name":"Transmorgrifier","floor":19,"gold_loss":0,"cards_obtained":["Heatsinks"]},{"cards_removed":["Strike_B"],"damage_healed":0,"gold_gain":0,"player_choice":"Elegance","damage_taken":0,"max_hp_gain":0,"max_hp_loss":0,"event_name":"Back to Basics","floor":22,"gold_loss":0}],"is_beta":false,"boss_relics":[{"not_picked":["Calling Bell","Coffee Dripper"],"picked":"Cursed Key"}],"items_purged_floors":[8],"is_endless":false,"potions_floor_spawned":[1,5,12,14,16,21,23],"ascension_level":0}