{"gold_per_floor":[113,129,149,224,247,259,298,18,18,18,29,46,46,46,46,121,121,131,181,87,87,87,87],"floor_reached":23,"playtime":678,"items_purged":[],"score":355,"play_id":"f695d9bc-64d3-46d6-80db-676f5710cdea","local_time":"20190403202841","is_ascension_mode":true,"campfire_choices":[{"data":"Sunder","floor":6,"key":"SMITH"},{"floor":10,"key":"REST"},{"floor":13,"key":"REST"},{"data":"Defragment","floor":15,"key":"SMITH"}],"neow_cost":"NONE","seed_source_timestamp":109165475895606,"circlet_count":0,"master_deck":["AscendersBane","Strike_B","Strike_B","Strike_B","Strike_B","Defend_B","Defend_B","Defend_B","Defend_B","Zap","Sunder+1","Hologram","Undo","Defragment+1","Echo Form","Reinforced Body","Buffer","Chill","Defragment","Cold Snap","Sunder"],"relics":["Cracked Core","Juzu Bracelet","MawBank","Lantern","Runic Capacitor","Bottled Lightning","Fusion Hammer"],"potions_floor_usage":[16,23],"damage_taken":[{"damage":13,"enemies":"Small Slimes","floor":1,"turns":4},{"damage":2,"enemies":"Jaw Worm","floor":2,"turns":3},{"damage":1,"enemies":"2 Louse","floor":3,"turns":2},{"damage":32,"enemies":"Gremlin Nob","floor":7,"turns":4},{"damage":0,"enemies":"Exordium Thugs","floor":11,"turns":5},{"damage":20,"enemies":"Gremlin Gang","floor":12,"turns":4},{"damage":29,"enemies":"Hexaghost","floor":16,"turns":8},{"damage":17,"enemies":"Spheric Guardian","floor":18,"turns":5},{"damage":58,"enemies":"Slavers","floor":23,"turns":4}],"seed_played":"2367545978026175232","potions_obtained":[{"floor":1,"key":"Dexterity Potion"},{"floor":16,"key":"Regen Potion"}],"is_trial":false,"path_per_floor":["M","M","M","?","T","R","E","$","T","R","M","M","R","?","R","B",null,"M","?","$","?","?","E"],"character_chosen":"DEFECT","items_purchased":["Runic Capacitor","Defragment","Defragment","Cold Snap"],"campfire_rested":2,"item_purchase_floors":[8,8,20,20],"current_hp_per_floor":[51,49,48,37,37,37,5,5,5,26,26,6,27,50,50,21,59,42,42,42,42,42,0],"gold":87,"neow_bonus":"RANDOM_COMMON_RELIC","is_prod":false,"is_daily":false,"chose_seed":false,"campfire_upgraded":2,"win_rate":0,"timestamp":1554290921,"path_taken":["M","M","M","?","?","R","E","$","T","R","M","M","R","?","R","BOSS","M","?","?","?","?","E"],"build_version":"2019-01-23","purchased_purges":0,"victory":false,"max_hp_per_floor":[71,71,71,71,71,71,71,71,71,71,71,71,71,71,71,71,71,71,71,71,71,71,71],"card_choices":[{"not_picked":["Capacitor","Fusion"],"picked":"Sunder","floor":1},{"not_picked":["Static Discharge","Redo","Beam Cell"],"picked":"SKIP","floor":2},{"not_picked":["Stack","Leap"],"picked":"Hologram","floor":3},{"not_picked":["Gash","Double Energy"],"picked":"Undo","floor":7},{"not_picked":["Scrape","Hologram"],"picked":"Echo Form","floor":11},{"not_picked":["Compile Driver","Streamline"],"picked":"Reinforced Body","floor":12},{"not_picked":["Biased Cognition","Core Surge"],"picked":"Buffer","floor":16},{"not_picked":["Leap","Darkness"],"picked":"Chill","floor":18}],"player_experience":465464,"relics_obtained":[{"floor":5,"key":"MawBank"},{"floor":7,"key":"Lantern"},{"floor":9,"key":"Bottled Lightning"}],"event_choices":[{"damage_healed":0,"gold_gain":75,"player_choice":"Gather Gold","damage_taken":11,"max_hp_gain":0,"max_hp_loss":0,"event_name":"World of Goop","floor":4,"gold_loss":0},{"damage_healed":23,"gold_gain":0,"player_choice":"Banana","damage_taken":0,"max_hp_gain":0,"max_hp_loss":0,"event_name":"Big Fish","floor":14,"gold_loss":0},{"damage_healed":0,"gold_gain":100,"player_choice":"Bet on Murderer","damage_taken":0,"max_hp_gain":0,"max_hp_loss":0,"event_name":"The Joust","floor":19,"gold_loss":50},{"damage_healed":0,"gold_gain":0,"cards_transformed":["Dualcast"],"player_choice":"Transformed","damage_taken":0,"max_hp_gain":0,"max_hp_loss":0,"event_name":"Transmorgrifier","floor":21,"gold_loss":0,"cards_obtained":["Sunder"]},{"damage_healed":0,"gold_gain":0,"player_choice":"0 cards matched","damage_taken":0,"max_hp_gain":0,"max_hp_loss":0,"event_name":"Match and Keep!","floor":22,"gold_loss":0,"cards_obtained":[]}],"is_beta":false,"boss_relics":[{"not_picked":["Black Star","Coffee Dripper"],"picked":"Fusion Hammer"}],"items_purged_floors":[],"is_endless":false,"potions_floor_spawned":[1,16],"killed_by":"Slavers","ascension_level":18}