{"gold_per_floor":[110,57,132,112,126,126,154,154,154,167,167,192,220,239,239,340,340,355,338,135,148,167,167,198,198,198,216,233,233,233,233,233,328,328,338,356,132,143,143,143,28,28,28,38,38,58,58,70,70,70],"floor_reached":51,"playtime":6643,"items_purged":[],"score":642,"play_id":"1cca88d5-bf10-4394-bcf3-8a36840d5b1c","local_time":"20190318213448","is_ascension_mode":false,"campfire_choices":[{"data":"Dodge and Roll","floor":6,"key":"SMITH"},{"data":"Leg Sweep","floor":8,"key":"SMITH"},{"floor":15,"key":"REST"},{"floor":23,"key":"REST"},{"floor":25,"key":"REST"},{"floor":30,"key":"REST"},{"floor":32,"key":"REST"},{"floor":40,"key":"REST"},{"floor":42,"key":"REST"},{"floor":47,"key":"REST"},{"floor":49,"key":"REST"}],"neow_cost":"NONE","seed_source_timestamp":22461062072292,"circlet_count":0,"master_deck":["Defend_G","Defend_G","Defend_G","Defend_G","Defend_G","Strike_G","Strike_G+1","Strike_G","Strike_G","Survivor","Neutralize","Dodge and Roll+1","Deflect","Quick Slash","Leg Sweep+1","Masterful Stab+1","Backflip","Die Die Die","Bouncing Flask","Masterful Stab+1","Caltrops","Dash","Prepared","Dash","Noxious Fumes","Slice","Slice","Deflect","A Thousand Cuts","Neutralize","Poisoned Stab","Die Die Die","Blur","Deadly Poison+1","Dramatic Entrance","Noxious Fumes","Backflip","PiercingWail+1","Backstab","Infinite Blades","Calculated Gamble","Backstab","Blur+1"],"relics":["Ring of the Snake","Odd Mushroom","Thread and Needle","Bronze Scales","Potion Belt","Fusion Hammer","Regal Pillow","Unceasing Top","Philosopher\u0027s Stone","Darkstone Periapt"],"potions_floor_usage":[33,33,36,44,50,50,50],"damage_taken":[{"damage":0,"enemies":"Small Slimes","floor":1,"turns":4},{"damage":0,"enemies":"2 Louse","floor":5,"turns":6},{"damage":18,"enemies":"The Mushroom Lair","floor":7,"turns":10},{"damage":0,"enemies":"Cultist","floor":10,"turns":5},{"damage":2,"enemies":"3 Sentries","floor":13,"turns":9},{"damage":0,"enemies":"3 Louse","floor":14,"turns":3},{"damage":2,"enemies":"Hexaghost","floor":16,"turns":15},{"damage":0,"enemies":"Shell Parasite","floor":18,"turns":5},{"damage":3,"enemies":"2 Thieves","floor":19,"turns":4},{"damage":0,"enemies":"Cultist and Chosen","floor":21,"turns":4},{"damage":0,"enemies":"Snake Plant","floor":22,"turns":4},{"damage":25,"enemies":"Gremlin Leader","floor":24,"turns":7},{"damage":0,"enemies":"Centurion and Healer","floor":27,"turns":5},{"damage":1,"enemies":"Snecko","floor":28,"turns":5},{"damage":63,"enemies":"Champ","floor":33,"turns":14},{"damage":9,"enemies":"3 Shapes","floor":35,"turns":4},{"damage":13,"enemies":"3 Darklings","floor":36,"turns":5},{"damage":26,"enemies":"4 Shapes","floor":38,"turns":4},{"damage":14,"enemies":"Transient","floor":44,"turns":5},{"damage":0,"enemies":"Maw","floor":46,"turns":7},{"damage":0,"enemies":"Jaw Worm Horde","floor":48,"turns":4},{"damage":69,"enemies":"Awakened One","floor":50,"turns":15}],"seed_played":"6913913369517574913","potions_obtained":[{"floor":4,"key":"Ancient Potion"},{"floor":5,"key":"FairyPotion"},{"floor":10,"key":"Block Potion"},{"floor":14,"key":"Strength Potion"},{"floor":16,"key":"SpeedPotion"},{"floor":22,"key":"AttackPotion"},{"floor":24,"key":"LiquidBronze"},{"floor":33,"key":"GhostInAJar"},{"floor":35,"key":"EssenceOfSteel"},{"floor":36,"key":"Energy Potion"}],"is_trial":false,"path_per_floor":["?","?","M","?","?","T","$","?","?","M","?","$","?"],"character_chosen":"THE_SILENT","items_purchased":["Deflect","Caltrops","Dash","Prepared","Dramatic Entrance","Noxious Fumes","Backflip","Backstab","Infinite Blades"],"campfire_rested":9,"item_purchase_floors":[2,20,20,20,37,37,37,41,41],"current_hp_per_floor":[77,77,66,66,66,66,48,48,48,48,33,33,31,31,54,52,77,77,74,74,74,74,77,52,77,77,77,76,62,82,82,82,19,82,73,60,60,34,34,73,73,82,82,68,68,68,82,82,82,13],"gold":70,"neow_bonus":"TEN_PERCENT_HP_BONUS","is_prod":false,"is_daily":false,"chose_seed":false,"campfire_upgraded":2,"win_rate":0.0,"timestamp":1552941288,"path_taken":["M","$","?","?","?","R","?","R","T","M","?","?","E","M","R","BOSS","M","M","?","M","M","R","E","R","T","M","M","?","R","?","R","BOSS","M","M","$","?","?","R","?","R","T","M","?","M","R","M","R","BOSS"],"build_version":"2019-01-23","purchased_purges":0,"victory":true,"max_hp_per_floor":[77,77,77,77,77,77,77,77,77,77,77,77,77,77,77,77,77,77,77,77,77,77,77,77,77,77,77,77,82,82,82,82,82,82,82,82,82,82,82,82,82,82,82,82,82,82,82,82,82,82],"card_choices":[{"not_picked":["Underhanded Strike","Backflip"],"picked":"Dodge and Roll","floor":1},{"not_picked":["Eviscerate","Dagger Spray"],"picked":"Quick Slash","floor":5},{"not_picked":["Deflect","Sucker Punch"],"picked":"Leg Sweep","floor":7},{"not_picked":["Night Terror","Escape Plan"],"picked":"Masterful Stab","floor":10},{"not_picked":["Tactician","Calculated Gamble"],"picked":"Backflip","floor":13},{"not_picked":["Dagger Spray","Crippling Poison"],"picked":"Backflip","floor":14},{"not_picked":["After Image","Tools of the Trade"],"picked":"Die Die Die","floor":16},{"not_picked":["Sucker Punch","Terror+1"],"picked":"Bouncing Flask","floor":18},{"not_picked":["Riddle With Holes+1","Acrobatics"],"picked":"Masterful Stab+1","floor":19},{"not_picked":["Dagger Spray","Well Laid Plans+1"],"picked":"Dash","floor":21},{"not_picked":["PiercingWail+1","Finisher"],"picked":"Noxious Fumes","floor":22},{"not_picked":["PiercingWail","Sucker Punch+1"],"picked":"Slice","floor":24},{"not_picked":["Acrobatics+1","Dagger Spray"],"picked":"Slice","floor":27},{"not_picked":["Endless Agony","Crippling Poison+1"],"picked":"Deflect","floor":28},{"not_picked":["Doppelganger","Malaise"],"picked":"Die Die Die","floor":33},{"not_picked":["Dagger Spray","Reflex+1"],"picked":"Blur","floor":35},{"not_picked":["Dagger Throw","Reflex"],"picked":"Deadly Poison+1","floor":36},{"not_picked":["Tactician+1","Backflip"],"picked":"PiercingWail+1","floor":38},{"not_picked":["Dagger Spray+1","Expertise+1"],"picked":"Calculated Gamble","floor":44},{"not_picked":["Underhanded Strike","Envenom","Dagger Spray+1"],"picked":"SKIP","floor":46},{"not_picked":["Flechettes","Predator+1"],"picked":"Blur+1","floor":48}],"player_experience":1785,"relics_obtained":[{"floor":7,"key":"Odd Mushroom"},{"floor":9,"key":"Thread and Needle"},{"floor":12,"key":"Bronze Scales"},{"floor":13,"key":"Potion Belt"},{"floor":24,"key":"Regal Pillow"},{"floor":26,"key":"Unceasing Top"},{"floor":43,"key":"Darkstone Periapt"}],"event_choices":[{"damage_healed":0,"gold_gain":75,"player_choice":"Gather Gold","damage_taken":11,"max_hp_gain":0,"max_hp_loss":0,"event_name":"World of Goop","floor":3,"gold_loss":0},{"damage_healed":0,"gold_gain":0,"player_choice":"Bought 1 Potion","damage_taken":0,"max_hp_gain":0,"max_hp_loss":0,"event_name":"The Woman in Blue","floor":4,"gold_loss":0},{"damage_healed":0,"gold_gain":0,"player_choice":"Fought Mushrooms","damage_taken":0,"max_hp_gain":0,"max_hp_loss":0,"event_name":"Mushrooms","floor":7,"gold_loss":0},{"damage_healed":0,"gold_gain":0,"player_choice":"Entered Light","damage_taken":15,"max_hp_gain":0,"max_hp_loss":0,"event_name":"Shining Light","floor":11,"gold_loss":0,"cards_upgraded":["Strike_G","Masterful Stab"]},{"damage_healed":0,"gold_gain":0,"player_choice":"Shed Blood","damage_taken":19,"max_hp_gain":5,"max_hp_loss":0,"event_name":"Forgotten Altar","floor":29,"gold_loss":0},{"damage_healed":0,"gold_gain":0,"player_choice":"3 cards matched","damage_taken":0,"max_hp_gain":0,"max_hp_loss":0,"event_name":"Match and Keep!","floor":31,"gold_loss":0,"cards_obtained":["A Thousand Cuts","Neutralize","Poisoned Stab"]},{"cards_removed":["Strike_G"],"damage_healed":0,"gold_gain":0,"player_choice":"Offered Basic","damage_taken":0,"max_hp_gain":0,"max_hp_loss":0,"event_name":"Bonfire Elementals","floor":39,"gold_loss":0},{"damage_healed":0,"gold_gain":0,"cards_transformed":["Backflip"],"player_choice":"Transformed","damage_taken":0,"max_hp_gain":0,"max_hp_loss":0,"event_name":"Transmorgrifier","floor":45,"gold_loss":0,"cards_obtained":["Backstab"]}],"is_beta":false,"boss_relics":[{"not_picked":["Eternal Feather","Astrolabe"],"picked":"Fusion Hammer"},{"not_picked":["Orrery","Tiny House"],"picked":"Philosopher\u0027s Stone"}],"items_purged_floors":[],"is_endless":false,"potions_floor_spawned":[5,10,14,16,22,24,33,35,36],"ascension_level":0}