{"gold_per_floor":[112,112,132,144,164,164,199,230,242,254,292,317,339,364,376,485,497,522,554,577,604,75,103,103,103,103,121,147,178,193,226,226,325,325,337,352,352,362,136,136,171,171,225,225,225,243,271,287,287,287],"floor_reached":51,"playtime":2783,"items_purged":["Strike_R","Strike_R"],"score":878,"play_id":"69e2ae31-557e-4284-a3e7-0bb948f7256b","local_time":"20190416091743","is_ascension_mode":false,"campfire_choices":[{"data":"Carnage","floor":6,"key":"SMITH"},{"data":"Clothesline","floor":10,"key":"SMITH"},{"data":"Shockwave","floor":15,"key":"SMITH"},{"data":"Panacea","floor":24,"key":"SMITH"},{"data":"Flex","floor":32,"key":"SMITH"},{"data":"Dark Embrace","floor":40,"key":"SMITH"},{"data":"Barricade","floor":42,"key":"SMITH"},{"data":"True Grit","floor":45,"key":"SMITH"},{"data":"Warcry","floor":49,"key":"SMITH"}],"neow_cost":"NONE","seed_source_timestamp":338206511599400,"circlet_count":0,"master_deck":["Strike_R","Strike_R","Strike_R","Defend_R+1","Defend_R","Defend_R","Defend_R+1","Bash+1","Panacea+1","Clothesline+1","Carnage+1","Anger","Sentinel","True Grit+1","Feed+1","Shockwave+1","Warcry+1","Wild Strike+1","Double Tap","Ghostly Armor","Metallicize","Flex+1","Whirlwind+1","Feel No Pain","Rampage+1","Shrug It Off","Cleave+1","RitualDagger+1","Spot Weakness","Shockwave+1","Dark Embrace+1","Iron Wave+1","Iron Wave+1","Reaper+1","Metallicize+1","Pummel+1","Barricade+1","Shrug It Off","Shrug It Off","Spot Weakness","Power Through+1","Battle Trance+1","Headbutt+1"],"relics":["Burning Blood","MawBank","Molten Egg 2","Centennial Puzzle","Coffee Dripper","FossilizedHelix","WingedGreaves","Mercury Hourglass","Pantograph","Calipers","The Courier","Runic Dome","Bag of Marbles","War Paint","Sundial","Art of War"],"potions_floor_usage":[11,12,23,23,23,31,41,50,50],"damage_taken":[{"damage":0,"enemies":"Small Slimes","floor":1,"turns":4},{"damage":3,"enemies":"Jaw Worm","floor":3,"turns":5},{"damage":0,"enemies":"Cultist","floor":4,"turns":3},{"damage":16,"enemies":"Exordium Thugs","floor":5,"turns":5},{"damage":20,"enemies":"Gremlin Nob","floor":7,"turns":4},{"damage":11,"enemies":"Lots of Slimes","floor":8,"turns":4},{"damage":22,"enemies":"3 Sentries","floor":11,"turns":8},{"damage":6,"enemies":"Gremlin Gang","floor":12,"turns":4},{"damage":1,"enemies":"2 Fungi Beasts","floor":13,"turns":3},{"damage":4,"enemies":"Blue Slaver","floor":14,"turns":3},{"damage":26,"enemies":"The Guardian","floor":16,"turns":11},{"damage":1,"enemies":"Chosen","floor":18,"turns":3},{"damage":5,"enemies":"Spheric Guardian","floor":19,"turns":3},{"damage":6,"enemies":"Centurion and Healer","floor":20,"turns":5},{"damage":0,"enemies":"Snake Plant","floor":21,"turns":4},{"damage":20,"enemies":"Book of Stabbing","floor":23,"turns":6},{"damage":5,"enemies":"Shelled Parasite and Fungi","floor":27,"turns":6},{"damage":6,"enemies":"Gremlin Leader","floor":28,"turns":4},{"damage":21,"enemies":"Book of Stabbing","floor":29,"turns":4},{"damage":0,"enemies":"Centurion and Healer","floor":30,"turns":6},{"damage":0,"enemies":"Gremlin Leader","floor":31,"turns":5},{"damage":53,"enemies":"Champ","floor":33,"turns":11},{"damage":0,"enemies":"3 Shapes","floor":35,"turns":4},{"damage":0,"enemies":"Orb Walker","floor":36,"turns":3},{"damage":26,"enemies":"Spire Growth","floor":38,"turns":5},{"damage":17,"enemies":"Reptomancer","floor":41,"turns":5},{"damage":0,"enemies":"3 Darklings","floor":46,"turns":6},{"damage":28,"enemies":"Nemesis","floor":47,"turns":7},{"damage":0,"enemies":"Sphere and 2 Shapes","floor":48,"turns":4},{"damage":30,"enemies":"Time Eater","floor":50,"turns":12}],"seed_played":"7723404075756272682","potions_obtained":[{"floor":4,"key":"FearPotion"},{"floor":11,"key":"AttackPotion"},{"floor":12,"key":"SkillPotion"},{"floor":14,"key":"BloodPotion"},{"floor":16,"key":"Block Potion"},{"floor":19,"key":"Dexterity Potion"},{"floor":27,"key":"SpeedPotion"},{"floor":28,"key":"Regen Potion"},{"floor":30,"key":"SkillPotion"},{"floor":31,"key":"AttackPotion"},{"floor":46,"key":"SneckoOil"},{"floor":47,"key":"SpeedPotion"}],"is_trial":false,"path_per_floor":["M","?","M","M","M","R","E","M","T","R","E","M","M","M","R","B",null,"M","M","M","M","$","E","R","?","T","M","E","E","M","E","R","B",null,"M","M","?","M","$","R","E","R","T","T","R","M","E","M","R","B",null],"character_chosen":"IRONCLAD","items_purchased":["Feel No Pain","Rampage+1","FossilizedHelix","Shrug It Off","Shrug It Off","Shrug It Off","Spot Weakness"],"campfire_rested":0,"item_purchase_floors":[22,22,22,22,39,39,39],"current_hp_per_floor":[80,80,80,80,70,70,56,51,51,51,35,39,48,50,50,30,88,88,92,96,100,100,86,86,80,80,85,85,70,80,86,86,61,108,112,116,116,96,96,96,85,85,85,85,85,91,73,83,83,96],"gold":287,"neow_bonus":"RANDOM_COLORLESS","is_prod":false,"is_daily":false,"chose_seed":false,"campfire_upgraded":9,"win_rate":1,"timestamp":1555431463,"path_taken":["M","?","M","M","M","R","E","M","T","R","E","M","M","M","R","BOSS","M","M","M","M","$","E","R","?","T","M","E","E","M","E","R","BOSS","M","M","?","?","$","R","E","R","T","?","R","?","E","M","R","BOSS"],"build_version":"2019-01-23","purchased_purges":2,"victory":true,"max_hp_per_floor":[80,80,80,80,80,80,80,80,80,80,80,84,88,88,88,88,88,88,92,96,100,100,100,100,100,100,104,104,104,108,108,108,108,108,112,116,116,116,116,116,116,116,116,116,116,116,120,124,124,124],"card_choices":[{"not_picked":["Infernal Blade","Perfected Strike"],"picked":"Clothesline","floor":1},{"not_picked":["True Grit","Headbutt"],"picked":"Carnage","floor":3},{"not_picked":["Heavy Blade","Burning Pact"],"picked":"Anger","floor":4},{"not_picked":["Warcry","Clash","Wild Strike"],"picked":"SKIP","floor":5},{"not_picked":["Searing Blow","Rampage"],"picked":"Sentinel","floor":7},{"not_picked":["Berserk","Second Wind"],"picked":"True Grit","floor":8},{"not_picked":["Anger+1","True Grit"],"picked":"Feed+1","floor":11},{"not_picked":["Whirlwind+1","Anger+1"],"picked":"Shockwave","floor":12},{"not_picked":["Havoc","Warcry","Combust"],"picked":"SKIP","floor":13},{"not_picked":["Havoc","Combust"],"picked":"Warcry","floor":13},{"not_picked":["Rage","Rampage+1"],"picked":"Wild Strike+1","floor":14},{"not_picked":["Feed+1","Limit Break"],"picked":"Double Tap","floor":16},{"not_picked":["Reckless Charge+1","Clothesline+1"],"picked":"Ghostly Armor","floor":18},{"not_picked":["Anger+1","Warcry+1"],"picked":"Metallicize","floor":19},{"not_picked":["Bloodletting+1","Anger+1"],"picked":"Flex","floor":20},{"not_picked":["Clash+1","Intimidate"],"picked":"Whirlwind+1","floor":21},{"not_picked":["Cleave+1","Thunderclap+1","Anger+1"],"picked":"SKIP","floor":23},{"not_picked":["Thunderclap+1","Anger+1"],"picked":"Cleave+1","floor":23},{"not_picked":["Dropkick+1","Second Wind"],"picked":"Spot Weakness","floor":27},{"not_picked":["Uppercut+1","Perfected Strike+1"],"picked":"Shockwave+1","floor":28},{"not_picked":["Seeing Red","Body Slam+1"],"picked":"Dark Embrace","floor":29},{"not_picked":["Shockwave","Rupture"],"picked":"Iron Wave+1","floor":30},{"not_picked":["Iron Wave+1","Body Slam+1","Perfected Strike+1"],"picked":"SKIP","floor":31},{"not_picked":["Body Slam+1","Perfected Strike+1"],"picked":"Iron Wave+1","floor":31},{"not_picked":["Bludgeon+1","Demon Form"],"picked":"Reaper+1","floor":33},{"not_picked":["Twin Strike+1","Rage"],"picked":"Metallicize+1","floor":35},{"not_picked":["Cleave+1","Iron Wave+1"],"picked":"Pummel+1","floor":36},{"not_picked":["Pommel Strike+1","Cleave+1"],"picked":"Barricade","floor":38},{"not_picked":["Warcry+1","Double Tap"],"picked":"Power Through+1","floor":41},{"not_picked":["Sword Boomerang+1","Cleave+1"],"picked":"Battle Trance+1","floor":46},{"not_picked":["Twin Strike+1","Whirlwind+1"],"picked":"Headbutt+1","floor":47},{"not_picked":["Twin Strike+1","Clash+1","Hemokinesis+1"],"picked":"SKIP","floor":48}],"player_experience":382702,"relics_obtained":[{"floor":7,"key":"MawBank"},{"floor":9,"key":"Molten Egg 2"},{"floor":11,"key":"Centennial Puzzle"},{"floor":23,"key":"WingedGreaves"},{"floor":26,"key":"Mercury Hourglass"},{"floor":28,"key":"Pantograph"},{"floor":29,"key":"Calipers"},{"floor":31,"key":"The Courier"},{"floor":41,"key":"Bag of Marbles"},{"floor":43,"key":"War Paint"},{"floor":44,"key":"Sundial"},{"floor":47,"key":"Art of War"}],"event_choices":[{"damage_healed":0,"gold_gain":0,"player_choice":"Grow","damage_taken":0,"max_hp_gain":0,"max_hp_loss":0,"event_name":"Living Wall","floor":2,"gold_loss":0,"cards_upgraded":["Bash"]},{"damage_healed":0,"gold_gain":0,"player_choice":"Joined the Cult","damage_taken":6,"max_hp_gain":0,"max_hp_loss":0,"event_name":"Nest","floor":25,"gold_loss":0,"cards_obtained":["RitualDagger"]},{"damage_healed":0,"gold_gain":0,"player_choice":"Ignored","damage_taken":0,"max_hp_gain":0,"max_hp_loss":0,"event_name":"NoteForYourself","floor":37,"gold_loss":0}],"is_beta":false,"boss_relics":[{"not_picked":["Empty Cage","Runic Cube"],"picked":"Coffee Dripper"},{"not_picked":["Eternal Feather","Orrery"],"picked":"Runic Dome"}],"items_purged_floors":[22,39],"is_endless":false,"potions_floor_spawned":[4,11,12,14,16,19,27,28,30,31,36,46,47,48],"ascension_level":0}