{"gold_per_floor":[117,127,139,158,174,174,233,233],"floor_reached":8,"playtime":404,"items_purged":[],"score":100,"play_id":"a0577fb5-7ea2-4b88-accd-b104aef196d6","local_time":"20190406174058","is_ascension_mode":true,"campfire_choices":[{"data":"Zap","floor":6,"key":"SMITH"}],"neow_cost":"NONE","seed_source_timestamp":156298815627558,"circlet_count":0,"master_deck":["AscendersBane","Strike_B","Strike_B","Strike_B","Strike_B","Defend_B","Defend_B","Defend_B","Defend_B","Zap+1","Dualcast","Storm","Leap","Self Repair","Streamline","Hologram","Go for the Eyes"],"relics":["Philosopher\u0027s Stone","Turnip"],"potions_floor_usage":[7],"damage_taken":[{"damage":3,"enemies":"Jaw Worm","floor":1,"turns":3},{"damage":6,"enemies":"2 Louse","floor":2,"turns":4},{"damage":3,"enemies":"Small Slimes","floor":3,"turns":4},{"damage":22,"enemies":"Exordium Wildlife","floor":4,"turns":5},{"damage":6,"enemies":"Large Slime","floor":5,"turns":6},{"damage":28,"enemies":"Lagavulin Event","floor":7,"turns":5},{"damage":43,"enemies":"Gremlin Nob","floor":8,"turns":4}],"seed_played":"-3505335491627130608","potions_obtained":[{"floor":3,"key":"Ancient Potion"},{"floor":4,"key":"FairyPotion"},{"floor":5,"key":"Fire Potion"}],"is_trial":false,"path_per_floor":["M","M","M","M","M","R","?","E"],"character_chosen":"DEFECT","items_purchased":[],"campfire_rested":0,"item_purchase_floors":[],"current_hp_per_floor":[61,55,52,37,38,38,17,0],"gold":233,"neow_bonus":"BOSS_RELIC","is_prod":false,"is_daily":false,"chose_seed":false,"campfire_upgraded":1,"win_rate":0,"timestamp":1554540058,"path_taken":["M","M","M","M","M","R","?","E"],"build_version":"2019-01-23","purchased_purges":0,"victory":false,"max_hp_per_floor":[71,71,71,71,71,71,71,71],"card_choices":[{"not_picked":["Sweeping Beam","Barrage"],"picked":"Storm","floor":1},{"not_picked":["Sweeping Beam","Static Discharge"],"picked":"Leap","floor":2},{"not_picked":["Barrage","Beam Cell"],"picked":"Self Repair","floor":3},{"not_picked":["Gash","Capacitor"],"picked":"Streamline","floor":4},{"not_picked":["Rebound","Compile Driver"],"picked":"Hologram","floor":5},{"not_picked":["Rip and Tear","Coolheaded"],"picked":"Go for the Eyes","floor":7}],"player_experience":492554,"relics_obtained":[],"event_choices":[{"damage_healed":0,"gold_gain":0,"player_choice":"Searched \u00272\u0027 times","damage_taken":0,"relics_obtained":["Turnip"],"max_hp_gain":0,"max_hp_loss":0,"event_name":"Dead Adventurer","floor":7,"gold_loss":0}],"is_beta":false,"boss_relics":[],"items_purged_floors":[],"is_endless":false,"potions_floor_spawned":[3,4,5],"killed_by":"Gremlin Nob","ascension_level":20}