{"gold_per_floor":[119,119,136,156,156,189,189,216,216,76,93,111,136,154,154,258,258,268,193,211,238,255,283,283,298,298,153,153,168,168,201,201,297,297,308,308,325,343,343,343,369,369,369,385,189,201,201,95,95,95],"floor_reached":51,"playtime":2975,"items_purged":[],"score":762,"play_id":"86ac79ad-53d9-4804-af46-4a54f862771d","local_time":"20190416225909","is_ascension_mode":false,"campfire_choices":[{"data":"Immolate","floor":7,"key":"SMITH"},{"data":"Enlightenment","floor":15,"key":"SMITH"},{"data":"Shockwave","floor":24,"key":"SMITH"},{"data":"Armaments","floor":28,"key":"SMITH"},{"data":"Discovery","floor":32,"key":"SMITH"},{"data":"Bash","floor":40,"key":"SMITH"},{"data":"Flame Barrier","floor":42,"key":"SMITH"},{"data":"Inflame","floor":47,"key":"SMITH"},{"data":"Armaments","floor":49,"key":"SMITH"}],"neow_cost":"NONE","seed_source_timestamp":387315617277300,"circlet_count":0,"master_deck":["Strike_R","Strike_R","Strike_R","Strike_R","Defend_R","Defend_R","Defend_R","Bash+1","Shrug It Off","Enlightenment+1","Battle Trance","Immolate+1","Flame Barrier+1","Carnage","Inflame","Battle Trance","Pommel Strike","Inflame+1","Disarm+1","Armaments+1","Double Tap+1","Impervious","Combust+1","Iron Wave+1","Shockwave+1","Discovery+1","True Grit+1","Metallicize","Power Through","Offering","Warcry","Ghostly Armor","Flex+1","Armaments+1","PanicButton","True Grit+1","Corruption","Iron Wave"],"relics":["Burning Blood","Potion Belt","Bottled Lightning","Blood Vial","Darkstone Periapt","Velvet Choker","Pen Nib","War Paint","Ginger","Nilry\u0027s Codex","Gremlin Horn","Runic Pyramid","Boot","Charon\u0027s Ashes","Shuriken"],"potions_floor_usage":[8,14,16,23,38,41,50],"damage_taken":[{"damage":5,"enemies":"Small Slimes","floor":1,"turns":3},{"damage":1,"enemies":"Cultist","floor":3,"turns":4},{"damage":0,"enemies":"2 Louse","floor":4,"turns":4},{"damage":27,"enemies":"Gremlin Nob","floor":6,"turns":4},{"damage":22,"enemies":"Lagavulin","floor":8,"turns":5},{"damage":10,"enemies":"Exordium Thugs","floor":11,"turns":3},{"damage":0,"enemies":"3 Louse","floor":12,"turns":1},{"damage":8,"enemies":"Gremlin Nob","floor":13,"turns":3},{"damage":0,"enemies":"Gremlin Gang","floor":14,"turns":3},{"damage":23,"enemies":"Slime Boss","floor":16,"turns":7},{"damage":0,"enemies":"3 Byrds","floor":18,"turns":3},{"damage":6,"enemies":"Shell Parasite","floor":20,"turns":5},{"damage":3,"enemies":"Snake Plant","floor":22,"turns":3},{"damage":6,"enemies":"Gremlin Leader","floor":23,"turns":4},{"damage":6,"enemies":"Snecko","floor":25,"turns":4},{"damage":6,"enemies":"Cultist and Chosen","floor":29,"turns":4},{"damage":0,"enemies":"Book of Stabbing","floor":31,"turns":5},{"damage":33,"enemies":"Collector","floor":33,"turns":7},{"damage":6,"enemies":"Orb Walker","floor":35,"turns":3},{"damage":7,"enemies":"3 Darklings","floor":37,"turns":2},{"damage":10,"enemies":"Spire Growth","floor":38,"turns":6},{"damage":9,"enemies":"Nemesis","floor":41,"turns":7},{"damage":6,"enemies":"Maw","floor":44,"turns":8},{"damage":8,"enemies":"Writhing Mass","floor":46,"turns":5},{"damage":35,"enemies":"Awakened One","floor":50,"turns":15}],"seed_played":"2529919303121693538","potions_obtained":[{"floor":3,"key":"SpeedPotion"},{"floor":4,"key":"SpeedPotion"},{"floor":8,"key":"Energy Potion"},{"floor":12,"key":"Poison Potion"},{"floor":13,"key":"SneckoOil"},{"floor":22,"key":"EntropicBrew"},{"floor":25,"key":"SpeedPotion"},{"floor":33,"key":"SkillPotion"},{"floor":38,"key":"Fire Potion"},{"floor":44,"key":"GamblersBrew"},{"floor":46,"key":"SteroidPotion"}],"is_trial":false,"path_per_floor":["M","?","M","M","?","E","R","E","T","$","M","M","E","M","R","B",null,"M","?","M","T","M","E","R","M","T","$","R","M","?","E","R","B",null,"M","?","M","M","?","R","E","R","T","M","$","M","R","$","R","B",null],"character_chosen":"IRONCLAD","items_purchased":["Battle Trance","Pommel Strike","FearPotion","Discovery","True Grit","Armaments","PanicButton","Energy Potion","Corruption","Iron Wave"],"campfire_rested":0,"item_purchase_floors":[10,10,10,27,27,45,45,45,48,48],"current_hp_per_floor":[88,88,88,88,88,67,67,51,51,51,49,57,57,65,65,50,88,88,88,88,88,88,88,88,88,88,88,88,88,72,80,80,55,88,88,88,87,84,84,84,83,83,83,85,85,85,85,85,85,58],"gold":95,"neow_bonus":"TEN_PERCENT_HP_BONUS","is_prod":false,"is_daily":false,"chose_seed":false,"campfire_upgraded":9,"win_rate":1,"timestamp":1555480749,"path_taken":["M","?","?","M","?","E","R","E","T","$","M","?","E","M","R","BOSS","M","?","M","?","M","E","R","M","T","$","R","M","?","E","R","BOSS","M","?","M","?","?","R","E","R","T","M","$","M","R","?","R","BOSS"],"build_version":"2019-01-23","purchased_purges":0,"victory":true,"max_hp_per_floor":[88,88,88,88,88,88,88,88,88,88,88,88,88,88,88,88,88,88,88,88,88,88,88,88,88,88,88,88,88,88,88,88,88,88,88,88,88,88,88,88,88,88,88,88,88,88,88,88,88,88],"card_choices":[{"not_picked":["Warcry","Ghostly Armor"],"picked":"Shrug It Off","floor":1},{"not_picked":["Wild Strike","Warcry"],"picked":"Immolate","floor":3},{"not_picked":["Body Slam","Warcry"],"picked":"Flame Barrier","floor":4},{"not_picked":["Dual Wield","Twin Strike"],"picked":"Carnage","floor":6},{"not_picked":["Headbutt","Intimidate"],"picked":"Inflame","floor":8},{"not_picked":["Entrench","Flame Barrier"],"picked":"Inflame","floor":11},{"not_picked":["Anger","Pommel Strike"],"picked":"Disarm","floor":12},{"not_picked":["Perfected Strike","Burning Pact"],"picked":"Armaments","floor":13},{"not_picked":["Flex","Entrench"],"picked":"Double Tap","floor":14},{"not_picked":["Berserk","Demon Form"],"picked":"Impervious","floor":16},{"not_picked":["Inflame","Body Slam"],"picked":"Combust+1","floor":18},{"not_picked":["Clash","Heavy Blade+1"],"picked":"Iron Wave+1","floor":20},{"not_picked":["Sentinel","Body Slam"],"picked":"Shockwave","floor":22},{"not_picked":["Reckless Charge+1","Flex","Wild Strike"],"picked":"SKIP","floor":23},{"not_picked":["Cleave","Thunderclap","Heavy Blade"],"picked":"SKIP","floor":25},{"not_picked":["Combust","Dual Wield"],"picked":"Metallicize","floor":29},{"not_picked":["Intimidate","Dual Wield"],"picked":"Power Through","floor":31},{"not_picked":["Demon Form","Juggernaut"],"picked":"Offering","floor":33},{"not_picked":["Thunderclap+1","Burning Pact"],"picked":"Warcry","floor":35},{"not_picked":["Uppercut","Pommel Strike+1","Entrench"],"picked":"SKIP","floor":37},{"not_picked":["Clothesline","Wild Strike","Reckless Charge"],"picked":"SKIP","floor":38},{"not_picked":["Body Slam+1","Heavy Blade+1"],"picked":"Ghostly Armor","floor":41},{"not_picked":["Cleave+1","Immolate"],"picked":"Flex+1","floor":44},{"not_picked":["Sword Boomerang+1","Wild Strike+1"],"picked":"True Grit+1","floor":46}],"player_experience":404439,"relics_obtained":[{"floor":6,"key":"Potion Belt"},{"floor":8,"key":"Bottled Lightning"},{"floor":9,"key":"Blood Vial"},{"floor":13,"key":"Darkstone Periapt"},{"floor":21,"key":"Pen Nib"},{"floor":23,"key":"War Paint"},{"floor":26,"key":"Ginger"},{"floor":30,"key":"Nilry\u0027s Codex"},{"floor":31,"key":"Gremlin Horn"},{"floor":41,"key":"Charon\u0027s Ashes"},{"floor":43,"key":"Shuriken"}],"event_choices":[{"damage_healed":0,"gold_gain":0,"player_choice":"2 cards matched","damage_taken":0,"max_hp_gain":0,"max_hp_loss":0,"event_name":"Match and Keep!","floor":2,"gold_loss":0,"cards_obtained":["Enlightenment","Battle Trance"]},{"cards_removed":["Strike_R"],"damage_healed":0,"gold_gain":0,"player_choice":"Purged","damage_taken":0,"max_hp_gain":0,"max_hp_loss":0,"event_name":"Purifier","floor":5,"gold_loss":0},{"cards_removed":["Defend_R"],"damage_healed":0,"gold_gain":0,"player_choice":"Gave Gold","damage_taken":0,"max_hp_gain":0,"max_hp_loss":0,"event_name":"Beggar","floor":19,"gold_loss":75},{"damage_healed":0,"gold_gain":0,"player_choice":"Obtained Book","damage_taken":16,"max_hp_gain":0,"max_hp_loss":0,"event_name":"Cursed Tome","floor":30,"gold_loss":0},{"damage_healed":0,"gold_gain":0,"player_choice":"Forge","damage_taken":0,"max_hp_gain":0,"max_hp_loss":0,"event_name":"Accursed Blacksmith","floor":36,"gold_loss":0,"cards_upgraded":["True Grit"]},{"damage_healed":0,"gold_gain":0,"player_choice":"Gave Potion","damage_taken":0,"relics_obtained":["Boot"],"max_hp_gain":0,"max_hp_loss":0,"event_name":"WeMeetAgain","floor":39,"gold_loss":0}],"is_beta":false,"boss_relics":[{"not_picked":["Fusion Hammer","Astrolabe"],"picked":"Velvet Choker"},{"not_picked":["Calling Bell","Lizard Tail"],"picked":"Runic Pyramid"}],"items_purged_floors":[],"is_endless":false,"potions_floor_spawned":[3,4,8,12,13,22,25,33,38,44,46],"ascension_level":0}