{"gold_per_floor":[110,130,130,150,34,34,44,44,67,67,67,67,80,355,355,454,454,468,743,743,776,93,93,109,126,426,73,73,92,92,123,123,220,220,231,231,52,52,1051,1081,1099,1099,1125,1140,1140,1155,1172,1172,1172,1172],"floor_reached":51,"playtime":2087,"items_purged":["Regret","Regret"],"score":783,"play_id":"0f863892-12f8-4e29-845e-00f0f4acb65f","local_time":"20181105070825","is_ascension_mode":false,"campfire_choices":[{"data":"Defragment","floor":6,"key":"SMITH"},{"data":"White Noise","floor":8,"key":"SMITH"},{"data":"Defragment","floor":12,"key":"SMITH"},{"floor":15,"key":"REST"},{"floor":23,"key":"REST"},{"floor":28,"key":"REST"},{"floor":30,"key":"REST"},{"floor":32,"key":"REST"},{"floor":42,"key":"REST"},{"floor":49,"key":"REST"}],"neow_cost":"NONE","seed_source_timestamp":205885307475542,"circlet_count":0,"master_deck":["Strike_B","Strike_B+1","Defend_B","Defend_B+1","Defend_B","Defend_B","Zap","Dualcast+1","White Noise+1","Conserve Battery","Defragment+1","Ball Lightning","Defragment+1","Ball Lightning","Chaos","Lockon","Electrodynamics","Blizzard+1","Storm+1","Storm","Genetic Algorithm","Ball Lightning+1","Ball Lightning","Redo","Capacitor","Steam Power+1","Static Discharge","Thunder Strike","Ball Lightning","Panache","Enlightenment","Normality","Normality","Conserve Battery+1","Storm+1","Writhe","Leap+1"],"relics":["Cracked Core","NeowsBlessing","Juzu Bracelet","Philosopher\u0027s Stone","Enchiridion","Red Mask","Bottled Tornado","Bag of Preparation","Old Coin","Orichalcum","Whetstone","Fusion Hammer","Question Card","War Paint"],"potions_floor_usage":[16,16,21,33,40,44,47,50],"damage_taken":[{"damage":0,"enemies":"Jaw Worm","floor":1,"turns":1},{"damage":0,"enemies":"Cultist","floor":2,"turns":1},{"damage":0,"enemies":"Small Slimes","floor":4,"turns":1},{"damage":18,"enemies":"Exordium Thugs","floor":7,"turns":4},{"damage":3,"enemies":"Lots of Slimes","floor":13,"turns":3},{"damage":42,"enemies":"Hexaghost","floor":16,"turns":5},{"damage":0,"enemies":"3 Byrds","floor":18,"turns":1},{"damage":52,"enemies":"Masked Bandits","floor":21,"turns":4},{"damage":0,"enemies":"Shell Parasite","floor":24,"turns":1},{"damage":0,"enemies":"Centurion and Healer","floor":25,"turns":2},{"damage":0,"enemies":"3 Cultists","floor":29,"turns":2},{"damage":21,"enemies":"Slavers","floor":31,"turns":2},{"damage":12,"enemies":"Automaton","floor":33,"turns":4},{"damage":7,"enemies":"Orb Walker","floor":35,"turns":2},{"damage":38,"enemies":"Nemesis","floor":40,"turns":3},{"damage":0,"enemies":"3 Shapes","floor":41,"turns":1},{"damage":24,"enemies":"3 Darklings","floor":44,"turns":4},{"damage":7,"enemies":"Writhing Mass","floor":46,"turns":2},{"damage":30,"enemies":"Maw","floor":47,"turns":4},{"damage":37,"enemies":"Awakened One","floor":50,"turns":4}],"seed_played":"5074658520857128773","potions_obtained":[{"floor":4,"key":"Regen Potion"},{"floor":7,"key":"Regen Potion"},{"floor":16,"key":"Energy Potion"},{"floor":24,"key":"FearPotion"},{"floor":25,"key":"EssenceOfSteel"},{"floor":40,"key":"Fire Potion"},{"floor":47,"key":"SkillPotion"}],"is_trial":false,"path_per_floor":["M","M","?","M","$","R","M","R","T","?","?","R","M","?","R","B",null,"M","?","?","?","$","R","M","M","T","$","R","M","R","E","R","B",null,"M","?","$","?","?","E","M","R","T","M","?","M","M","?","R","B",null],"character_chosen":"DEFECT","items_purchased":["Ball Lightning","Defragment","Storm","Bottled Tornado","Bag of Preparation","Genetic Algorithm","PowerPotion","Redo","Capacitor","Orichalcum","Panache"],"campfire_rested":7,"item_purchase_floors":[5,5,22,22,22,22,22,27,27,27,37],"current_hp_per_floor":[75,75,75,75,75,75,57,57,57,57,50,50,47,47,69,54,75,75,75,59,7,7,29,29,29,29,29,51,51,73,52,74,62,75,68,68,68,68,68,30,30,52,52,28,47,40,10,66,66,29],"gold":1172,"neow_bonus":"THREE_ENEMY_KILL","is_prod":false,"is_daily":false,"chose_seed":false,"campfire_upgraded":3,"win_rate":0.0,"timestamp":1541430505,"path_taken":["M","M","?","?","$","R","M","R","T","?","?","R","M","?","R","BOSS","M","?","?","?","$","R","M","M","T","?","R","M","R","E","R","BOSS","M","?","$","?","?","E","M","R","T","M","?","M","M","?","R","BOSS"],"build_version":"2018-11-01","purchased_purges":2,"victory":true,"max_hp_per_floor":[75,75,75,75,75,75,75,75,75,75,75,75,75,75,75,75,75,75,75,75,75,75,75,75,75,75,75,75,75,75,75,75,75,75,75,75,75,75,75,75,75,75,75,75,75,75,75,66,66,66],"card_choices":[{"not_picked":["Sweeping Beam","Skim"],"picked":"White Noise","floor":1},{"not_picked":["Redo","Barrage"],"picked":"Conserve Battery","floor":2},{"not_picked":["Melter","Streamline"],"picked":"Defragment","floor":4},{"not_picked":["Cold Snap","Loop"],"picked":"Ball Lightning","floor":7},{"not_picked":["Consume","Hologram"],"picked":"Lockon","floor":13},{"not_picked":["Reboot","Creative AI"],"picked":"Electrodynamics","floor":16},{"not_picked":["Gash","Compile Driver"],"picked":"Blizzard+1","floor":18},{"not_picked":["Doom and Gloom","Static Discharge"],"picked":"Storm+1","floor":21},{"not_picked":["Gash+1","Hello World"],"picked":"Ball Lightning","floor":24},{"not_picked":["Melter","Rip and Tear+1"],"picked":"Ball Lightning","floor":25},{"not_picked":["Gash","Chaos"],"picked":"Steam Power+1","floor":29},{"not_picked":["Multi-Cast","Barrage"],"picked":"Static Discharge","floor":31},{"not_picked":["Creative AI","Electrodynamics"],"picked":"Thunder Strike","floor":33},{"not_picked":["Stack","Rebound"],"picked":"Ball Lightning","floor":35},{"not_picked":["Mind Blast","Forethought"],"picked":"Enlightenment","floor":38},{"not_picked":["Ball Lightning","Blizzard"],"picked":"Conserve Battery+1","floor":40},{"not_picked":["FTL","Redo","Hologram+1","Rip and Tear"],"picked":"SKIP","floor":41},{"not_picked":["Double Energy+1","Rebound+1","Beam Cell"],"picked":"Storm+1","floor":44},{"not_picked":["Rip and Tear","Gash+1","Reboot","Fusion+1"],"picked":"SKIP","floor":46},{"not_picked":["Streamline+1","Chaos+1","Turbo"],"picked":"Leap+1","floor":47}],"player_experience":17290,"relics_obtained":[{"floor":9,"key":"Juzu Bracelet"},{"floor":20,"key":"Enchiridion"},{"floor":21,"key":"Red Mask"},{"floor":26,"key":"Old Coin"},{"floor":31,"key":"Whetstone"},{"floor":40,"key":"Question Card"},{"floor":43,"key":"War Paint"}],"event_choices":[{"damage_healed":0,"gold_gain":0,"player_choice":"Bought 0 Potions","damage_taken":0,"max_hp_gain":0,"max_hp_loss":0,"event_name":"The Woman in Blue","floor":3,"gold_loss":0},{"damage_healed":0,"gold_gain":0,"cards_transformed":["Strike_B"],"player_choice":"Change","damage_taken":0,"max_hp_gain":0,"max_hp_loss":0,"event_name":"Living Wall","floor":10,"gold_loss":0,"cards_obtained":["Chaos"]},{"damage_healed":0,"gold_gain":0,"player_choice":"Damaged","damage_taken":7,"max_hp_gain":0,"max_hp_loss":0,"event_name":"Wheel of Change","floor":11,"gold_loss":0},{"damage_healed":0,"gold_gain":275,"player_choice":"Desecrate","damage_taken":0,"max_hp_gain":0,"max_hp_loss":0,"event_name":"Golden Shrine","floor":14,"gold_loss":0,"cards_obtained":["Regret"]},{"damage_healed":0,"gold_gain":275,"player_choice":"Desecrate","damage_taken":0,"max_hp_gain":0,"max_hp_loss":0,"event_name":"Golden Shrine","floor":19,"gold_loss":0,"cards_obtained":["Regret"]},{"damage_healed":0,"gold_gain":0,"player_choice":"Obtained Book","damage_taken":16,"max_hp_gain":0,"max_hp_loss":0,"event_name":"Cursed Tome","floor":20,"gold_loss":0},{"damage_healed":0,"gold_gain":0,"player_choice":"Fought Bandits","damage_taken":0,"max_hp_gain":0,"max_hp_loss":0,"event_name":"Masked Bandits","floor":21,"gold_loss":0},{"cards_removed":["Strike_B"],"damage_healed":0,"gold_gain":0,"player_choice":"Removed Attack","damage_taken":0,"max_hp_gain":0,"max_hp_loss":0,"event_name":"Falling","floor":36,"gold_loss":0},{"damage_healed":0,"gold_gain":0,"player_choice":"Memory 1","damage_taken":0,"max_hp_gain":0,"max_hp_loss":0,"event_name":"SensoryStone","floor":38,"gold_loss":0},{"damage_healed":0,"gold_gain":999,"player_choice":"Gold","damage_taken":0,"max_hp_gain":0,"max_hp_loss":0,"event_name":"MindBloom","floor":39,"gold_loss":0,"cards_obtained":["Normality","Normality"]},{"damage_healed":19,"gold_gain":0,"player_choice":"Writhe","damage_taken":0,"max_hp_gain":0,"max_hp_loss":0,"event_name":"Winding Halls","floor":45,"gold_loss":0,"cards_obtained":["Writhe"]},{"damage_healed":66,"gold_gain":0,"player_choice":"Heal","damage_taken":0,"max_hp_gain":0,"max_hp_loss":9,"event_name":"The Moai Head","floor":48,"gold_loss":0}],"is_beta":false,"boss_relics":[{"not_picked":["Eternal Feather","Runic Dome"],"picked":"Philosopher\u0027s Stone"},{"not_picked":["Runic Pyramid","Empty Cage"],"picked":"Fusion Hammer"}],"items_purged_floors":[22,27],"is_endless":false,"potions_floor_spawned":[4,7,16,24,25,40,47],"ascension_level":0}