{"gold_per_floor":[363,379,317,337,349,349,379,394,394,125,125,137,168,21,21,121,121,135,50,69,69,69,69,83,83,83,109,74,101,115,127,127,231,231,245,92,105,150,150,150,161,191,191,191,191,210,210,228,228,228],"floor_reached":51,"playtime":2777,"items_purged":["Defend_R"],"score":752,"play_id":"d23c1900-72dd-4bd9-a271-ad119671a78b","local_time":"20190409214804","is_ascension_mode":false,"campfire_choices":[{"data":"Bash","floor":6,"key":"SMITH"},{"data":"Enlightenment","floor":11,"key":"SMITH"},{"data":"Carnage","floor":15,"key":"SMITH"},{"data":"Limit Break","floor":23,"key":"SMITH"},{"data":"Blind","floor":25,"key":"SMITH"},{"data":"Shockwave","floor":32,"key":"SMITH"},{"data":"Offering","floor":40,"key":"SMITH"},{"data":"Demon Form","floor":45,"key":"SMITH"},{"data":"Armaments","floor":47,"key":"SMITH"},{"floor":49,"key":"REST"}],"neow_cost":"PERCENT_DAMAGE","seed_source_timestamp":371588371334300,"circlet_count":0,"master_deck":["Strike_R","Strike_R","Strike_R","Strike_R","Defend_R","Defend_R","Defend_R","Bash+1","Clash","Shrug It Off","Armaments","Shrug It Off","Carnage+1","Inflame","Armaments+1","Enlightenment+1","Juggernaut","Feel No Pain","Blind+1","Headbutt","Limit Break+1","Flame Barrier","Shockwave+1","Battle Trance","Feel No Pain","Anger+1","Clothesline","Offering+1","Demon Form+1","Shrug It Off","PanicButton","Exhume","Sentinel","Flame Barrier"],"relics":["Burning Blood","Gambling Chip","Shuriken","Dodecahedron","Oddly Smooth Stone","Sozu","Mercury Hourglass","Torii","Paper Frog","Question Card","Busted Crown","Ice Cream","Potion Belt","Magic Flower"],"potions_floor_usage":[7,50,50],"damage_taken":[{"damage":0,"enemies":"Small Slimes","floor":1,"turns":3},{"damage":1,"enemies":"Cultist","floor":2,"turns":4},{"damage":0,"enemies":"2 Louse","floor":4,"turns":3},{"damage":8,"enemies":"Exordium Thugs","floor":5,"turns":6},{"damage":14,"enemies":"Gremlin Nob","floor":7,"turns":4},{"damage":2,"enemies":"Looter","floor":8,"turns":3},{"damage":8,"enemies":"Gremlin Gang","floor":12,"turns":5},{"damage":13,"enemies":"Lagavulin","floor":13,"turns":5},{"damage":29,"enemies":"Slime Boss","floor":16,"turns":7},{"damage":0,"enemies":"3 Byrds","floor":18,"turns":5},{"damage":4,"enemies":"Spheric Guardian","floor":20,"turns":3},{"damage":8,"enemies":"Snecko","floor":24,"turns":3},{"damage":1,"enemies":"Gremlin Leader","floor":27,"turns":5},{"damage":1,"enemies":"Slavers","floor":29,"turns":5},{"damage":0,"enemies":"Snake Plant","floor":30,"turns":1},{"damage":2,"enemies":"3 Cultists","floor":31,"turns":4},{"damage":40,"enemies":"Collector","floor":33,"turns":8},{"damage":6,"enemies":"3 Shapes","floor":35,"turns":2},{"damage":1,"enemies":"Orb Walker","floor":37,"turns":2},{"damage":33,"enemies":"2 Orb Walkers","floor":38,"turns":5},{"damage":6,"enemies":"4 Shapes","floor":41,"turns":5},{"damage":6,"enemies":"Nemesis","floor":42,"turns":6},{"damage":6,"enemies":"Transient","floor":46,"turns":5},{"damage":19,"enemies":"Spire Growth","floor":48,"turns":4},{"damage":35,"enemies":"Awakened One","floor":50,"turns":10}],"seed_played":"-2343713308629556103","potions_obtained":[{"floor":4,"key":"PowerPotion"},{"floor":7,"key":"BloodPotion"},{"floor":12,"key":"Dexterity Potion"}],"is_trial":false,"path_per_floor":["M","M","?","M","M","R","E","M","T","$","R","M","E","$","R","B",null,"M","?","M","?","?","R","M","R","T","E","$","E","M","M","R","B",null,"M","$","M","?","?","R","M","E","T","?","R","M","R","M","R","B",null],"character_chosen":"IRONCLAD","items_purchased":["Inflame","Armaments","Enlightenment","Blind","Headbutt","Feel No Pain","Demon Form"],"campfire_rested":1,"item_purchase_floors":[10,10,10,14,14,28,36],"current_hp_per_floor":[62,67,67,73,71,71,63,67,67,67,67,65,58,58,58,35,80,80,80,80,80,80,80,78,78,78,80,80,80,80,80,80,46,80,80,80,80,53,53,53,53,53,53,53,53,56,56,46,70,56],"gold":228,"neow_bonus":"TWO_FIFTY_GOLD","is_prod":false,"is_daily":false,"chose_seed":false,"campfire_upgraded":9,"win_rate":1,"timestamp":1554871684,"path_taken":["M","M","?","M","?","R","E","?","T","$","R","M","E","$","R","BOSS","M","?","M","?","?","R","M","R","T","E","$","E","M","M","R","BOSS","M","$","M","?","?","R","M","E","T","?","R","M","R","M","R","BOSS"],"build_version":"2019-01-23","purchased_purges":1,"victory":true,"max_hp_per_floor":[80,80,80,80,80,80,80,80,80,80,80,80,80,80,80,80,80,80,80,80,80,80,80,80,80,80,80,80,80,80,80,80,80,80,80,80,80,80,80,80,80,80,80,80,80,80,80,80,80,80],"card_choices":[{"not_picked":["Infernal Blade","Sword Boomerang"],"picked":"Clash","floor":1},{"not_picked":["Flex","Twin Strike"],"picked":"Shrug It Off","floor":2},{"not_picked":["Infernal Blade","Warcry"],"picked":"Armaments","floor":4},{"not_picked":["Warcry","Cleave"],"picked":"Shrug It Off","floor":5},{"not_picked":["Infernal Blade","Armaments"],"picked":"Carnage","floor":7},{"not_picked":["Wild Strike","Carnage","Cleave"],"picked":"SKIP","floor":8},{"not_picked":["Wild Strike","Carnage","Cleave"],"picked":"SKIP","floor":8},{"not_picked":["Twin Strike","Iron Wave"],"picked":"Juggernaut","floor":12},{"not_picked":["Wild Strike","Power Through"],"picked":"Feel No Pain","floor":13},{"not_picked":["Juggernaut","Barricade"],"picked":"Limit Break","floor":16},{"not_picked":["Cleave","Shrug It Off"],"picked":"Flame Barrier","floor":18},{"not_picked":["Body Slam","Sword Boomerang"],"picked":"Shockwave","floor":20},{"not_picked":["Body Slam","Perfected Strike+1"],"picked":"Battle Trance","floor":24},{"not_picked":["Heavy Blade","Twin Strike","Searing Blow"],"picked":"SKIP","floor":27},{"not_picked":["Body Slam","Havoc"],"picked":"Anger+1","floor":29},{"not_picked":["Clash","Pommel Strike","Heavy Blade"],"picked":"Clothesline","floor":30},{"not_picked":["Thunderclap+1","Perfected Strike","Infernal Blade","Cleave+1"],"picked":"SKIP","floor":31},{"not_picked":["Bludgeon","Impervious","Fiend Fire"],"picked":"Offering","floor":33},{"not_picked":["Evolve+1","Thunderclap"],"picked":"SKIP","floor":35},{"not_picked":["Clothesline"],"picked":"Shrug It Off","floor":37},{"not_picked":["Bandage Up"],"picked":"PanicButton","floor":39},{"not_picked":["Iron Wave","Entrench+1"],"picked":"SKIP","floor":41},{"not_picked":["Metallicize"],"picked":"Exhume","floor":42},{"not_picked":["Feel No Pain","Body Slam"],"picked":"SKIP","floor":46},{"not_picked":["Combust+1"],"picked":"Flame Barrier","floor":48}],"player_experience":250024,"relics_obtained":[{"floor":7,"key":"Shuriken"},{"floor":9,"key":"Dodecahedron"},{"floor":13,"key":"Oddly Smooth Stone"},{"floor":26,"key":"Torii"},{"floor":27,"key":"Paper Frog"},{"floor":29,"key":"Question Card"},{"floor":38,"key":"Ice Cream"},{"floor":42,"key":"Potion Belt"},{"floor":43,"key":"Magic Flower"}],"event_choices":[{"damage_healed":0,"gold_gain":0,"player_choice":"Paid Gold","damage_taken":0,"relics_obtained":["Gambling Chip"],"max_hp_gain":0,"max_hp_loss":0,"event_name":"WeMeetAgain","floor":3,"gold_loss":62},{"damage_healed":0,"gold_gain":0,"player_choice":"Obtained Relic","damage_taken":0,"relics_obtained":["Mercury Hourglass"],"max_hp_gain":0,"max_hp_loss":0,"event_name":"Addict","floor":19,"gold_loss":85},{"damage_healed":0,"gold_gain":0,"player_choice":"Ignored","damage_taken":0,"max_hp_gain":0,"max_hp_loss":0,"event_name":"Ghosts","floor":21,"gold_loss":0},{"damage_healed":0,"gold_gain":0,"player_choice":"Ignored","damage_taken":0,"max_hp_gain":0,"max_hp_loss":0,"event_name":"Beggar","floor":22,"gold_loss":0},{"damage_healed":0,"gold_gain":0,"player_choice":"Fight","damage_taken":0,"max_hp_gain":0,"max_hp_loss":0,"event_name":"Mysterious Sphere","floor":38,"gold_loss":0},{"damage_healed":0,"gold_gain":0,"player_choice":"Memory 1","damage_taken":0,"max_hp_gain":0,"max_hp_loss":0,"event_name":"SensoryStone","floor":39,"gold_loss":0},{"damage_healed":0,"gold_gain":0,"cards_transformed":["Strike_R"],"player_choice":"Transformed","damage_taken":0,"max_hp_gain":0,"max_hp_loss":0,"event_name":"Transmorgrifier","floor":44,"gold_loss":0,"cards_obtained":["Sentinel"]}],"is_beta":false,"boss_relics":[{"not_picked":["Black Blood","Ectoplasm"],"picked":"Sozu"},{"not_picked":["Empty Cage","Orrery"],"picked":"Busted Crown"}],"items_purged_floors":[10],"is_endless":false,"potions_floor_spawned":[4,7,12,20,27,30,31,38,41,42],"ascension_level":0}