{"gold_per_floor":[112,37,37,54,54,86,86,86,86,102,131,131,161,174,174,250,250,264,264,264,264,278,278,304,304,304,322,334,347,347,359,359,359],"floor_reached":33,"playtime":1911,"items_purged":[],"score":691,"play_id":"e919fb6e-9516-49fc-95f2-aaa284638262","local_time":"20190403113032","is_ascension_mode":true,"campfire_choices":[{"data":"Zap","floor":7,"key":"SMITH"},{"floor":12,"key":"REST"},{"data":"Buffer","floor":15,"key":"SMITH"},{"data":"Fission","floor":23,"key":"SMITH"},{"data":"Biased Cognition","floor":25,"key":"SMITH"},{"data":"White Noise","floor":32,"key":"SMITH"}],"neow_cost":"NONE","seed_source_timestamp":96283035384414,"circlet_count":0,"master_deck":["AscendersBane","Zap+1","Buffer+1","Cold Snap","Conserve Battery","Chill","White Noise+1","Cold Snap","Glacier","Biased Cognition+1","Genetic Algorithm","Fission+1","Storm","Hologram","Genetic Algorithm","Genetic Algorithm","Genetic Algorithm","Storm","Machine Learning","Reinforced Body+1","Go for the Eyes+1"],"relics":["Cracked Core","NeowsBlessing","DataDisk","Dodecahedron","Bottled Lightning","Regal Pillow","Meat on the Bone","Pandora\u0027s Box","Incense Burner","Lantern"],"potions_floor_usage":[11,13,24,24,33],"damage_taken":[{"damage":0,"enemies":"Small Slimes","floor":1,"turns":1},{"damage":0,"enemies":"Cultist","floor":4,"turns":1},{"damage":0,"enemies":"3 Sentries","floor":6,"turns":1},{"damage":0,"enemies":"Jaw Worm","floor":10,"turns":3},{"damage":0,"enemies":"Lagavulin","floor":11,"turns":8},{"damage":0,"enemies":"Gremlin Nob","floor":13,"turns":4},{"damage":0,"enemies":"2 Fungi Beasts","floor":14,"turns":4},{"damage":14,"enemies":"Slime Boss","floor":16,"turns":15},{"damage":11,"enemies":"Shell Parasite","floor":18,"turns":6},{"damage":0,"enemies":"Spheric Guardian","floor":22,"turns":4},{"damage":1,"enemies":"Book of Stabbing","floor":24,"turns":5},{"damage":5,"enemies":"Snake Plant","floor":27,"turns":3},{"damage":0,"enemies":"Cultist and Chosen","floor":28,"turns":6},{"damage":0,"enemies":"Snecko","floor":29,"turns":4},{"damage":0,"enemies":"Snake Plant","floor":31,"turns":5},{"damage":62,"enemies":"Collector","floor":33,"turns":14}],"seed_played":"-4887789717213398682","potions_obtained":[{"floor":1,"key":"PowerPotion"},{"floor":10,"key":"Block Potion"},{"floor":16,"key":"AttackPotion"},{"floor":18,"key":"SkillPotion"},{"floor":24,"key":"Energy Potion"},{"floor":29,"key":"FearPotion"}],"is_trial":false,"path_per_floor":["M","?","?","M","?","E","R","?","T","M","E","R","E","M","R","B",null,"M","?","$","?","M","R","E","R","T","M","M","M","?","M","R","B"],"character_chosen":"DEFECT","items_purchased":[],"campfire_rested":1,"item_purchase_floors":[],"current_hp_per_floor":[64,64,64,64,38,38,38,17,17,17,17,53,53,53,53,39,63,52,52,52,52,52,52,51,51,51,46,46,46,46,46,46,0],"gold":359,"neow_bonus":"THREE_ENEMY_KILL","is_prod":false,"is_daily":false,"chose_seed":false,"campfire_upgraded":5,"win_rate":0,"timestamp":1554258632,"path_taken":["M","?","?","?","?","E","R","?","T","M","E","R","E","M","R","BOSS","M","?","$","?","M","R","E","R","T","?","M","M","?","?","R","BOSS"],"build_version":"2019-01-23","purchased_purges":0,"victory":false,"max_hp_per_floor":[71,71,71,71,71,71,71,71,71,71,71,71,71,71,71,71,71,71,71,71,71,71,71,71,71,71,71,71,71,71,71,71,71],"card_choices":[{"not_picked":["Melter","Steam Power","Compile Driver"],"picked":"SKIP","floor":1},{"not_picked":["BootSequence","Hello World"],"picked":"Cold Snap","floor":4},{"not_picked":["Genetic Algorithm","Beam Cell"],"picked":"Conserve Battery","floor":6},{"not_picked":["Compile Driver","Machine Learning"],"picked":"Chill","floor":10},{"not_picked":["Fusion","Multi-Cast"],"picked":"White Noise","floor":11},{"not_picked":["Ball Lightning","Go for the Eyes"],"picked":"Cold Snap","floor":13},{"not_picked":["Ball Lightning","Leap"],"picked":"Glacier","floor":14},{"not_picked":["Buffer","Rainbow"],"picked":"Biased Cognition","floor":16},{"not_picked":["Barrage+1","Stack","Turbo"],"picked":"SKIP","floor":18},{"not_picked":["Rebound","Turbo","Beam Cell"],"picked":"SKIP","floor":22},{"not_picked":["Redo","Tempest"],"picked":"Genetic Algorithm","floor":24},{"not_picked":["Go for the Eyes","Sweeping Beam"],"picked":"Storm","floor":27},{"not_picked":["Rip and Tear","Darkness+1"],"picked":"Machine Learning","floor":28},{"not_picked":["Ball Lightning","Doom and Gloom"],"picked":"Reinforced Body+1","floor":29},{"not_picked":["Steam","Cold Snap"],"picked":"Go for the Eyes+1","floor":31}],"player_experience":452897,"relics_obtained":[{"floor":6,"key":"Dodecahedron"},{"floor":9,"key":"Bottled Lightning"},{"floor":11,"key":"Regal Pillow"},{"floor":13,"key":"Meat on the Bone"},{"floor":24,"key":"Incense Burner"},{"floor":26,"key":"Lantern"}],"event_choices":[{"cards_removed":["Dualcast"],"damage_healed":0,"gold_gain":0,"player_choice":"Card Removal","damage_taken":0,"max_hp_gain":0,"max_hp_loss":0,"event_name":"The Cleric","floor":2,"gold_loss":75},{"damage_healed":0,"gold_gain":0,"player_choice":"1 cards matched","damage_taken":0,"max_hp_gain":0,"max_hp_loss":0,"event_name":"Match and Keep!","floor":3,"gold_loss":0,"cards_obtained":["Buffer"]},{"damage_healed":0,"gold_gain":0,"player_choice":"Success","damage_taken":26,"relics_obtained":["DataDisk"],"max_hp_gain":0,"max_hp_loss":0,"event_name":"Scrap Ooze","floor":5,"gold_loss":0},{"damage_healed":0,"gold_gain":0,"player_choice":"Entered Light","damage_taken":21,"max_hp_gain":0,"max_hp_loss":0,"event_name":"Shining Light","floor":8,"gold_loss":0,"cards_upgraded":["Strike_B","Defend_B"]},{"cards_removed":["Sweeping Beam"],"damage_healed":0,"gold_gain":0,"player_choice":"Elegance","damage_taken":0,"max_hp_gain":0,"max_hp_loss":0,"event_name":"Back to Basics","floor":19,"gold_loss":0},{"damage_healed":0,"gold_gain":0,"player_choice":"Ignored","damage_taken":0,"max_hp_gain":0,"max_hp_loss":0,"event_name":"N\u0027loth","floor":21,"gold_loss":0},{"cards_removed":["Steam Power"],"damage_healed":0,"gold_gain":0,"player_choice":"Purged","damage_taken":0,"max_hp_gain":0,"max_hp_loss":0,"event_name":"Purifier","floor":30,"gold_loss":0}],"is_beta":false,"boss_relics":[{"not_picked":["Calling Bell","White Beast Statue"],"picked":"Pandora\u0027s Box"}],"items_purged_floors":[],"is_endless":false,"potions_floor_spawned":[1,10,16,18,22,24,29],"killed_by":"Collector","ascension_level":17}