{"gold_per_floor":[113,63,75,89,264,264,275,303,303,303,317,335,32,32,32,136,136,148,168,187,187],"floor_reached":21,"playtime":819,"items_purged":["Doubt"],"score":201,"play_id":"f7dd77ec-4c07-4964-9ab7-cf3cad37b683","local_time":"20190415040906","is_ascension_mode":true,"campfire_choices":[{"floor":6,"key":"RECALL"},{"floor":10,"key":"REST"},{"data":"Rainbow","floor":15,"key":"SMITH"}],"neow_cost":"NONE","seed_source_timestamp":264972643308600,"circlet_count":0,"master_deck":["Strike_B","Strike_B","Strike_B","Defend_B","Defend_B","Defend_B","Defend_B","Zap+1","Dualcast","Self Repair","Hologram","Ball Lightning","Steam Power","Cold Snap","Coolheaded","Rainbow+1","Capacitor","Parasite","Biased Cognition","Capacitor","Blizzard"],"relics":["Cracked Core","Ancient Tea Set","PreservedInsect","Cursed Key"],"potions_floor_usage":[7,8,16,16,19,19],"damage_taken":[{"damage":0,"enemies":"Small Slimes","floor":1,"turns":3},{"damage":2,"enemies":"Jaw Worm","floor":3,"turns":3},{"damage":1,"enemies":"Cultist","floor":4,"turns":4},{"damage":0,"enemies":"2 Fungi Beasts","floor":7,"turns":2},{"damage":43,"enemies":"Lagavulin","floor":8,"turns":7},{"damage":13,"enemies":"Blue Slaver","floor":11,"turns":3},{"damage":8,"enemies":"Red Slaver","floor":12,"turns":3},{"damage":20,"enemies":"Slime Boss","floor":16,"turns":9},{"damage":23,"enemies":"2 Thieves","floor":18,"turns":4},{"damage":0,"enemies":"Spheric Guardian","floor":19,"turns":3},{"damage":8,"enemies":"Centurion and Healer","floor":20,"turns":7},{"damage":72,"enemies":"Chosen and Byrds","floor":21,"turns":8}],"seed_played":"-2188479470548465335","potions_obtained":[{"floor":3,"key":"Explosive Potion"},{"floor":7,"key":"Fire Potion"},{"floor":11,"key":"Fire Potion"},{"floor":12,"key":"Strength Potion"},{"floor":16,"key":"FocusPotion"},{"floor":18,"key":"Dexterity Potion"}],"is_trial":false,"path_per_floor":["M","?","M","M","?","R","M","E","T","R","M","M","$","?","R","B",null,"M","M","M","M"],"character_chosen":"DEFECT","items_purchased":["Rainbow","Capacitor"],"campfire_rested":1,"item_purchase_floors":[13,13],"current_hp_per_floor":[75,75,75,75,75,75,75,39,39,61,55,54,54,72,72,59,75,59,66,65,0],"gold":187,"neow_bonus":"UPGRADE_CARD","is_prod":false,"is_daily":false,"chose_seed":false,"campfire_upgraded":1,"win_rate":0,"timestamp":1555326546,"path_taken":["M","?","M","M","?","R","M","E","T","R","M","M","$","?","R","BOSS","M","M","M","M"],"build_version":"2019-01-23","purchased_purges":1,"victory":false,"max_hp_per_floor":[75,75,75,75,75,75,75,75,75,75,75,75,75,75,75,75,75,75,75,75,75],"card_choices":[{"not_picked":["Rebound","Sweeping Beam"],"picked":"Self Repair","floor":1},{"not_picked":["Recycle","Go for the Eyes","Tempest"],"picked":"SKIP","floor":3},{"not_picked":["Gash","Stack"],"picked":"Hologram","floor":4},{"not_picked":["Turbo","Redo"],"picked":"Ball Lightning","floor":7},{"not_picked":["Chill","Conserve Battery"],"picked":"Steam Power","floor":8},{"not_picked":["Static Discharge","Compile Driver"],"picked":"Cold Snap","floor":11},{"not_picked":["Go for the Eyes","Beam Cell"],"picked":"Coolheaded","floor":12},{"not_picked":["Thunder Strike","Core Surge"],"picked":"Biased Cognition","floor":16},{"not_picked":["Barrage+1","Rebound"],"picked":"Capacitor","floor":18},{"not_picked":["Undo+1","Fusion"],"picked":"Blizzard","floor":19},{"not_picked":["Turbo","Go for the Eyes+1","Redo+1"],"picked":"SKIP","floor":20}],"player_experience":115456,"relics_obtained":[{"floor":8,"key":"Ancient Tea Set"},{"floor":9,"key":"PreservedInsect"}],"event_choices":[{"cards_removed":["Strike_B"],"damage_healed":0,"gold_gain":0,"player_choice":"Card Removal","damage_taken":0,"max_hp_gain":0,"max_hp_loss":0,"event_name":"The Cleric","floor":2,"gold_loss":50},{"damage_healed":0,"gold_gain":175,"player_choice":"AGREE","damage_taken":0,"max_hp_gain":0,"max_hp_loss":0,"event_name":"Liars Game","floor":5,"gold_loss":0,"cards_obtained":["Doubt"]},{"damage_healed":18,"gold_gain":0,"player_choice":"Healed and dodged fight","damage_taken":0,"max_hp_gain":0,"max_hp_loss":0,"event_name":"Mushrooms","floor":14,"gold_loss":0,"cards_obtained":["Parasite"]}],"is_beta":false,"boss_relics":[{"not_picked":["Pandora\u0027s Box","Orrery"],"picked":"Cursed Key"}],"items_purged_floors":[13],"is_endless":false,"potions_floor_spawned":[3,7,11,12,16,18],"killed_by":"Chosen and Byrds","ascension_level":2}