{"gold_per_floor":[112,124,138,118,130,130,142,171,171,171,182,182,182,197,197,274,274,292,65,82,82,82,82,113,113,138,157,157],"floor_reached":28,"playtime":2629,"items_purged":[],"score":432,"play_id":"92e3e701-c72d-4ec5-a5f8-5edef76b6f82","local_time":"20190330064349","is_ascension_mode":true,"campfire_choices":[{"floor":6,"key":"REST"},{"floor":10,"key":"REST"},{"floor":15,"key":"REST"},{"data":"Zap","floor":23,"key":"SMITH"},{"floor":25,"key":"REST"}],"neow_cost":"PERCENT_DAMAGE","seed_source_timestamp":35990915152694,"circlet_count":0,"master_deck":["AscendersBane","Strike_B","Strike_B","Strike_B","Strike_B","Defend_B","Defend_B","Defend_B","Defend_B","Zap+1","Dualcast","Go for the Eyes","Machine Learning","Self Repair","Defragment+1","Undo","Genetic Algorithm","Ball Lightning","BootSequence","Core Surge","Writhe","Conserve Battery"],"relics":["Cracked Core","Bag of Preparation","Sundial","Juzu Bracelet","Cursed Key","Membership Card","Calipers"],"potions_floor_usage":[5,8,16,20,24,28,28],"damage_taken":[{"damage":4,"enemies":"Jaw Worm","floor":1,"turns":4},{"damage":5,"enemies":"Cultist","floor":2,"turns":4},{"damage":3,"enemies":"2 Louse","floor":3,"turns":3},{"damage":31,"enemies":"Gremlin Gang","floor":5,"turns":8},{"damage":17,"enemies":"Blue Slaver","floor":7,"turns":4},{"damage":36,"enemies":"Gremlin Nob","floor":8,"turns":5},{"damage":29,"enemies":"Exordium Wildlife","floor":11,"turns":6},{"damage":0,"enemies":"2 Fungi Beasts","floor":14,"turns":4},{"damage":18,"enemies":"The Guardian","floor":16,"turns":11},{"damage":16,"enemies":"Shell Parasite","floor":18,"turns":4},{"damage":17,"enemies":"3 Byrds","floor":20,"turns":5},{"damage":24,"enemies":"Slavers","floor":24,"turns":6},{"damage":23,"enemies":"Snake Plant","floor":27,"turns":5},{"damage":42,"enemies":"Gremlin Leader","floor":28,"turns":4}],"seed_played":"-8711641408948550994","potions_obtained":[{"floor":2,"key":"EssenceOfSteel"},{"floor":4,"key":"SteroidPotion"},{"floor":11,"key":"GamblersBrew"},{"floor":16,"key":"SteroidPotion"},{"floor":18,"key":"SkillPotion"},{"floor":20,"key":"Fire Potion"},{"floor":24,"key":"FocusPotion"},{"floor":27,"key":"PowerPotion"}],"is_trial":false,"path_per_floor":["M","M","M","?","M","R","M","E","T","R","M","?","?","M","R","B",null,"M","$","M","$","?","R","E","R","T","M","E"],"character_chosen":"DEFECT","items_purchased":["Membership Card"],"campfire_rested":4,"item_purchase_floors":[19],"current_hp_per_floor":[56,51,48,48,24,49,39,10,10,35,6,6,6,13,38,27,71,62,62,52,52,52,52,28,53,53,37,0],"gold":157,"neow_bonus":"TWENTY_PERCENT_HP_BONUS","is_prod":false,"is_daily":false,"chose_seed":false,"campfire_upgraded":1,"win_rate":0,"timestamp":1553895829,"path_taken":["M","M","M","?","M","R","M","E","T","R","?","?","?","M","R","BOSS","M","$","M","$","?","R","E","R","T","M","E"],"build_version":"2019-01-23","purchased_purges":0,"victory":false,"max_hp_per_floor":[85,85,85,85,85,85,85,85,85,85,85,85,85,85,85,85,85,85,85,85,85,85,85,85,85,85,85,85],"card_choices":[{"not_picked":["Leap","Double Energy"],"picked":"Go for the Eyes","floor":1},{"not_picked":["Steam","Reprogram"],"picked":"Machine Learning","floor":2},{"not_picked":["Turbo","Chaos"],"picked":"Self Repair","floor":3},{"not_picked":["Darkness","Stack"],"picked":"Defragment","floor":5},{"not_picked":["Compile Driver","Stack"],"picked":"Undo","floor":7},{"not_picked":["Stack","Compile Driver"],"picked":"Genetic Algorithm","floor":8},{"not_picked":["Blizzard","Steam"],"picked":"Ball Lightning","floor":11},{"not_picked":["Conserve Battery","Steam"],"picked":"BootSequence","floor":14},{"not_picked":["Meteor Strike","Creative AI"],"picked":"Core Surge","floor":16},{"not_picked":["Streamline","Redo","Lockon"],"picked":"SKIP","floor":18},{"not_picked":["Force Field","Genetic Algorithm","Ball Lightning"],"picked":"SKIP","floor":20},{"not_picked":["Go for the Eyes","Aggregate","Doom and Gloom+1"],"picked":"SKIP","floor":24},{"not_picked":["Turbo","Redo"],"picked":"Conserve Battery","floor":27}],"player_experience":417112,"relics_obtained":[{"floor":8,"key":"Bag of Preparation"},{"floor":9,"key":"Sundial"},{"floor":24,"key":"Calipers"}],"event_choices":[{"damage_healed":0,"gold_gain":0,"player_choice":"Bought 1 Potion","damage_taken":0,"max_hp_gain":0,"max_hp_loss":0,"event_name":"The Woman in Blue","floor":4,"gold_loss":0},{"damage_healed":0,"gold_gain":0,"player_choice":"Searched \u00271\u0027 times","damage_taken":0,"relics_obtained":["Juzu Bracelet"],"max_hp_gain":0,"max_hp_loss":0,"event_name":"Dead Adventurer","floor":12,"gold_loss":0},{"damage_healed":0,"gold_gain":0,"player_choice":"Upgraded","damage_taken":0,"max_hp_gain":0,"max_hp_loss":0,"event_name":"Upgrade Shrine","floor":13,"gold_loss":0,"cards_upgraded":["Defragment"]},{"damage_healed":0,"gold_gain":0,"player_choice":"Ignored","damage_taken":0,"max_hp_gain":0,"max_hp_loss":0,"event_name":"Ghosts","floor":22,"gold_loss":0}],"is_beta":false,"boss_relics":[{"not_picked":["Tiny House","Velvet Choker"],"picked":"Cursed Key"}],"items_purged_floors":[],"is_endless":false,"potions_floor_spawned":[2,11,16,18,20,24,27],"killed_by":"Gremlin Leader","ascension_level":16}