{"gold_per_floor":[360,535,550,566,156,189,189,110,110,110,135,155,169,231,231,329,329,349,254,254,273,291,291,307,307,307,317,349,276,295,144,144,241,241,254,354,372,385,385,385,485,485,509,537,537,555,569,595,595,595],"floor_reached":51,"playtime":2470,"items_purged":["Doubt"],"score":812,"play_id":"374ff78d-b1f9-4177-bc82-05529fe0779a","local_time":"20190418152416","is_ascension_mode":false,"campfire_choices":[{"data":"Blind","floor":7.0,"key":"SMITH"},{"data":"Shockwave","floor":10.0,"key":"SMITH"},{"data":"Disarm","floor":15.0,"key":"SMITH"},{"data":"Clothesline","floor":23.0,"key":"SMITH"},{"data":"Corruption","floor":25.0,"key":"SMITH"},{"data":"Inflame","floor":32.0,"key":"SMITH"},{"data":"Immolate","floor":40,"key":"SMITH"},{"data":"Uppercut","floor":42,"key":"SMITH"},{"floor":45,"key":"REST"},{"floor":49,"key":"REST"}],"neow_cost":"PERCENT_DAMAGE","seed_source_timestamp":533305250707200,"circlet_count":0,"master_deck":["Strike_R","Strike_R","Strike_R","Strike_R+1","Strike_R","Defend_R","Defend_R","Defend_R","Defend_R","Bash","Headbutt","True Grit","Perfected Strike","Shockwave+1","Carnage","Blind+1","Seeing Red","Cleave+1","Sentinel","True Grit","Iron Wave","Clothesline+1","Disarm+1","Anger","Reaper","Shrug It Off","Armaments+1","Carnage+1","Corruption+1","Shrug It Off","Impervious","Inflame+1","True Grit","Spot Weakness","Feel No Pain","Immolate+1","Headbutt","Uppercut+1","Iron Wave+1","Clothesline+1","PanicButton","Blind","Rage+1","Ghostly Armor+1","Parasite","Battle Trance","Spot Weakness+1"],"special_seed":0,"relics":["Burning Blood","Whetstone","Paper Frog","Shovel","Pen Nib","Runic Dome","Gremlin Horn","Nunchaku","Sozu","Magic Flower","Strawberry","Bottled Lightning","Meat on the Bone"],"potions_floor_usage":[],"damage_taken":[{"damage":0.0,"enemies":"2 Louse","floor":1.0,"turns":3.0},{"damage":0.0,"enemies":"Small Slimes","floor":3.0,"turns":4.0},{"damage":4.0,"enemies":"Cultist","floor":4.0,"turns":4.0},{"damage":19.0,"enemies":"Lagavulin","floor":6.0,"turns":6.0},{"damage":5.0,"enemies":"Gremlin Nob","floor":11.0,"turns":3.0},{"damage":2.0,"enemies":"3 Louse","floor":12.0,"turns":2.0},{"damage":0.0,"enemies":"Large Slime","floor":13.0,"turns":5.0},{"damage":7.0,"enemies":"Gremlin Nob","floor":14.0,"turns":3.0},{"damage":15.0,"enemies":"The Guardian","floor":16.0,"turns":12.0},{"damage":9.0,"enemies":"Shell Parasite","floor":18.0,"turns":4.0},{"damage":10.0,"enemies":"Spheric Guardian","floor":21.0,"turns":3.0},{"damage":0.0,"enemies":"Cultist and Chosen","floor":22.0,"turns":6.0},{"damage":7.0,"enemies":"Snecko","floor":24.0,"turns":5.0},{"damage":11.0,"enemies":"Centurion and Healer","floor":27.0,"turns":6.0},{"damage":14.0,"enemies":"Gremlin Leader","floor":28.0,"turns":4.0},{"damage":14.0,"enemies":"Sentry and Sphere","floor":30.0,"turns":6.0},{"damage":61.0,"enemies":"Champ","floor":33.0,"turns":15.0},{"damage":0.0,"enemies":"3 Shapes","floor":35.0,"turns":1.0},{"damage":0,"enemies":"Mind Bloom Boss Battle","floor":36,"turns":8},{"damage":11,"enemies":"3 Darklings","floor":37,"turns":6},{"damage":26,"enemies":"Maw","floor":38,"turns":7},{"damage":39,"enemies":"Giant Head","floor":44,"turns":8},{"damage":0,"enemies":"Transient","floor":46,"turns":5},{"damage":19,"enemies":"Writhing Mass","floor":47,"turns":4},{"damage":28,"enemies":"Nemesis","floor":48,"turns":5},{"damage":65,"enemies":"Time Eater","floor":50,"turns":13}],"seed_played":"-8999613683599014071","potions_obtained":[{"floor":4.0,"key":"Strength Potion"},{"floor":11.0,"key":"LiquidBronze"},{"floor":12.0,"key":"SteroidPotion"},{"floor":16.0,"key":"EssenceOfSteel"},{"floor":18.0,"key":"Regen Potion"},{"floor":28.0,"key":"Regen Potion"},{"floor":33.0,"key":"FearPotion"}],"is_trial":false,"path_per_floor":["M","?","M","M","$","E","R","$","T","R","E","M","M","?","R","B",null,"M","$","?","M","M","R","M","R","T","M","E","$","M","$","R","B",null,"M","?","M","M","?","R","?","R","T","E","R","M","M","E","R","B",null],"character_chosen":"IRONCLAD","items_purchased":["Shockwave","Carnage","Blind","Seeing Red","Cleave","True Grit","Iron Wave","Shrug It Off","Armaments","Inflame","Spot Weakness","Feel No Pain"],"campfire_rested":2,"item_purchase_floors":[5,5,5,5,5,8,8,19,19,29,31,31],"current_hp_per_floor":[62,62,68,70,70,57,57,57,57,57,58,62,68,67,67,58,80,80,80,80,80,80,80,79,79,79,80,79,79,71,71,71,68,80,80,80,80,63,53,53,53,53,60,30,56,65,66,65,87,49],"gold":595,"neow_bonus":"TWO_FIFTY_GOLD","is_prod":false,"is_daily":false,"chose_seed":false,"campfire_upgraded":8,"win_rate":1,"timestamp":1555626256,"path_taken":["M","?","M","M","$","E","R","$","T","R","E","M","M","?","R","BOSS","M","$","?","?","M","R","M","R","T","M","E","$","M","$","R","BOSS","M","?","M","M","?","R","?","R","T","E","R","M","M","E","R","BOSS"],"build_version":"2019-01-23","purchased_purges":1,"victory":true,"max_hp_per_floor":[80,80,80,80,80,80,80,80,80,80,80,80,80,80,80,80,80,80,80,80,80,80,80,80,80,80,80,80,80,80,80,80,80,80,80,80,80,80,80,80,80,80,87,87,87,87,87,87,87,87],"card_choices":[{"not_picked":["Sword Boomerang","Rupture"],"picked":"Headbutt","floor":1.0},{"not_picked":["Cleave","Flex"],"picked":"True Grit","floor":3.0},{"not_picked":["Shrug It Off","Brutality"],"picked":"Perfected Strike","floor":4.0},{"not_picked":["Dropkick","Infernal Blade"],"picked":"Sentinel","floor":6.0},{"not_picked":["Wild Strike","Second Wind"],"picked":"Clothesline","floor":11.0},{"not_picked":["Thunderclap","Burning Pact"],"picked":"Disarm","floor":12.0},{"not_picked":["Burning Pact","Wild Strike"],"picked":"Anger","floor":13.0},{"not_picked":["Barricade","Berserk"],"picked":"Reaper","floor":16.0},{"not_picked":["Bloodletting","Body Slam+1","Cleave"],"picked":"SKIP","floor":18.0},{"not_picked":["Infernal Blade","Thunderclap","Rupture"],"picked":"SKIP","floor":21.0},{"not_picked":["Shrug It Off","Perfected Strike"],"picked":"Carnage+1","floor":22.0},{"not_picked":["Blood for Blood+1","Cleave+1"],"picked":"Corruption","floor":24.0},{"not_picked":["Havoc","Rupture"],"picked":"Shrug It Off","floor":27.0},{"not_picked":["Thunderclap","Havoc"],"picked":"Impervious","floor":28.0},{"not_picked":["Pummel","Iron Wave"],"picked":"True Grit","floor":30.0},{"not_picked":["Fiend Fire","Bludgeon"],"picked":"Immolate","floor":33.0},{"not_picked":["Flame Barrier","Entrench+1"],"picked":"Headbutt","floor":35},{"not_picked":["Blood for Blood+1","Perfected Strike"],"picked":"Uppercut","floor":36},{"not_picked":["Intimidate","Metallicize"],"picked":"Iron Wave+1","floor":37},{"not_picked":["Havoc+1","Thunderclap+1"],"picked":"Clothesline+1","floor":38},{"not_picked":["Deep Breath","Panacea"],"picked":"PanicButton","floor":39},{"not_picked":["Mind Blast","Deep Breath"],"picked":"Blind","floor":39},{"not_picked":["Uppercut+1","Anger"],"picked":"Rage+1","floor":44},{"not_picked":["Warcry+1","Thunderclap"],"picked":"Ghostly Armor+1","floor":46},{"not_picked":["Warcry+1","Anger"],"picked":"Battle Trance","floor":47},{"not_picked":["Blood for Blood+1","Iron Wave+1"],"picked":"Spot Weakness+1","floor":48}],"player_experience":440295,"relics_obtained":[{"floor":6.0,"key":"Whetstone"},{"floor":9.0,"key":"Paper Frog"},{"floor":11.0,"key":"Shovel"},{"floor":14.0,"key":"Pen Nib"},{"floor":26.0,"key":"Gremlin Horn"},{"floor":28.0,"key":"Nunchaku"},{"floor":36,"key":"Magic Flower"},{"floor":43,"key":"Strawberry"},{"floor":44,"key":"Bottled Lightning"},{"floor":48,"key":"Meat on the Bone"}],"event_choices":[{"damage_healed":0.0,"max_hp_gain":0.0,"max_hp_loss":0.0,"gold_gain":175.0,"event_name":"Liars Game","player_choice":"AGREE","floor":2.0,"gold_loss":0.0,"damage_taken":0.0,"cards_obtained":["Doubt"]},{"damage_healed":0.0,"max_hp_gain":0.0,"max_hp_loss":0.0,"gold_gain":30.0,"event_name":"Dead Adventurer","player_choice":"Searched \u00273\u0027 times","floor":14.0,"gold_loss":0.0,"damage_taken":0.0},{"damage_healed":0.0,"max_hp_gain":0.0,"max_hp_loss":0.0,"gold_gain":0.0,"event_name":"Accursed Blacksmith","player_choice":"Forge","floor":20.0,"gold_loss":0.0,"damage_taken":0.0,"cards_upgraded":["Armaments"]},{"damage_healed":0,"gold_gain":0,"player_choice":"Fight","damage_taken":0,"max_hp_gain":0,"max_hp_loss":0,"event_name":"MindBloom","floor":36,"gold_loss":0},{"damage_healed":0,"gold_gain":0,"player_choice":"Memory 3","damage_taken":10,"max_hp_gain":0,"max_hp_loss":0,"event_name":"SensoryStone","floor":39,"gold_loss":0},{"damage_healed":0,"gold_gain":100,"player_choice":"Pray","damage_taken":0,"max_hp_gain":0,"max_hp_loss":0,"event_name":"Golden Shrine","floor":41,"gold_loss":0}],"is_beta":false,"boss_relics":[{"not_picked":["Pandora\u0027s Box","Eternal Feather"],"picked":"Runic Dome"},{"not_picked":["Lizard Tail","Empty Cage"],"picked":"Sozu"}],"items_purged_floors":[5],"is_endless":false,"potions_floor_spawned":[4,11,12,16,18,28,33,36,37,46,47,48],"ascension_level":0}