{"gold_per_floor":[117,292,121,221,235,235,251,269,269,269,243,259,259,270,270,270],"floor_reached":16,"playtime":1785,"items_purged":[],"score":92,"play_id":"7d9da13c-4639-42a3-9464-b40d728e05d4","local_time":"20190318194245","is_ascension_mode":false,"campfire_choices":[{"data":"Dropkick","floor":6,"key":"SMITH"},{"data":"Anger","floor":10,"key":"SMITH"},{"data":"Headbutt","floor":15,"key":"SMITH"}],"neow_cost":"","seed_source_timestamp":20622786389307,"circlet_count":0,"master_deck":["Strike_R","Strike_R","Strike_R","Strike_R","Strike_R","Defend_R","Defend_R","Defend_R","Defend_R","Bash","Headbutt+1","Doubt","Dropkick+1","Blind","Anger+1","Warcry","Clothesline"],"relics":["Burning Blood","Mummified Hand"],"potions_floor_usage":[16],"damage_taken":[{"damage":5,"enemies":"2 Louse","floor":1,"turns":3},{"damage":2,"enemies":"Small Slimes","floor":5,"turns":3},{"damage":0,"enemies":"Cultist","floor":7,"turns":3},{"damage":17,"enemies":"3 Louse","floor":8,"turns":6},{"damage":6,"enemies":"Exordium Wildlife","floor":12,"turns":4},{"damage":6,"enemies":"Blue Slaver","floor":14,"turns":4},{"damage":70,"enemies":"The Guardian","floor":16,"turns":10}],"seed_played":"3568537097421131515","potions_obtained":[{"floor":7,"key":"Dexterity Potion"},{"floor":12,"key":"Energy Potion"}],"is_trial":false,"path_per_floor":["?","?","M","?","$"],"character_chosen":"IRONCLAD","items_purchased":["Dropkick","Blind"],"campfire_rested":0,"item_purchase_floors":[3,3],"current_hp_per_floor":[80,80,80,80,80,80,80,69,69,69,69,69,69,69,69,0],"gold":270,"neow_bonus":"","is_prod":false,"is_daily":false,"chose_seed":false,"campfire_upgraded":3,"win_rate":0.0,"timestamp":1552934565,"path_taken":["M","?","$","?","?","R","M","M","T","R","?","M","?","M","R","BOSS"],"build_version":"2019-01-23","purchased_purges":0,"victory":false,"max_hp_per_floor":[80,80,80,80,80,80,80,80,80,80,80,80,80,80,80,80],"card_choices":[{"not_picked":["Armaments","Clothesline"],"picked":"Headbutt","floor":1},{"not_picked":["Shrug It Off","Pommel Strike"],"picked":"Anger","floor":5},{"not_picked":["Searing Blow","Cleave"],"picked":"Warcry","floor":7},{"not_picked":["Fire Breathing","Cleave"],"picked":"Clothesline","floor":8},{"not_picked":["Twin Strike","Cleave","Thunderclap"],"picked":"SKIP","floor":12},{"not_picked":["Carnage","Clothesline","Dropkick"],"picked":"SKIP","floor":14}],"player_experience":0,"relics_obtained":[{"floor":9,"key":"Mummified Hand"}],"event_choices":[{"damage_healed":0,"gold_gain":175,"player_choice":"AGREE","damage_taken":0,"max_hp_gain":0,"max_hp_loss":0,"event_name":"Liars Game","floor":2,"gold_loss":0,"cards_obtained":["Doubt"]},{"damage_healed":0,"gold_gain":100,"player_choice":"Gold","damage_taken":0,"max_hp_gain":0,"max_hp_loss":0,"event_name":"Wheel of Change","floor":4,"gold_loss":0},{"damage_healed":0,"gold_gain":0,"player_choice":"Left Gold","damage_taken":0,"max_hp_gain":0,"max_hp_loss":0,"event_name":"World of Goop","floor":11,"gold_loss":26}],"is_beta":false,"boss_relics":[],"items_purged_floors":[],"is_endless":false,"potions_floor_spawned":[7,12],"killed_by":"The Guardian","ascension_level":0}