{"gold_per_floor":[116,131,131,131,0,0,0,75,75,86,114,114,0,27,27,27],"floor_reached":16,"playtime":553,"items_purged":["Strike_B","Strike_B"],"score":207,"play_id":"5a773c88-db44-444b-85fa-f078a8e5dfd8","local_time":"20190417190336","is_ascension_mode":true,"campfire_choices":[{"data":"Dualcast","floor":6.0,"key":"SMITH"},{"floor":12.0,"key":"REST"},{"floor":15,"key":"REST"}],"neow_cost":"NONE","seed_source_timestamp":33104722524428,"circlet_count":0,"master_deck":["AscendersBane","Strike_B+1","Defend_B","Defend_B","Defend_B","Zap","Dualcast+1","Leap","Cold Snap+1","Steam","Biased Cognition","Cold Snap","Conserve Battery","Loop","Coolheaded"],"special_seed":0,"relics":["Cracked Core","Juzu Bracelet","The Courier","Dream Catcher","Happy Flower"],"potions_floor_usage":[14],"damage_taken":[{"damage":2.0,"enemies":"Jaw Worm","floor":1.0,"turns":3.0},{"damage":2.0,"enemies":"2 Louse","floor":2.0,"turns":3.0},{"damage":0.0,"enemies":"Cultist","floor":10.0,"turns":4.0},{"damage":16.0,"enemies":"Lagavulin","floor":11.0,"turns":7.0},{"damage":15,"enemies":"Gremlin Nob","floor":14,"turns":5},{"damage":40,"enemies":"Hexaghost","floor":16,"turns":10}],"seed_played":"72206995153110452","potions_obtained":[{"floor":1.0,"key":"PowerPotion"}],"is_trial":false,"path_per_floor":["M","M","?","?","$","R","?","?","T","M","E","R","$","E","R","B"],"character_chosen":"DEFECT","items_purchased":["AttackPotion","Loop"],"campfire_rested":2,"item_purchase_floors":[5,13],"current_hp_per_floor":[62,60,60,39,39,39,39,28,28,28,12,33,33,18,39,0],"gold":27,"neow_bonus":"RANDOM_COMMON_RELIC","is_prod":false,"is_daily":false,"chose_seed":false,"campfire_upgraded":1,"win_rate":0,"timestamp":1555495416,"path_taken":["M","M","?","?","?","R","?","?","T","M","E","R","$","E","R","BOSS"],"build_version":"2019-01-23","purchased_purges":2,"victory":false,"max_hp_per_floor":[71,71,71,71,71,71,71,71,71,71,71,71,71,71,71,71],"card_choices":[{"not_picked":["Sunder","Beam Cell"],"picked":"Leap","floor":1.0},{"not_picked":["Turbo","Sweeping Beam"],"picked":"Cold Snap","floor":2.0},{"not_picked":["Stack","Hologram"],"picked":"Biased Cognition","floor":10.0},{"not_picked":["Fission","Stack"],"picked":"Cold Snap","floor":11.0},{"not_picked":["Cold Snap","Melter"],"picked":"Conserve Battery","floor":12.0},{"not_picked":["Aggregate","Beam Cell"],"picked":"Coolheaded","floor":14}],"player_experience":610354,"relics_obtained":[{"floor":9.0,"key":"The Courier"},{"floor":11.0,"key":"Dream Catcher"},{"floor":14,"key":"Happy Flower"}],"event_choices":[{"damage_healed":0.0,"max_hp_gain":0.0,"max_hp_loss":0.0,"gold_gain":0.0,"cards_transformed":["Strike_B"],"event_name":"Living Wall","player_choice":"Change","floor":3.0,"gold_loss":0.0,"damage_taken":0.0,"cards_obtained":["Steam"]},{"damage_healed":0.0,"max_hp_gain":0.0,"max_hp_loss":0.0,"gold_gain":0.0,"event_name":"Shining Light","player_choice":"Entered Light","floor":4.0,"gold_loss":0.0,"damage_taken":21.0,"cards_upgraded":["Cold Snap","Strike_B"]},{"cards_removed":["Defend_B"],"damage_healed":0.0,"max_hp_gain":0.0,"max_hp_loss":0.0,"gold_gain":0.0,"event_name":"Purifier","player_choice":"Purged","floor":7.0,"gold_loss":0.0,"damage_taken":0.0},{"damage_healed":0.0,"max_hp_gain":0.0,"max_hp_loss":0.0,"gold_gain":75.0,"event_name":"World of Goop","player_choice":"Gather Gold","floor":8.0,"gold_loss":0.0,"damage_taken":11.0}],"is_beta":false,"boss_relics":[],"items_purged_floors":[5,13],"is_endless":false,"potions_floor_spawned":[1],"killed_by":"Hexaghost","ascension_level":19}