{"gold_per_floor":[111,36,49,49,124,153,153,185,267,267,299,318,318,346,346,346],"floor_reached":16,"playtime":593,"items_purged":[],"score":287,"play_id":"85284bec-f862-45f1-bd43-94c59bad3ee8","local_time":"20190404154711","is_ascension_mode":true,"campfire_choices":[{"data":"Zap","floor":7,"key":"SMITH"},{"floor":10,"key":"REST"},{"floor":13,"key":"REST"},{"data":"Coolheaded","floor":15,"key":"SMITH"}],"neow_cost":"NONE","seed_source_timestamp":120161562115609,"circlet_count":0,"master_deck":["AscendersBane","Strike_B","Strike_B","Strike_B","Defend_B","Defend_B","Defend_B","Defend_B","Zap+1","Coolheaded+1","Cold Snap","FTL","Genetic Algorithm","Cold Snap","Undo","Leap+1"],"relics":["Cracked Core","NeowsBlessing","Lantern","Gambling Chip","The Courier","Dodecahedron","Toxic Egg 2"],"potions_floor_usage":[8,14],"damage_taken":[{"damage":0,"enemies":"Small Slimes","floor":1,"turns":1},{"damage":0,"enemies":"Jaw Worm","floor":3,"turns":1},{"damage":0,"enemies":"Lagavulin","floor":6,"turns":1},{"damage":26,"enemies":"Gremlin Nob","floor":8,"turns":4},{"damage":16,"enemies":"Lagavulin","floor":11,"turns":9},{"damage":0,"enemies":"2 Louse","floor":12,"turns":2},{"damage":22,"enemies":"Gremlin Nob","floor":14,"turns":6},{"damage":41,"enemies":"Hexaghost","floor":16,"turns":16}],"seed_played":"5754162912393014820","potions_obtained":[{"floor":1,"key":"AttackPotion"},{"floor":3,"key":"FairyPotion"},{"floor":11,"key":"EssenceOfSteel"}],"is_trial":false,"path_per_floor":["M","?","M","?","?","E","R","E","T","R","E","M","R","E","R","B"],"character_chosen":"DEFECT","items_purchased":[],"campfire_rested":2,"item_purchase_floors":[],"current_hp_per_floor":[64,64,64,64,53,53,53,27,27,48,32,32,53,31,31,0],"gold":346,"neow_bonus":"THREE_ENEMY_KILL","is_prod":false,"is_daily":false,"chose_seed":false,"campfire_upgraded":2,"win_rate":0,"timestamp":1554360431,"path_taken":["M","?","M","?","?","E","R","E","T","R","E","M","R","E","R","BOSS"],"build_version":"2019-01-23","purchased_purges":0,"victory":false,"max_hp_per_floor":[71,71,71,71,71,71,71,71,71,71,71,71,71,71,71,71],"card_choices":[{"not_picked":["Darkness","Rebound"],"picked":"Coolheaded","floor":1},{"not_picked":["Steam","Redo"],"picked":"Cold Snap","floor":3},{"not_picked":["Leap","Steam Power"],"picked":"FTL","floor":6},{"not_picked":["Melter","Gash"],"picked":"Genetic Algorithm","floor":8},{"not_picked":["Compile Driver","Reboot"],"picked":"Cold Snap","floor":11},{"not_picked":["Stack","Lockon"],"picked":"Undo","floor":12},{"not_picked":["Amplify","Compile Driver"],"picked":"Leap","floor":14}],"player_experience":470237,"relics_obtained":[{"floor":6,"key":"Lantern"},{"floor":8,"key":"Gambling Chip"},{"floor":9,"key":"The Courier"},{"floor":11,"key":"Dodecahedron"},{"floor":14,"key":"Toxic Egg 2"}],"event_choices":[{"cards_removed":["Strike_B"],"damage_healed":0,"gold_gain":0,"player_choice":"Card Removal","damage_taken":0,"max_hp_gain":0,"max_hp_loss":0,"event_name":"The Cleric","floor":2,"gold_loss":75},{"cards_removed":["Dualcast"],"damage_healed":0,"gold_gain":0,"player_choice":"Forget","damage_taken":0,"max_hp_gain":0,"max_hp_loss":0,"event_name":"Living Wall","floor":4,"gold_loss":0},{"damage_healed":0,"gold_gain":75,"player_choice":"Gather Gold","damage_taken":11,"max_hp_gain":0,"max_hp_loss":0,"event_name":"World of Goop","floor":5,"gold_loss":0}],"is_beta":false,"boss_relics":[],"items_purged_floors":[],"is_endless":false,"potions_floor_spawned":[1,3,11],"killed_by":"Hexaghost","ascension_level":18}