{"gold_per_floor":[10,29,29,39,139,164,164,179,179,199,210,229,229,17,17,114,114,132,38,53,71,71,71,98,109,135,166,166,166,182,208,208,309,309,326,118,118,133,85,118,131,145,145,192,192,227,243,255,255,255],"floor_reached":50,"playtime":6388,"items_purged":[],"score":641,"play_id":"a400663a-2da5-47d9-be60-6c42372b9a88","local_time":"20190404173828","is_ascension_mode":false,"campfire_choices":[{"floor":7,"key":"REST"},{"floor":15,"key":"REST"},{"floor":23,"key":"REST"},{"floor":28,"key":"REST"},{"floor":32,"key":"REST"},{"floor":45,"key":"REST"},{"floor":49,"key":"REST"}],"neow_cost":"NO_GOLD","seed_source_timestamp":22688680474473,"circlet_count":0,"master_deck":["Strike_B","Strike_B","Strike_B","Defend_B","Defend_B","Defend_B","Zap","Steam","Defragment","Go for the Eyes","Steam","Loop","Glacier","Leap","Iron Wave","Coolheaded","Ball Lightning","Buffer","Electrodynamics","Go for the Eyes","Flash of Steel","Steam","Ball Lightning","Force Field","Machine Learning","Cold Snap","Go for the Eyes+1","Rainbow","All For One+1","Rip and Tear+1","Reboot+1","FTL+1","Self Repair","FTL","Flash of Steel","Leap+1","Cold Snap","Coolheaded","Force Field+1","Steam","BootSequence","Reprogram+1","Conserve Battery","Barrage+1"],"relics":["Cracked Core","Bottled Lightning","Bird Faced Urn","Fusion Hammer","WingedGreaves","PreservedInsect","Anchor","Nunchaku","Astrolabe","Juzu Bracelet","Ginger","FossilizedHelix","Incense Burner"],"potions_floor_usage":[16,16,18,30,30,35,41,44,50,50],"damage_taken":[{"damage":1,"enemies":"Cultist","floor":1,"turns":4},{"damage":6,"enemies":"Jaw Worm","floor":2,"turns":2},{"damage":2,"enemies":"Small Slimes","floor":4,"turns":3},{"damage":75,"enemies":"Gremlin Nob","floor":6,"turns":6},{"damage":8,"enemies":"Red Slaver","floor":8,"turns":4},{"damage":2,"enemies":"Large Slime","floor":10,"turns":6},{"damage":12,"enemies":"Exordium Thugs","floor":11,"turns":5},{"damage":0,"enemies":"2 Fungi Beasts","floor":12,"turns":5},{"damage":33,"enemies":"Slime Boss","floor":16,"turns":11},{"damage":0,"enemies":"2 Thieves","floor":18,"turns":5},{"damage":8,"enemies":"Chosen","floor":20,"turns":5},{"damage":17,"enemies":"Snake Plant","floor":21,"turns":5},{"damage":20,"enemies":"Book of Stabbing","floor":24,"turns":8},{"damage":1,"enemies":"Cultist and Chosen","floor":25,"turns":4},{"damage":24,"enemies":"Gremlin Leader","floor":27,"turns":5},{"damage":24,"enemies":"3 Cultists","floor":30,"turns":4},{"damage":6,"enemies":"Slavers","floor":31,"turns":3},{"damage":73,"enemies":"Champ","floor":33,"turns":18},{"damage":12,"enemies":"3 Darklings","floor":35,"turns":7},{"damage":0,"enemies":"Orb Walker","floor":38,"turns":3},{"damage":7,"enemies":"Giant Head","floor":40,"turns":11},{"damage":14,"enemies":"3 Darklings","floor":41,"turns":5},{"damage":40,"enemies":"4 Shapes","floor":42,"turns":8},{"damage":39,"enemies":"2 Orb Walkers","floor":44,"turns":7},{"damage":0,"enemies":"Nemesis","floor":46,"turns":5},{"damage":13,"enemies":"Spire Growth","floor":47,"turns":8},{"damage":16,"enemies":"Jaw Worm Horde","floor":48,"turns":7},{"damage":96,"enemies":"Time Eater","floor":50,"turns":18}],"seed_played":"3211431448025756744","potions_obtained":[{"floor":1,"key":"Energy Potion"},{"floor":4,"key":"EssenceOfSteel"},{"floor":8,"key":"SkillPotion"},{"floor":21,"key":"Explosive Potion"},{"floor":24,"key":"SpeedPotion"},{"floor":27,"key":"Swift Potion"},{"floor":29,"key":"SneckoOil"},{"floor":40,"key":"Energy Potion"},{"floor":42,"key":"SkillPotion"},{"floor":46,"key":"Swift Potion"},{"floor":48,"key":"Block Potion"}],"is_trial":false,"path_per_floor":["?","M","?","$","$","?","?","M","?","$","?"],"character_chosen":"DEFECT","items_purchased":["Coolheaded","Ball Lightning","Buffer","Flash of Steel","Self Repair","FTL","Flash of Steel","Cold Snap"],"campfire_rested":7,"item_purchase_floors":[14,14,14,19,36,36,36,39],"current_hp_per_floor":[88,82,82,80,80,5,31,23,23,23,15,19,19,19,45,18,89,89,89,81,72,72,89,77,82,82,65,89,89,67,65,89,17,89,84,84,84,89,89,89,79,56,56,34,60,66,72,75,89,0],"gold":255,"neow_bonus":"TWENTY_PERCENT_HP_BONUS","is_prod":false,"is_daily":false,"chose_seed":false,"campfire_upgraded":0,"win_rate":0.0,"timestamp":1554392308,"path_taken":["M","M","$","M","?","E","R","M","T","?","M","M","?","?","R","BOSS","M","?","M","M","?","R","E","M","T","E","R","?","?","E","R","BOSS","M","$","?","M","?","E","M","M","T","?","R","E","M","M","R","BOSS"],"build_version":"2019-01-23","purchased_purges":0,"victory":false,"max_hp_per_floor":[89,89,89,89,89,89,89,89,89,89,89,89,89,89,89,89,89,89,89,89,89,89,89,89,89,89,89,89,89,89,89,89,89,89,89,89,89,89,89,89,89,89,89,89,89,89,89,89,89,89],"card_choices":[{"not_picked":["Loop","Barrage"],"picked":"Redo","floor":1},{"not_picked":["Lockon","Consume"],"picked":"Steam","floor":2},{"not_picked":["Coolheaded","Capacitor"],"picked":"Defragment","floor":4},{"not_picked":["Rebound","Coolheaded"],"picked":"Go for the Eyes","floor":6},{"not_picked":["Leap","Reboot"],"picked":"Steam","floor":8},{"not_picked":["Scrape","Blizzard"],"picked":"Loop","floor":10},{"not_picked":["Barrage","Fusion"],"picked":"Glacier","floor":11},{"not_picked":["Genetic Algorithm","Gash"],"picked":"Leap","floor":12},{"not_picked":["Rainbow","Meteor Strike"],"picked":"Electrodynamics","floor":16},{"not_picked":["BootSequence","Stack"],"picked":"Go for the Eyes","floor":18},{"not_picked":["Skim","Leap"],"picked":"Steam","floor":20},{"not_picked":["Beam Cell","Melter"],"picked":"Ball Lightning","floor":21},{"not_picked":["Hologram","Gash+1"],"picked":"Force Field","floor":24},{"not_picked":["Rebound","Hologram"],"picked":"Conserve Battery","floor":25},{"not_picked":["Blizzard","Beam Cell+1"],"picked":"Machine Learning","floor":27},{"not_picked":["Doom and Gloom+1","Darkness+1"],"picked":"Cold Snap","floor":30},{"not_picked":["Seek","Doom and Gloom"],"picked":"Go for the Eyes+1","floor":31},{"not_picked":["Fission","Seek"],"picked":"Rainbow","floor":33},{"not_picked":["Beam Cell+1","Stack+1"],"picked":"FTL+1","floor":35},{"not_picked":["Fusion","Compile Driver+1"],"picked":"Leap+1","floor":38},{"not_picked":["Ball Lightning+1","Heatsinks"],"picked":"Coolheaded","floor":40},{"not_picked":["Static Discharge","Sweeping Beam"],"picked":"Force Field+1","floor":41},{"not_picked":["Rainbow","Self Repair"],"picked":"Steam","floor":42},{"not_picked":["Turbo","Melter+1"],"picked":"BootSequence","floor":44},{"not_picked":["Ball Lightning","Sweeping Beam"],"picked":"Reprogram+1","floor":46},{"not_picked":["Leap+1","Rebound"],"picked":"Conserve Battery","floor":47},{"not_picked":["Beam Cell","Gash"],"picked":"Barrage+1","floor":48}],"player_experience":33661,"relics_obtained":[{"floor":6,"key":"Bottled Lightning"},{"floor":9,"key":"Bird Faced Urn"},{"floor":24,"key":"WingedGreaves"},{"floor":26,"key":"PreservedInsect"},{"floor":27,"key":"Anchor"},{"floor":31,"key":"Nunchaku"},{"floor":40,"key":"Juzu Bracelet"},{"floor":43,"key":"Ginger"},{"floor":44,"key":"FossilizedHelix"},{"floor":46,"key":"Incense Burner"}],"event_choices":[{"damage_healed":0,"gold_gain":100,"player_choice":"Pray","damage_taken":0,"max_hp_gain":0,"max_hp_loss":0,"event_name":"Golden Shrine","floor":5,"gold_loss":0},{"cards_removed":["Dualcast"],"damage_healed":0,"gold_gain":0,"player_choice":"Took Card","damage_taken":0,"max_hp_gain":0,"max_hp_loss":0,"event_name":"NoteForYourself","floor":13,"gold_loss":0,"cards_obtained":["Iron Wave"]},{"damage_healed":0,"gold_gain":0,"player_choice":"Ignored","damage_taken":0,"max_hp_gain":0,"max_hp_loss":0,"event_name":"Vampires","floor":22,"gold_loss":0},{"damage_healed":0,"gold_gain":0,"player_choice":"Got Potions","damage_taken":0,"max_hp_gain":0,"max_hp_loss":0,"event_name":"Lab","floor":29,"gold_loss":0},{"cards_removed":["Conserve Battery"],"damage_healed":0,"gold_gain":0,"player_choice":"Removed Skill","damage_taken":0,"max_hp_gain":0,"max_hp_loss":0,"event_name":"Falling","floor":37,"gold_loss":0},{"damage_healed":0,"gold_gain":0,"player_choice":"Fight","damage_taken":0,"max_hp_gain":0,"max_hp_loss":0,"event_name":"Mysterious Sphere","floor":44,"gold_loss":0}],"is_beta":false,"boss_relics":[{"not_picked":["Cursed Key","Snecko Eye"],"picked":"Fusion Hammer"},{"not_picked":["White Beast Statue","Black Star"],"picked":"Astrolabe"}],"items_purged_floors":[],"is_endless":false,"potions_floor_spawned":[1,4,8,21,24,27,40,42,46,48],"killed_by":"Time Eater","ascension_level":0}