{"gold_per_floor":[114,114,130,150,150,150,167,198,275,291,307,307,324,342,342,342],"floor_reached":16,"playtime":390,"items_purged":[],"score":122,"play_id":"5d8eadc3-694e-4a7f-bf3c-7952d1d50ca6","local_time":"20190416202657","is_ascension_mode":true,"campfire_choices":[{"data":"Zap","floor":6,"key":"SMITH"},{"floor":15,"key":"REST"}],"neow_cost":"NONE","seed_source_timestamp":436474930084128,"circlet_count":0,"master_deck":["Strike_B","Strike_B+1","Strike_B+1","Strike_B","Defend_B","Defend_B","Defend_B","Defend_B","Zap+1","Dualcast","Redo","Chill","Coolheaded","Glacier","Steam","Streamline","Echo Form","Auto Shields","Coolheaded","Coolheaded","Self Repair","Cold Snap"],"relics":["Cracked Core","NeowsBlessing","Prayer Wheel","Letter Opener"],"potions_floor_usage":[16,16],"damage_taken":[{"damage":0,"enemies":"2 Louse","floor":1,"turns":1},{"damage":0,"enemies":"Small Slimes","floor":3,"turns":1},{"damage":0,"enemies":"Jaw Worm","floor":4,"turns":1},{"damage":4,"enemies":"Exordium Wildlife","floor":7,"turns":5},{"damage":38,"enemies":"Gremlin Nob","floor":8,"turns":6},{"damage":2,"enemies":"2 Fungi Beasts","floor":10,"turns":4},{"damage":11,"enemies":"Looter","floor":11,"turns":4},{"damage":0,"enemies":"3 Louse","floor":13,"turns":3},{"damage":0,"enemies":"Exordium Thugs","floor":14,"turns":6},{"damage":34,"enemies":"The Guardian","floor":16,"turns":8}],"seed_played":"-5737209406885044604","potions_obtained":[{"floor":1,"key":"Weak Potion"},{"floor":7,"key":"AttackPotion"},{"floor":8,"key":"SteroidPotion"}],"is_trial":false,"path_per_floor":["M","?","M","M","?","R","M","E","T","M","M","?","M","M","R","B"],"character_chosen":"DEFECT","items_purchased":[],"campfire_rested":1,"item_purchase_floors":[],"current_hp_per_floor":[75,60,60,60,60,60,56,18,18,16,5,5,5,12,34,0],"gold":342,"neow_bonus":"THREE_ENEMY_KILL","is_prod":false,"is_daily":false,"chose_seed":false,"campfire_upgraded":1,"win_rate":0,"timestamp":1555464417,"path_taken":["M","?","M","M","?","R","M","E","T","M","M","?","M","M","R","BOSS"],"build_version":"2019-01-23","purchased_purges":0,"victory":false,"max_hp_per_floor":[75,75,75,75,75,75,75,75,75,75,75,75,75,75,75,75],"card_choices":[{"not_picked":["Steam Power","Rebound"],"picked":"Redo","floor":1},{"not_picked":["Sunder","Turbo"],"picked":"Chill","floor":3},{"not_picked":["Gash","Sunder"],"picked":"Coolheaded","floor":4},{"not_picked":["Coolheaded","Leap"],"picked":"Glacier","floor":7},{"not_picked":["Barrage","Reinforced Body"],"picked":"Steam","floor":8},{"not_picked":["Aggregate","Compile Driver"],"picked":"Streamline","floor":10},{"not_picked":["Melter","Stack"],"picked":"Echo Form","floor":10},{"not_picked":["Doom and Gloom","White Noise"],"picked":"Auto Shields","floor":11},{"not_picked":["Stack","Aggregate"],"picked":"Coolheaded","floor":11},{"not_picked":["Redo","Creative AI"],"picked":"Coolheaded","floor":13},{"not_picked":["Leap","Beam Cell"],"picked":"Self Repair","floor":13},{"not_picked":["Barrage","Reprogram"],"picked":"Cold Snap","floor":14},{"not_picked":["Redo","Storm","Beam Cell"],"picked":"SKIP","floor":14}],"player_experience":197345,"relics_obtained":[{"floor":8,"key":"Prayer Wheel"},{"floor":9,"key":"Letter Opener"}],"event_choices":[{"damage_healed":0,"gold_gain":0,"player_choice":"Entered Light","damage_taken":15,"max_hp_gain":0,"max_hp_loss":0,"event_name":"Shining Light","floor":2,"gold_loss":0,"cards_upgraded":["Strike_B","Strike_B"]},{"damage_healed":0,"gold_gain":0,"player_choice":"Ignored","damage_taken":0,"max_hp_gain":0,"max_hp_loss":0,"event_name":"Liars Game","floor":5,"gold_loss":0},{"damage_healed":0,"gold_gain":0,"player_choice":"Searched \u00270\u0027 times","damage_taken":0,"max_hp_gain":0,"max_hp_loss":0,"event_name":"Dead Adventurer","floor":12,"gold_loss":0}],"is_beta":false,"boss_relics":[],"items_purged_floors":[],"is_endless":false,"potions_floor_spawned":[1,7,8,10,14],"killed_by":"The Guardian","ascension_level":3}