{"gold_per_floor":[115,115,190,210,225,290,9,32,32,46,46,62,91,105,105,203,203,218,230,230,246,262,262,289,289,312,330,330,240,253,271,271,271],"floor_reached":33,"playtime":2216,"items_purged":["Strike_B"],"score":309,"play_id":"e0148b31-214a-4f13-ae83-02546552f1bb","local_time":"20181231014132","is_ascension_mode":true,"campfire_choices":[{"floor":11,"key":"REST"},{"floor":15,"key":"REST"},{"floor":23,"key":"REST"},{"floor":25,"key":"REST"},{"floor":28,"key":"REST"},{"data":"Skim","floor":32,"key":"SMITH"}],"neow_cost":"PERCENT_DAMAGE","seed_source_timestamp":255017117416058,"circlet_count":0,"master_deck":["Defend_B","Defend_B","Defend_B","Zap","Dualcast","BootSequence","Amplify","Coolheaded","Compile Driver+1","Conserve Battery","Self Repair","Skim+1","Turbo","Ball Lightning+1","Heatsinks","Ball Lightning","Compile Driver","Compile Driver","Electrodynamics","Thunder Strike+1","Storm+1","Ball Lightning+1","Loop","Conserve Battery","Chaos+1","Static Discharge+1","Reinforced Body","Double Energy+1","Self Repair"],"relics":["Cracked Core","WingedGreaves","Tiny Chest","Whetstone","Torii","Pantograph","Astrolabe","Mercury Hourglass","StoneCalendar","Smiling Mask"],"potions_floor_usage":[6,6,16,21,24,24,31],"damage_taken":[{"damage":0,"enemies":"2 Louse","floor":1,"turns":3},{"damage":0,"enemies":"Jaw Worm","floor":4,"turns":3},{"damage":1,"enemies":"Cultist","floor":5,"turns":4},{"damage":8,"enemies":"3 Sentries","floor":6,"turns":6},{"damage":7,"enemies":"Red Slaver","floor":10,"turns":3},{"damage":14,"enemies":"Lots of Slimes","floor":12,"turns":4},{"damage":34,"enemies":"Gremlin Nob","floor":13,"turns":4},{"damage":1,"enemies":"Blue Slaver","floor":14,"turns":3},{"damage":42,"enemies":"The Guardian","floor":16,"turns":11},{"damage":1,"enemies":"Chosen","floor":18,"turns":3},{"damage":18,"enemies":"2 Thieves","floor":19,"turns":4},{"damage":33,"enemies":"Shelled Parasite and Fungi","floor":21,"turns":5},{"damage":0,"enemies":"3 Cultists","floor":22,"turns":2},{"damage":32,"enemies":"Slavers","floor":24,"turns":3},{"damage":17,"enemies":"Centurion and Healer","floor":27,"turns":6},{"damage":0,"enemies":"Cultist and Chosen","floor":30,"turns":4},{"damage":0,"enemies":"3 Cultists","floor":31,"turns":3},{"damage":90,"enemies":"Champ","floor":33,"turns":12}],"seed_played":"-7957958341285035954","potions_obtained":[{"floor":1,"key":"PowerPotion"},{"floor":5,"key":"PowerPotion"},{"floor":14,"key":"SpeedPotion"},{"floor":16,"key":"Regen Potion"},{"floor":21,"key":"LiquidBronze"},{"floor":22,"key":"EssenceOfSteel"},{"floor":30,"key":"SkillPotion"}],"is_trial":false,"path_per_floor":["M","?","?","M","M","E","$","T","T","M","R","M","E","M","R","B",null,"M","M","T","M","M","R","E","R","T","M","R","?","M","M","R","B"],"character_chosen":"DEFECT","items_purchased":["Self Repair","Skim","Turbo","Ball Lightning"],"campfire_rested":5,"item_purchase_floors":[7,7,7,7],"current_hp_per_floor":[54,54,43,43,42,34,34,34,34,34,56,49,22,35,57,40,75,74,56,56,35,42,64,32,54,54,44,66,66,73,73,73,0],"gold":271,"neow_bonus":"ONE_RARE_RELIC","is_prod":false,"is_daily":false,"chose_seed":false,"campfire_upgraded":1,"win_rate":0,"timestamp":1546249292,"path_taken":["M","?","?","M","M","E","?","?","T","M","R","M","E","?","R","BOSS","M","M","?","?","M","R","E","R","T","M","R","?","?","M","R","BOSS"],"build_version":"2018-12-20","purchased_purges":1,"victory":false,"max_hp_per_floor":[75,75,75,75,75,75,75,75,75,75,75,75,75,75,75,75,75,75,75,75,75,75,75,75,75,75,75,75,75,75,75,75,75],"card_choices":[{"not_picked":["Double Energy","Stack"],"picked":"BootSequence","floor":1},{"not_picked":["BootSequence","Cold Snap"],"picked":"Coolheaded","floor":4},{"not_picked":["Go for the Eyes","Hologram"],"picked":"Compile Driver","floor":5},{"not_picked":["Cold Snap","Consume"],"picked":"Conserve Battery","floor":6},{"not_picked":["Sweeping Beam","Seek"],"picked":"Heatsinks","floor":10},{"not_picked":["Glacier","Gash"],"picked":"Ball Lightning","floor":12},{"not_picked":["Steam","BootSequence"],"picked":"Compile Driver","floor":13},{"not_picked":["Steam","Barrage"],"picked":"Compile Driver","floor":14},{"not_picked":["Thunder Strike","Hyperbeam"],"picked":"Electrodynamics","floor":16},{"not_picked":["Melter","Redo"],"picked":"Ball Lightning+1","floor":18},{"not_picked":["Turbo+1","Consume"],"picked":"Loop","floor":19},{"not_picked":["Streamline","Steam"],"picked":"Conserve Battery","floor":21},{"not_picked":["Darkness","Beam Cell"],"picked":"Chaos+1","floor":22},{"not_picked":["Reboot","Streamline+1"],"picked":"Static Discharge+1","floor":24},{"not_picked":["Scrape","Beam Cell"],"picked":"Reinforced Body","floor":27},{"not_picked":["Cold Snap","Sweeping Beam"],"picked":"Double Energy+1","floor":30},{"not_picked":["Coolheaded","Genetic Algorithm+1"],"picked":"Self Repair","floor":31}],"player_experience":43259,"relics_obtained":[{"floor":6,"key":"Tiny Chest"},{"floor":8,"key":"Whetstone"},{"floor":9,"key":"Torii"},{"floor":13,"key":"Pantograph"},{"floor":20,"key":"Mercury Hourglass"},{"floor":24,"key":"StoneCalendar"},{"floor":26,"key":"Smiling Mask"}],"event_choices":[{"damage_healed":0,"gold_gain":0,"cards_transformed":["Strike_B"],"player_choice":"Change","damage_taken":0,"max_hp_gain":0,"max_hp_loss":0,"event_name":"Living Wall","floor":2,"gold_loss":0,"cards_obtained":["Amplify"]},{"damage_healed":0,"gold_gain":75,"player_choice":"Gather Gold","damage_taken":11,"max_hp_gain":0,"max_hp_loss":0,"event_name":"World of Goop","floor":3,"gold_loss":0},{"cards_removed":["Darkness"],"damage_healed":0,"gold_gain":0,"player_choice":"Upgrade and Remove","damage_taken":0,"max_hp_gain":0,"max_hp_loss":0,"event_name":"Designer","floor":29,"gold_loss":90,"cards_upgraded":["Ball Lightning"]}],"is_beta":false,"boss_relics":[{"not_picked":["Runic Dome","Busted Crown"],"picked":"Astrolabe"}],"items_purged_floors":[7],"is_endless":false,"potions_floor_spawned":[1,5,14,16,21,22,30],"killed_by":"Champ","ascension_level":2}