{"gold_per_floor":[113,113,124,143,16,30,30,205,205,218,228,256,256,256,256,355,355,344,230,240,251,350,350,380,390,390,390,390,23,40,53,53,53],"floor_reached":33,"playtime":1883,"items_purged":["Defend_R"],"score":294,"play_id":"09990132-3bdd-4a64-8b17-f63a550439e4","local_time":"20181231035016","is_ascension_mode":false,"campfire_choices":[{"floor":13,"key":"REST"},{"data":"Inflame","floor":15,"key":"SMITH"},{"data":"Seeing Red","floor":23,"key":"SMITH"},{"floor":32,"key":"REST"}],"neow_cost":"NONE","seed_source_timestamp":263073742464751,"circlet_count":0,"master_deck":["Strike_R","Strike_R","Strike_R","Strike_R","Strike_R","Defend_R+1","Defend_R+1","Defend_R","Bash+1","Inflame+1","Warcry","Pummel","Seeing Red+1","Panacea","Corruption","Flame Barrier+1","Sever Soul","Battle Trance+1","Impervious+1","Combust","Flame Barrier+1","Pommel Strike","Cleave+1","Combust","Spot Weakness+1","Writhe","Fiend Fire","True Grit+1","Chrysalis+1","Barricade","Rage+1"],"relics":["Black Blood","Toxic Egg 2","Bottled Flame","Pear","Bottled Tornado","Charon\u0027s Ashes"],"potions_floor_usage":[12,12,16,24,25,31],"damage_taken":[{"damage":0,"enemies":"Small Slimes","floor":1,"turns":3},{"damage":0,"enemies":"2 Louse","floor":3,"turns":4},{"damage":0,"enemies":"Cultist","floor":4,"turns":3},{"damage":11,"enemies":"Blue Slaver","floor":6,"turns":3},{"damage":7,"enemies":"2 Fungi Beasts","floor":10,"turns":4},{"damage":23,"enemies":"Large Slime","floor":11,"turns":6},{"damage":23,"enemies":"Lagavulin","floor":12,"turns":4},{"damage":55,"enemies":"Hexaghost","floor":16,"turns":13},{"damage":20,"enemies":"2 Thieves","floor":18,"turns":4},{"damage":15,"enemies":"Chosen","floor":20,"turns":6},{"damage":4,"enemies":"Snecko","floor":21,"turns":5},{"damage":37,"enemies":"Book of Stabbing","floor":24,"turns":6},{"damage":9,"enemies":"Centurion and Healer","floor":25,"turns":5},{"damage":36,"enemies":"Snake Plant","floor":30,"turns":4},{"damage":3,"enemies":"Chosen and Byrds","floor":31,"turns":4},{"damage":76,"enemies":"Collector","floor":33,"turns":6}],"seed_played":"7798184782175044725","potions_obtained":[{"floor":1,"key":"Energy Potion"},{"floor":11,"key":"Strength Potion"},{"floor":12,"key":"SteroidPotion"},{"floor":18,"key":"Fire Potion"},{"floor":24,"key":"FearPotion"},{"floor":25,"key":"Fruit Juice"}],"is_trial":false,"path_per_floor":["M","?","M","M","$","M","?","?","T","M","M","E","R","?","R","B",null,"M","$","M","M","?","R","E","M","T","?","?","$","M","M","R","B"],"character_chosen":"IRONCLAD","items_purchased":["Seeing Red","Panacea","Flame Barrier+1","Fiend Fire","True Grit+1","Chrysalis+1"],"campfire_rested":2,"item_purchase_floors":[5,5,19,29,29,29],"current_hp_per_floor":[88,70,76,82,82,77,77,77,77,76,59,42,68,68,68,19,88,78,78,73,79,79,79,62,68,68,47,47,47,21,28,60,0],"gold":53,"neow_bonus":"TEN_PERCENT_HP_BONUS","is_prod":false,"is_daily":false,"chose_seed":false,"campfire_upgraded":2,"win_rate":0,"timestamp":1546257016,"path_taken":["M","?","M","M","$","M","?","?","T","M","M","E","R","?","R","BOSS","M","?","M","M","?","R","E","M","T","?","?","$","M","M","R","BOSS"],"build_version":"2018-12-20","purchased_purges":1,"victory":false,"max_hp_per_floor":[88,88,88,88,88,88,88,88,88,88,88,88,88,88,88,88,88,88,88,88,88,88,88,98,103,103,108,108,108,108,108,108,108],"card_choices":[{"not_picked":["Twin Strike","Heavy Blade"],"picked":"Inflame","floor":1},{"not_picked":["Thunderclap","Clash"],"picked":"Warcry","floor":3},{"not_picked":["Rupture","Pommel Strike"],"picked":"Pummel","floor":4},{"not_picked":["Metallicize","Clothesline"],"picked":"Corruption","floor":6},{"not_picked":["Hemokinesis","Power Through+1"],"picked":"Flame Barrier+1","floor":10},{"not_picked":["Clash","Flex+1"],"picked":"Sever Soul","floor":11},{"not_picked":["Searing Blow","Bloodletting+1"],"picked":"Battle Trance+1","floor":12},{"not_picked":["Bludgeon","Double Tap+1"],"picked":"Impervious+1","floor":16},{"not_picked":["Headbutt+1","Armaments+1"],"picked":"Combust","floor":18},{"not_picked":["Thunderclap","Cleave"],"picked":"Pommel Strike","floor":20},{"not_picked":["Rupture","Headbutt"],"picked":"Cleave+1","floor":21},{"not_picked":["Spot Weakness+1","Warcry+1"],"picked":"Combust","floor":24},{"not_picked":["Cleave+1","Anger"],"picked":"Spot Weakness+1","floor":25},{"not_picked":["Iron Wave","Dual Wield+1"],"picked":"Barricade","floor":30},{"not_picked":["Seeing Red+1","Sword Boomerang"],"picked":"Rage+1","floor":31}],"player_experience":49648,"relics_obtained":[{"floor":9,"key":"Toxic Egg 2"},{"floor":12,"key":"Bottled Flame"},{"floor":24,"key":"Pear"},{"floor":26,"key":"Bottled Tornado"}],"event_choices":[{"damage_healed":0,"gold_gain":0,"player_choice":"Entered Light","damage_taken":18,"max_hp_gain":0,"max_hp_loss":0,"event_name":"Shining Light","floor":2,"gold_loss":0,"cards_upgraded":["Defend_R","Defend_R"]},{"damage_healed":0,"gold_gain":0,"player_choice":"Grow","damage_taken":0,"max_hp_gain":0,"max_hp_loss":0,"event_name":"Living Wall","floor":7,"gold_loss":0,"cards_upgraded":["Bash"]},{"damage_healed":0,"gold_gain":175,"player_choice":"AGREE","damage_taken":0,"max_hp_gain":0,"max_hp_loss":0,"event_name":"Liars Game","floor":8,"gold_loss":0,"cards_obtained":["Doubt"]},{"cards_removed":["Doubt"],"damage_healed":0,"gold_gain":0,"player_choice":"Purged","damage_taken":0,"max_hp_gain":0,"max_hp_loss":0,"event_name":"Purifier","floor":14,"gold_loss":0},{"damage_healed":0,"gold_gain":99,"player_choice":"Stole From Cult","damage_taken":0,"max_hp_gain":0,"max_hp_loss":0,"event_name":"Nest","floor":22,"gold_loss":0},{"damage_healed":0,"gold_gain":0,"player_choice":"Shed Blood","damage_taken":26,"max_hp_gain":5,"max_hp_loss":0,"event_name":"Forgotten Altar","floor":27,"gold_loss":0},{"damage_healed":0,"gold_gain":0,"player_choice":"Opened","damage_taken":0,"relics_obtained":["Charon\u0027s Ashes"],"max_hp_gain":0,"max_hp_loss":0,"event_name":"The Mausoleum","floor":28,"gold_loss":0,"cards_obtained":["Writhe"]}],"is_beta":false,"boss_relics":[{"not_picked":["Runic Dome","Runic Pyramid"],"picked":"Black Blood"}],"items_purged_floors":[19],"is_endless":false,"potions_floor_spawned":[1,11,12,18,24,25],"killed_by":"Collector","ascension_level":0}