{"gold_per_floor":[114,134,144,160,176,176,207,207,207,207,181,207,207,240,240,240],"floor_reached":16,"playtime":1632,"items_purged":[],"score":163,"play_id":"99105bd8-993f-42e7-a9d0-33a69a288750","local_time":"20190410114445","is_ascension_mode":true,"campfire_choices":[{"floor":6,"key":"REST"},{"floor":8,"key":"REST"},{"floor":13,"key":"REST"},{"floor":15,"key":"REST"}],"neow_cost":"PERCENT_DAMAGE","seed_source_timestamp":171062708749,"circlet_count":0,"master_deck":["Defend_G","Defend_G","Defend_G","Defend_G","Defend_G","Strike_G","Strike_G","Strike_G","Strike_G","Strike_G","Survivor","Neutralize","Prepared","Sucker Punch","Deflect","Escape Plan","Cloak And Dagger","Quick Slash","Terror","PiercingWail"],"relics":["Ring of the Snake","Anchor","Oddly Smooth Stone","Lantern","Question Card"],"potions_floor_usage":[7,7,12,16],"damage_taken":[{"damage":1,"enemies":"Small Slimes","floor":1,"turns":4},{"damage":5,"enemies":"Jaw Worm","floor":2,"turns":4},{"damage":0,"enemies":"Cultist","floor":3,"turns":4},{"damage":13,"enemies":"Large Slime","floor":4,"turns":9},{"damage":7,"enemies":"Lots of Slimes","floor":5,"turns":6},{"damage":28,"enemies":"Gremlin Nob","floor":7,"turns":6},{"damage":40,"enemies":"Lagavulin","floor":12,"turns":14},{"damage":41,"enemies":"Gremlin Nob","floor":14,"turns":6},{"damage":54,"enemies":"Slime Boss","floor":16,"turns":15}],"seed_played":"-2612458423930390647","potions_obtained":[{"floor":2,"key":"Poison Potion"},{"floor":3,"key":"Block Potion"},{"floor":7,"key":"Regen Potion"},{"floor":14,"key":"GamblersBrew"}],"is_trial":false,"path_per_floor":["?","?"],"character_chosen":"THE_SILENT","items_purchased":[],"campfire_rested":4,"item_purchase_floors":[],"current_hp_per_floor":[62,57,57,44,37,62,34,59,59,64,64,39,65,24,50,0],"gold":240,"neow_bonus":"TWENTY_PERCENT_HP_BONUS","is_prod":false,"is_daily":false,"chose_seed":false,"campfire_upgraded":0,"win_rate":1,"timestamp":1554889485,"path_taken":["M","M","M","M","M","R","E","R","T","?","?","E","R","E","R","BOSS"],"build_version":"2019-01-23","purchased_purges":0,"victory":false,"max_hp_per_floor":[84,84,84,84,84,84,84,84,84,89,89,89,89,89,89,89],"card_choices":[{"not_picked":["Flying Knee","Dagger Throw"],"picked":"Prepared","floor":1},{"not_picked":["Dagger Throw","Slice"],"picked":"Sucker Punch","floor":2},{"not_picked":["Underhanded Strike","Backflip"],"picked":"Deflect","floor":3},{"not_picked":["Tools of the Trade","Bane"],"picked":"Escape Plan","floor":4},{"not_picked":["Dagger Spray","Expertise"],"picked":"Cloak And Dagger","floor":5},{"not_picked":["Prepared","Blade Dance"],"picked":"Quick Slash","floor":7},{"not_picked":["Outmaneuver","Bane"],"picked":"Terror","floor":12},{"not_picked":["Distraction","Riddle With Holes"],"picked":"PiercingWail","floor":14}],"player_experience":73370,"relics_obtained":[{"floor":7,"key":"Anchor"},{"floor":9,"key":"Oddly Smooth Stone"},{"floor":12,"key":"Lantern"},{"floor":14,"key":"Question Card"}],"event_choices":[{"damage_healed":0,"gold_gain":0,"player_choice":"Donut","damage_taken":0,"max_hp_gain":5,"max_hp_loss":0,"event_name":"Big Fish","floor":10,"gold_loss":0},{"damage_healed":0,"gold_gain":0,"player_choice":"Left Gold","damage_taken":0,"max_hp_gain":0,"max_hp_loss":0,"event_name":"World of Goop","floor":11,"gold_loss":26}],"is_beta":false,"boss_relics":[],"items_purged_floors":[],"is_endless":false,"potions_floor_spawned":[2,3,7,14],"killed_by":"Slime Boss","ascension_level":3}