{"gold_per_floor":[118,132,150,150,166,166,183,201,228,255,318,318,351,371,371,467,517,530,544,554,554],"floor_reached":21,"playtime":1958,"items_purged":[],"score":185,"play_id":"7d826341-c38d-487a-a6f6-54f14970489b","local_time":"20181124170006","is_ascension_mode":false,"campfire_choices":[{"data":"Flex","floor":6.0,"key":"SMITH"},{"floor":15.0,"key":"REST"}],"neow_cost":"NONE","seed_source_timestamp":0,"circlet_count":0,"master_deck":["Strike_R","Strike_R","Strike_R+1","Strike_R","Strike_R","Defend_R","Defend_R","Defend_R","Bash","Battle Trance","Iron Wave","Sword Boomerang","Flex+1","Armaments","Anger","Perfected Strike","Spot Weakness","Thunderclap","Cleave","Limit Break","Iron Wave","Fire Breathing","Anger","Cleave"],"special_seed":0,"relics":["Burning Blood","Bronze Scales","Centennial Puzzle","Oddly Smooth Stone","Vajra","Tiny House"],"potions_floor_usage":[21],"damage_taken":[{"damage":7.0,"enemies":"Small Slimes","floor":1.0,"turns":5.0},{"damage":14.0,"enemies":"Jaw Worm","floor":2.0,"turns":8.0},{"damage":4.0,"enemies":"2 Louse","floor":3.0,"turns":4.0},{"damage":9.0,"enemies":"Large Slime","floor":5.0,"turns":6.0},{"damage":18.0,"enemies":"Lots of Slimes","floor":7.0,"turns":5.0},{"damage":2.0,"enemies":"2 Fungi Beasts","floor":8.0,"turns":3.0},{"damage":21.0,"enemies":"3 Sentries","floor":11.0,"turns":6.0},{"damage":39.0,"enemies":"Lagavulin","floor":13.0,"turns":6.0},{"damage":7.0,"enemies":"Exordium Wildlife","floor":14.0,"turns":3.0},{"damage":18.0,"enemies":"Hexaghost","floor":16.0,"turns":9.0},{"damage":33,"enemies":"3 Byrds","floor":18,"turns":4},{"damage":34,"enemies":"2 Thieves","floor":19,"turns":3},{"damage":25,"enemies":"Chosen and Byrds","floor":20,"turns":7},{"damage":13,"enemies":"Cultist and Chosen","floor":21,"turns":3}],"seed_played":"-4724521269024865465","potions_obtained":[{"floor":2.0,"key":"Poison Potion"},{"floor":3.0,"key":"Strength Potion"},{"floor":8.0,"key":"SkillPotion"}],"is_trial":false,"path_per_floor":["M","M","M","?","M","R","M","M","T","T","?","?","E","M","R","B",null,"M","M","M","M"],"character_chosen":"IRONCLAD","items_purchased":[],"campfire_rested":1,"item_purchase_floors":[],"current_hp_per_floor":[79,71,73,73,70,70,58,62,62,62,47,47,14,13,37,25,85,58,30,11,0],"gold":554,"neow_bonus":"TRANSFORM_CARD","is_prod":false,"is_daily":false,"chose_seed":false,"campfire_upgraded":1,"win_rate":0.0,"timestamp":1543100406,"path_taken":["M","M","M","?","M","R","M","M","T","?","?","?","E","M","R","BOSS","M","M","?","M"],"build_version":"2018-11-15","purchased_purges":0,"victory":false,"max_hp_per_floor":[80,80,80,80,80,80,80,80,80,80,80,80,80,80,80,80,85,85,85,85,85],"card_choices":[{"not_picked":["Perfected Strike","Hemokinesis"],"picked":"Iron Wave","floor":1.0},{"not_picked":["Sever Soul","Disarm"],"picked":"Sword Boomerang","floor":2.0},{"not_picked":["Clothesline","Infernal Blade"],"picked":"Flex","floor":3.0},{"not_picked":["Reckless Charge","Rupture"],"picked":"Armaments","floor":5.0},{"not_picked":["Intimidate","Cleave"],"picked":"Anger","floor":7.0},{"not_picked":["Pummel","Cleave"],"picked":"Perfected Strike","floor":8.0},{"not_picked":["Headbutt","Armaments"],"picked":"Spot Weakness","floor":11.0},{"not_picked":["Sever Soul","Clothesline"],"picked":"Thunderclap","floor":13.0},{"not_picked":["Searing Blow","Bloodletting"],"picked":"Cleave","floor":14.0},{"not_picked":["Reaper","Dark Embrace"],"picked":"Limit Break","floor":16.0},{"not_picked":["Spot Weakness","True Grit"],"picked":"Iron Wave","floor":17.0},{"not_picked":["Flex","Clothesline"],"picked":"Fire Breathing","floor":18},{"not_picked":["Feel No Pain+1","Clothesline"],"picked":"Anger","floor":19},{"not_picked":["Flex","Headbutt"],"picked":"Cleave","floor":20}],"player_experience":21762,"relics_obtained":[{"floor":9.0,"key":"Bronze Scales"},{"floor":10.0,"key":"Centennial Puzzle"},{"floor":11.0,"key":"Oddly Smooth Stone"},{"floor":13.0,"key":"Vajra"}],"event_choices":[{"damage_healed":0.0,"max_hp_gain":0.0,"max_hp_loss":0.0,"gold_gain":0.0,"event_name":"Golden Idol","player_choice":"Ignored","floor":4.0,"gold_loss":0.0,"damage_taken":0.0},{"damage_healed":0.0,"max_hp_gain":0.0,"max_hp_loss":0.0,"gold_gain":0.0,"event_name":"Dead Adventurer","player_choice":"Searched \u00271\u0027 times","floor":11.0,"gold_loss":0.0,"damage_taken":0.0},{"damage_healed":0.0,"max_hp_gain":0.0,"max_hp_loss":0.0,"gold_gain":0.0,"event_name":"FaceTrader","player_choice":"Leave","floor":12.0,"gold_loss":0.0,"damage_taken":0.0}],"is_beta":false,"boss_relics":[{"not_picked":["Velvet Choker","Coffee Dripper"],"picked":"Tiny House"}],"items_purged_floors":[],"is_endless":false,"potions_floor_spawned":[2,3,8,14,16,18,20],"killed_by":"Cultist and Chosen","ascension_level":0}