{"gold_per_floor":[111,125,18,18,31,31,61,61,87,87],"floor_reached":10,"playtime":366,"items_purged":["Strike_B"],"score":122,"play_id":"2415ca44-21db-499d-a5b6-9539dca5bc50","local_time":"20190401044605","is_ascension_mode":true,"campfire_choices":[{"data":"Zap","floor":6,"key":"SMITH"}],"neow_cost":"NONE","seed_source_timestamp":68009060368706,"circlet_count":0,"master_deck":["AscendersBane","Strike_B","Strike_B","Defend_B","Defend_B","Defend_B","Defend_B","Zap+1","Dualcast","Darkness+1","White Noise+1","Conserve Battery","Coolheaded"],"relics":["Cracked Core","Smiling Mask","Oddly Smooth Stone","Art of War"],"potions_floor_usage":[7],"damage_taken":[{"damage":5,"enemies":"2 Louse","floor":1,"turns":3},{"damage":7,"enemies":"Jaw Worm","floor":2,"turns":4},{"damage":2,"enemies":"Small Slimes","floor":5,"turns":3},{"damage":1,"enemies":"Lagavulin","floor":7,"turns":7},{"damage":35,"enemies":"Gremlin Nob","floor":10,"turns":4}],"seed_played":"5679029964538450984","potions_obtained":[{"floor":1,"key":"FocusPotion"}],"is_trial":false,"path_per_floor":["M","M","$","?","M","R","E","?","T","E"],"character_chosen":"DEFECT","items_purchased":["Conserve Battery"],"campfire_rested":0,"item_purchase_floors":[3],"current_hp_per_floor":[59,52,52,52,50,50,49,28,28,0],"gold":87,"neow_bonus":"RANDOM_COMMON_RELIC","is_prod":false,"is_daily":false,"chose_seed":false,"campfire_upgraded":1,"win_rate":0,"timestamp":1554061565,"path_taken":["M","M","$","?","M","R","E","?","T","E"],"build_version":"2019-01-23","purchased_purges":1,"victory":false,"max_hp_per_floor":[71,71,71,71,71,71,71,71,71,71],"card_choices":[{"not_picked":["Heatsinks","Sweeping Beam"],"picked":"Darkness","floor":1},{"not_picked":["Static Discharge","Rebound"],"picked":"White Noise","floor":2},{"not_picked":["Go for the Eyes","Compile Driver"],"picked":"Coolheaded","floor":5},{"not_picked":["Force Field","Gash","Storm"],"picked":"SKIP","floor":7}],"player_experience":434286,"relics_obtained":[{"floor":7,"key":"Oddly Smooth Stone"},{"floor":9,"key":"Art of War"}],"event_choices":[{"cards_removed":["Strike_B"],"damage_healed":0,"gold_gain":0,"player_choice":"Forget","damage_taken":0,"max_hp_gain":0,"max_hp_loss":0,"event_name":"Living Wall","floor":4,"gold_loss":0},{"damage_healed":0,"gold_gain":0,"player_choice":"Entered Light","damage_taken":21,"max_hp_gain":0,"max_hp_loss":0,"event_name":"Shining Light","floor":8,"gold_loss":0,"cards_upgraded":["White Noise","Darkness"]}],"is_beta":false,"boss_relics":[],"items_purged_floors":[3],"is_endless":false,"potions_floor_spawned":[1],"killed_by":"Gremlin Nob","ascension_level":17}