{"gold_per_floor":[117,132,142,142,142,142,156,190,214,214,229,229,258,278,278,355,355,369,389,33,53,3,3,39,57,57,71,71,150,150,16,16,110,110,148,148,198,198,218,218,142,171,171,84,111,123,135,184,196,208],"floor_reached":50,"playtime":2676,"items_purged":["Strike_B","Strike_B","Strike_B","Defend_B","Defend_B"],"score":1040,"play_id":"c0aaec63-eed7-44c6-b9a8-c8fdf2354fde","local_time":"20190404153117","is_ascension_mode":true,"campfire_choices":[{"data":"Zap","floor":6.0,"key":"SMITH"},{"data":"Go for the Eyes","floor":10.0,"key":"SMITH"},{"floor":12.0,"key":"REST"},{"data":"Defragment","floor":15.0,"key":"SMITH"},{"floor":23.0,"key":"REST"},{"floor":28.0,"key":"RECALL"},{"floor":30.0,"key":"REST"},{"floor":32.0,"key":"REST"},{"floor":40.0,"key":"REST"},{"floor":47,"key":"REST"},{"floor":49,"key":"REST"}],"neow_cost":"TEN_PERCENT_HP_LOSS","seed_source_timestamp":0,"circlet_count":0,"master_deck":["AscendersBane","Defend_B","Defend_B+1","Zap+1","Glacier","Gash+1","Rainbow","Go for the Eyes+1","Capacitor","Skim","Gash","Defragment+1","Core Surge","Defragment","HandOfGreed","Coolheaded","Gash","Scrape","Hologram","FTL+1","Defragment","Reboot","Stack+1","Madness","Madness","Reinforced Body+1","Gash","Cold Snap","Hologram+1","Scrape","Storm","Gash"],"special_seed":0,"relics":["Cracked Core","Smiling Mask","Regal Pillow","Happy Flower","Fusion Hammer","Pear","Tiny Chest","Eternal Feather","Strawberry","MawBank"],"potions_floor_usage":[45,46],"damage_taken":[{"damage":7.0,"enemies":"Small Slimes","floor":1.0,"turns":4.0},{"damage":0.0,"enemies":"2 Louse","floor":2.0,"turns":4.0},{"damage":0.0,"enemies":"Cultist","floor":3.0,"turns":4.0},{"damage":1.0,"enemies":"Looter","floor":7.0,"turns":4.0},{"damage":7.0,"enemies":"Gremlin Nob","floor":8.0,"turns":3.0},{"damage":3.0,"enemies":"2 Fungi Beasts","floor":11.0,"turns":4.0},{"damage":22.0,"enemies":"3 Sentries","floor":13.0,"turns":12.0},{"damage":9.0,"enemies":"Lots of Slimes","floor":14.0,"turns":4.0},{"damage":23.0,"enemies":"The Guardian","floor":16.0,"turns":8.0},{"damage":14.0,"enemies":"2 Thieves","floor":18.0,"turns":5.0},{"damage":2.0,"enemies":"Spheric Guardian","floor":19.0,"turns":4.0},{"damage":5.0,"enemies":"Snecko","floor":21.0,"turns":5.0},{"damage":7.0,"enemies":"Centurion and Healer","floor":24.0,"turns":7.0},{"damage":5.0,"enemies":"Chosen and Byrds","floor":25.0,"turns":5.0},{"damage":2.0,"enemies":"Snecko","floor":27.0,"turns":5.0},{"damage":16.0,"enemies":"Book of Stabbing","floor":29.0,"turns":4.0},{"damage":13.0,"enemies":"Champ","floor":33.0,"turns":10.0},{"damage":15.0,"enemies":"Orb Walker","floor":35.0,"turns":3.0},{"damage":3.0,"enemies":"3 Shapes","floor":37.0,"turns":9.0},{"damage":31.0,"enemies":"Transient","floor":39.0,"turns":6.0},{"damage":16.0,"enemies":"Giant Head","floor":42.0,"turns":9.0},{"damage":36,"enemies":"Nemesis","floor":45,"turns":7},{"damage":0,"enemies":"3 Darklings","floor":46,"turns":2},{"damage":65,"enemies":"Jaw Worm Horde","floor":48,"turns":6},{"damage":63,"enemies":"Time Eater","floor":50,"turns":4}],"seed_played":"409036305481950879","potions_obtained":[{"floor":1.0,"key":"Poison Potion"},{"floor":2.0,"key":"AttackPotion"},{"floor":11.0,"key":"FearPotion"},{"floor":14.0,"key":"LiquidBronze"},{"floor":24.0,"key":"FearPotion"},{"floor":25.0,"key":"AttackPotion"},{"floor":29.0,"key":"FearPotion"},{"floor":35.0,"key":"Dexterity Potion"},{"floor":39.0,"key":"SmokeBomb"}],"is_trial":false,"path_per_floor":["M","M","M","?","?","R","M","E","T","R","M","R","E","M","R","B",null,"M","M","$","M","$","R","M","M","T","M","R","E","R","$","R","B",null,"M","?","M","?","M","R","$","E","T","$","E","M","R","M","R","B"],"character_chosen":"DEFECT","items_purchased":["Defragment","HandOfGreed","Defragment","Cold Snap","Scrape"],"campfire_rested":7,"item_purchase_floors":[20,20,31,41,44],"current_hp_per_floor":[57,57,57,38,38,38,37,30,30,30,27,61,39,30,30,7,50,36,34,34,29,29,63,56,51,61,59,59,43,74,74,74,61,71,56,43,40,36,5,57,57,48,48,48,12,12,69,4,61,0],"gold":208,"neow_bonus":"REMOVE_TWO","is_prod":false,"is_daily":false,"chose_seed":false,"campfire_upgraded":3,"win_rate":0,"timestamp":1554359477,"path_taken":["M","M","M","?","?","R","?","E","T","R","M","R","E","M","R","BOSS","M","M","$","M","$","R","M","M","T","M","R","E","R","$","R","BOSS","M","?","M","?","M","R","$","E","T","$","E","M","R","?","R","BOSS"],"build_version":"2019-01-23","purchased_purges":5,"victory":false,"max_hp_per_floor":[64,64,64,64,64,64,64,64,64,64,64,64,64,64,64,64,64,64,64,64,64,64,64,64,64,74,74,74,74,74,74,74,74,74,74,74,74,74,74,74,74,81,81,81,81,81,81,81,81,81],"card_choices":[{"not_picked":["Stack","Darkness"],"picked":"Glacier","floor":1.0},{"not_picked":["Hologram","Compile Driver"],"picked":"Gash","floor":2.0},{"not_picked":["Recycle","Redo","Barrage"],"picked":"SKIP","floor":3.0},{"not_picked":["Heatsinks","Coolheaded"],"picked":"Go for the Eyes","floor":7.0},{"not_picked":["Coolheaded","Hello World"],"picked":"Capacitor","floor":8.0},{"not_picked":["Barrage","Lockon"],"picked":"Skim","floor":11.0},{"not_picked":["Glacier","Hyperbeam"],"picked":"Gash","floor":13.0},{"not_picked":["Steam","Glacier"],"picked":"Defragment","floor":14.0},{"not_picked":["Reboot","Meteor Strike"],"picked":"Core Surge","floor":16.0},{"not_picked":["Redo","Auto Shields","Aggregate"],"picked":"SKIP","floor":18.0},{"not_picked":["Chaos","Go for the Eyes+1","Sweeping Beam"],"picked":"SKIP","floor":19.0},{"not_picked":["Skim","Static Discharge"],"picked":"Coolheaded","floor":21.0},{"not_picked":["Hologram","Genetic Algorithm+1"],"picked":"Gash","floor":24.0},{"not_picked":["Compile Driver","Steam"],"picked":"Scrape","floor":25.0},{"not_picked":["Redo+1","Leap"],"picked":"Hologram","floor":27.0},{"not_picked":["Beam Cell","Darkness+1"],"picked":"FTL+1","floor":29.0},{"not_picked":["Fission","Multi-Cast"],"picked":"Reboot","floor":33.0},{"not_picked":["Rebound","Redo"],"picked":"Stack+1","floor":35.0},{"not_picked":["Go for the Eyes","Turbo"],"picked":"Reinforced Body+1","floor":37.0},{"not_picked":["Stack","Coolheaded"],"picked":"Gash","floor":39.0},{"not_picked":["Defragment","Compile Driver"],"picked":"Hologram+1","floor":42.0},{"not_picked":["Multi-Cast","Amplify"],"picked":"Storm","floor":45},{"not_picked":["Steam Power","Hologram+1"],"picked":"Gash","floor":48}],"player_experience":467225,"relics_obtained":[{"floor":8.0,"key":"Smiling Mask"},{"floor":9.0,"key":"Regal Pillow"},{"floor":13.0,"key":"Happy Flower"},{"floor":26.0,"key":"Pear"},{"floor":29.0,"key":"Tiny Chest"},{"floor":42.0,"key":"Strawberry"},{"floor":45,"key":"MawBank"}],"event_choices":[{"damage_healed":0.0,"max_hp_gain":0.0,"max_hp_loss":0.0,"gold_gain":0.0,"event_name":"Shining Light","player_choice":"Entered Light","floor":4.0,"gold_loss":0.0,"damage_taken":19.0,"cards_upgraded":["Gash","Defend_B"]},{"damage_healed":0.0,"max_hp_gain":0.0,"max_hp_loss":0.0,"gold_gain":0.0,"event_name":"Match and Keep!","player_choice":"1 cards matched","floor":5.0,"gold_loss":0.0,"damage_taken":0.0,"cards_obtained":["Rainbow"]},{"damage_healed":0.0,"max_hp_gain":0.0,"max_hp_loss":0.0,"gold_gain":0.0,"event_name":"Winding Halls","player_choice":"Embrace Madness","floor":36.0,"gold_loss":0.0,"damage_taken":13.0,"cards_obtained":["Madness","Madness"]},{"damage_healed":0.0,"max_hp_gain":0.0,"max_hp_loss":0.0,"gold_gain":0.0,"event_name":"The Woman in Blue","player_choice":"Bought 0 Potions","floor":38.0,"gold_loss":0.0,"damage_taken":0.0}],"is_beta":false,"boss_relics":[{"not_picked":["Philosopher\u0027s Stone","Tiny House"],"picked":"Fusion Hammer"},{"not_picked":["White Beast Statue","Runic Dome"],"picked":"Eternal Feather"}],"items_purged_floors":[20,22,31,41,44],"is_endless":false,"potions_floor_spawned":[1,2,11,14,24,25,29,35,39],"killed_by":"Time Eater","ascension_level":18}