{"gold_per_floor":[115,115,128,143,159,190,203,203,227,227,227,244,273,285,285,285],"floor_reached":16,"playtime":1509,"items_purged":[],"score":125,"play_id":"01edd556-2250-47d5-9c10-c9398a4e0253","local_time":"20181231051708","is_ascension_mode":true,"campfire_choices":[{"floor":8,"key":"REST"},{"floor":10,"key":"REST"},{"floor":15,"key":"REST"}],"neow_cost":"NONE","seed_source_timestamp":268660032648079,"circlet_count":0,"master_deck":["Strike_B","Strike_B+1","Strike_B","Strike_B","Defend_B","Defend_B","Defend_B","Defend_B","Zap","Dualcast","Chill","Steam Power","Turbo","Redo","Ball Lightning","Doom and Gloom+1","Swift Strike","Zap","Fission","Coolheaded","Redo"],"relics":["Cracked Core","Omamori","Whetstone"],"potions_floor_usage":[6,6,12,16],"damage_taken":[{"damage":7,"enemies":"Jaw Worm","floor":1,"turns":3},{"damage":3,"enemies":"Small Slimes","floor":3,"turns":3},{"damage":0,"enemies":"Cultist","floor":4,"turns":3},{"damage":10,"enemies":"Large Slime","floor":5,"turns":7},{"damage":35,"enemies":"Lagavulin","floor":6,"turns":8},{"damage":2,"enemies":"3 Louse","floor":7,"turns":4},{"damage":0,"enemies":"Gremlin Gang","floor":12,"turns":4},{"damage":37,"enemies":"Gremlin Nob","floor":13,"turns":4},{"damage":21,"enemies":"2 Fungi Beasts","floor":14,"turns":3},{"damage":26,"enemies":"Hexaghost","floor":16,"turns":9}],"seed_played":"6055306512761263986","potions_obtained":[{"floor":1,"key":"Dexterity Potion"},{"floor":3,"key":"EssenceOfSteel"},{"floor":7,"key":"FocusPotion"},{"floor":13,"key":"AttackPotion"}],"is_trial":false,"path_per_floor":["M","?","M","M","M","E","M","R","T","R","?","M","E","M","R","B"],"character_chosen":"DEFECT","items_purchased":[],"campfire_rested":3,"item_purchase_floors":[],"current_hp_per_floor":[68,68,65,65,55,20,18,40,40,62,62,62,25,4,26,0],"gold":285,"neow_bonus":"RANDOM_COLORLESS","is_prod":false,"is_daily":false,"chose_seed":false,"campfire_upgraded":0,"win_rate":0,"timestamp":1546262228,"path_taken":["M","?","M","M","M","E","M","R","T","R","?","?","E","M","R","BOSS"],"build_version":"2018-12-20","purchased_purges":0,"victory":false,"max_hp_per_floor":[75,75,75,75,75,75,75,75,75,75,75,75,75,75,75,75],"card_choices":[{"not_picked":["Stack","Recycle"],"picked":"Chill","floor":1},{"not_picked":["Stack","Go for the Eyes"],"picked":"Steam Power","floor":3},{"not_picked":["Go for the Eyes","Recycle"],"picked":"Turbo","floor":4},{"not_picked":["Sweeping Beam","Lockon"],"picked":"Redo","floor":5},{"not_picked":["Capacitor","Gash"],"picked":"Ball Lightning","floor":6},{"not_picked":["Sweeping Beam","Stack"],"picked":"Doom and Gloom","floor":7},{"not_picked":["Gash","Streamline"],"picked":"Fission","floor":12},{"not_picked":["Reprogram","Undo"],"picked":"Coolheaded","floor":13},{"not_picked":["Stack","Tempest"],"picked":"Redo","floor":14}],"player_experience":55067,"relics_obtained":[{"floor":6,"key":"Omamori"},{"floor":13,"key":"Whetstone"}],"event_choices":[{"cards_removed":["Trip"],"damage_healed":0,"gold_gain":0,"player_choice":"Forget","damage_taken":0,"max_hp_gain":0,"max_hp_loss":0,"event_name":"Living Wall","floor":2,"gold_loss":0},{"damage_healed":0,"gold_gain":0,"player_choice":"2 cards matched","damage_taken":0,"max_hp_gain":0,"max_hp_loss":0,"event_name":"Match and Keep!","floor":11,"gold_loss":0,"cards_obtained":["Swift Strike","Zap"]}],"is_beta":false,"boss_relics":[],"items_purged_floors":[],"is_endless":false,"potions_floor_spawned":[1,3,7,13],"killed_by":"Hexaghost","ascension_level":2}