{"gold_per_floor":[112,122,141,91,109,139,139,168,168,168,178,178,198,214,214,318,318,329,329,160,177,197,231,248,248,248,265,281,196,214,228,228,324,324,335,347,347,362,381,381,396,396,422,441,441,457,475,491,491,491],"floor_reached":51,"playtime":2312,"items_purged":["Strike_R"],"score":743,"play_id":"dca63457-4e61-42c8-a4a1-91074287999f","local_time":"20190408234227","is_ascension_mode":false,"campfire_choices":[{"data":"Uppercut","floor":7,"key":"SMITH"},{"data":"Searing Blow","floor":10,"key":"SMITH"},{"data":"Searing Blow+1","floor":12,"key":"SMITH"},{"data":"Armaments","floor":15,"key":"SMITH"},{"data":"Searing Blow+2","floor":25,"key":"SMITH"},{"data":"Flame Barrier","floor":32,"key":"SMITH"},{"data":"Searing Blow+3","floor":40,"key":"SMITH"},{"data":"Searing Blow+4","floor":42,"key":"SMITH"},{"data":"Demon Form","floor":45,"key":"SMITH"},{"data":"Searing Blow+5","floor":49,"key":"SMITH"}],"neow_cost":"TEN_PERCENT_HP_LOSS","seed_source_timestamp":292513887290100,"circlet_count":0,"master_deck":["Strike_R","Strike_R","Defend_R+1","Defend_R","Defend_R+1","Bash","Armaments+1","Uppercut+1","Iron Wave","Cleave","Headbutt","Searing Blow+6","Disarm","Shrug It Off","Iron Wave","Immolate+1","Iron Wave+1","Headbutt","Flame Barrier+1","Headbutt+1","Uppercut+1","Feel No Pain+1","True Grit","Iron Wave+1","Demon Form+1","Uppercut+1","Seeing Red","Pommel Strike","Ghostly Armor+1","Shockwave+1","Sentinel+1","Inflame+1"],"relics":["Burning Blood","Happy Flower","War Paint","Pen Nib","Philosopher\u0027s Stone","Pantograph","Mercury Hourglass","Gremlin Horn","Snecko Eye","Lantern"],"potions_floor_usage":[5,6,23,50,50,50],"damage_taken":[{"damage":7,"enemies":"2 Louse","floor":1,"turns":3},{"damage":0,"enemies":"Small Slimes","floor":2,"turns":4},{"damage":4,"enemies":"Cultist","floor":3,"turns":3},{"damage":0,"enemies":"Large Slime","floor":5,"turns":6},{"damage":7,"enemies":"Gremlin Nob","floor":6,"turns":3},{"damage":8,"enemies":"Lagavulin","floor":8,"turns":5},{"damage":0,"enemies":"2 Fungi Beasts","floor":11,"turns":2},{"damage":7,"enemies":"Gremlin Gang","floor":13,"turns":4},{"damage":0,"enemies":"Exordium Wildlife","floor":14,"turns":3},{"damage":28,"enemies":"Hexaghost","floor":16,"turns":9},{"damage":6,"enemies":"Shell Parasite","floor":18,"turns":3},{"damage":0,"enemies":"2 Thieves","floor":21,"turns":1},{"damage":2,"enemies":"Cultist and Chosen","floor":22,"turns":5},{"damage":36,"enemies":"Slavers","floor":23,"turns":3},{"damage":5,"enemies":"3 Cultists","floor":24,"turns":5},{"damage":6,"enemies":"Centurion and Healer","floor":27,"turns":4},{"damage":17,"enemies":"Sentry and Sphere","floor":28,"turns":4},{"damage":0,"enemies":"Snake Plant","floor":30,"turns":2},{"damage":1,"enemies":"Centurion and Healer","floor":31,"turns":4},{"damage":36,"enemies":"Automaton","floor":33,"turns":10},{"damage":4,"enemies":"Orb Walker","floor":35,"turns":2},{"damage":10,"enemies":"3 Darklings","floor":36,"turns":5},{"damage":20,"enemies":"Maw","floor":38,"turns":5},{"damage":0,"enemies":"Spire Growth","floor":39,"turns":3},{"damage":7,"enemies":"Writhing Mass","floor":41,"turns":4},{"damage":0,"enemies":"Sphere and 2 Shapes","floor":44,"turns":2},{"damage":0,"enemies":"4 Shapes","floor":46,"turns":4},{"damage":6,"enemies":"Jaw Worm Horde","floor":47,"turns":2},{"damage":7,"enemies":"Spire Growth","floor":48,"turns":4},{"damage":12,"enemies":"Donu and Deca","floor":50,"turns":5}],"seed_played":"4440301392413856627","potions_obtained":[{"floor":1,"key":"AttackPotion"},{"floor":3,"key":"SpeedPotion"},{"floor":5,"key":"Fruit Juice"},{"floor":13,"key":"Strength Potion"},{"floor":16,"key":"AttackPotion"},{"floor":18,"key":"Swift Potion"},{"floor":22,"key":"Ancient Potion"},{"floor":24,"key":"Poison Potion"},{"floor":30,"key":"SkillPotion"},{"floor":31,"key":"GamblersBrew"},{"floor":36,"key":"SteroidPotion"},{"floor":41,"key":"Ancient Potion"},{"floor":46,"key":"PowerPotion"}],"is_trial":false,"path_per_floor":["M","M","M","?","M","E","R","E","T","R","M","R","M","M","R","B",null,"M","?","$","M","M","E","M","R","T","M","M","?","M","M","R","B",null,"M","M","?","M","M","R","M","R","T","M","R","M","M","M","R","B",null],"character_chosen":"IRONCLAD","items_purchased":["Headbutt","Flame Barrier"],"campfire_rested":0,"item_purchase_floors":[20,20],"current_hp_per_floor":[71,72,72,72,77,76,76,74,74,74,77,77,76,77,77,55,77,77,77,77,77,77,47,48,48,48,48,37,37,43,48,48,43,77,77,73,73,59,65,65,64,64,64,70,70,76,76,75,75,71],"gold":491,"neow_bonus":"REMOVE_TWO","is_prod":false,"is_daily":false,"chose_seed":false,"campfire_upgraded":10,"win_rate":1,"timestamp":1554792147,"path_taken":["M","M","M","?","M","E","R","E","T","R","M","R","M","M","R","BOSS","M","?","$","?","M","E","M","R","T","M","M","?","M","M","R","BOSS","M","M","?","M","?","R","M","R","T","M","R","M","M","M","R","BOSS"],"build_version":"2019-01-23","purchased_purges":1,"victory":true,"max_hp_per_floor":[72,72,72,72,77,77,77,77,77,77,77,77,77,77,77,77,77,77,77,77,77,77,77,77,77,77,77,77,77,77,77,77,77,77,77,77,77,77,77,77,77,77,77,77,77,77,77,77,77,77],"card_choices":[{"not_picked":["Feel No Pain","Hemokinesis"],"picked":"Armaments","floor":1},{"not_picked":["Dropkick","Second Wind"],"picked":"Uppercut","floor":2},{"not_picked":["Power Through","Warcry"],"picked":"Iron Wave","floor":3},{"not_picked":["Sever Soul","Infernal Blade"],"picked":"Cleave","floor":5},{"not_picked":["Searing Blow","Reaper"],"picked":"Headbutt","floor":6},{"not_picked":["Evolve","Dual Wield"],"picked":"Searing Blow","floor":8},{"not_picked":["Flex","Entrench"],"picked":"Disarm","floor":11},{"not_picked":["Blood for Blood","Ghostly Armor"],"picked":"Shrug It Off","floor":13},{"not_picked":["Thunderclap","Rupture"],"picked":"Iron Wave","floor":14},{"not_picked":["Double Tap","Fiend Fire"],"picked":"Immolate","floor":16},{"not_picked":["Entrench","Body Slam+1"],"picked":"Iron Wave+1","floor":18},{"not_picked":["Sword Boomerang","Pommel Strike"],"picked":"Headbutt+1","floor":21},{"not_picked":["Entrench","Sentinel+1"],"picked":"Uppercut+1","floor":22},{"not_picked":["Flame Barrier","Dual Wield"],"picked":"Feel No Pain+1","floor":23},{"not_picked":["Perfected Strike","Havoc+1","Pummel"],"picked":"SKIP","floor":24},{"not_picked":["Headbutt","Wild Strike","Perfected Strike"],"picked":"SKIP","floor":27},{"not_picked":["Headbutt","Wild Strike","Perfected Strike"],"picked":"SKIP","floor":27},{"not_picked":["Body Slam","Feel No Pain+1"],"picked":"True Grit","floor":28},{"not_picked":["Intimidate+1","Pummel"],"picked":"Iron Wave+1","floor":30},{"not_picked":["Heavy Blade","Perfected Strike","Sword Boomerang"],"picked":"SKIP","floor":31},{"not_picked":["Reaper","Dark Embrace"],"picked":"Demon Form","floor":33},{"not_picked":["Iron Wave+1","Clash"],"picked":"Uppercut+1","floor":35},{"not_picked":["Wild Strike+1","Entrench+1"],"picked":"Seeing Red","floor":36},{"not_picked":["Searing Blow","Sentinel","Dual Wield"],"picked":"SKIP","floor":38},{"not_picked":["Heavy Blade","Clash+1"],"picked":"Pommel Strike","floor":39},{"not_picked":["Pummel+1","Battle Trance"],"picked":"Ghostly Armor+1","floor":41},{"not_picked":["Rampage","Thunderclap"],"picked":"Shockwave+1","floor":44},{"not_picked":["Uppercut","Body Slam","Headbutt"],"picked":"SKIP","floor":46},{"not_picked":["Flex","Whirlwind+1"],"picked":"Sentinel+1","floor":47},{"not_picked":["True Grit","Second Wind"],"picked":"Inflame+1","floor":48}],"player_experience":232379,"relics_obtained":[{"floor":6,"key":"Happy Flower"},{"floor":8,"key":"War Paint"},{"floor":9,"key":"Pen Nib"},{"floor":23,"key":"Pantograph"},{"floor":26,"key":"Mercury Hourglass"},{"floor":43,"key":"Lantern"}],"event_choices":[{"cards_removed":["Strike_R"],"damage_healed":0,"gold_gain":0,"player_choice":"Card Removal","damage_taken":0,"max_hp_gain":0,"max_hp_loss":0,"event_name":"The Cleric","floor":4,"gold_loss":50},{"damage_healed":0,"gold_gain":0,"player_choice":"Forge","damage_taken":0,"max_hp_gain":0,"max_hp_loss":0,"event_name":"Accursed Blacksmith","floor":19,"gold_loss":0,"cards_upgraded":["Immolate"]},{"damage_healed":0,"gold_gain":0,"player_choice":"Obtained Relic","damage_taken":0,"relics_obtained":["Gremlin Horn"],"max_hp_gain":0,"max_hp_loss":0,"event_name":"Addict","floor":29,"gold_loss":85},{"damage_healed":0,"gold_gain":0,"player_choice":"Ignored","damage_taken":0,"max_hp_gain":0,"max_hp_loss":0,"event_name":"NoteForYourself","floor":37,"gold_loss":0}],"is_beta":false,"boss_relics":[{"not_picked":["Black Star","Orrery"],"picked":"Philosopher\u0027s Stone"},{"not_picked":["Runic Pyramid","Mark of Pain"],"picked":"Snecko Eye"}],"items_purged_floors":[20],"is_endless":false,"potions_floor_spawned":[1,3,5,13,16,18,22,24,28,30,31,36,41,46,48],"ascension_level":0}