{"gold_per_floor":[213,213,37,55,74,74,7,27,27,27,27,43,43,54,54,149,199,214,229,4,16,28,59,59,77,102,129,147,547,547],"floor_reached":30,"playtime":1772,"items_purged":[],"score":294,"play_id":"a4d094ab-47aa-4c7f-8860-a100147de463","local_time":"20181105060451","is_ascension_mode":false,"campfire_choices":[{"data":"Static Discharge","floor":6,"key":"SMITH"},{"data":"Hello World","floor":10,"key":"SMITH"},{"data":"Conserve Battery","floor":13,"key":"SMITH"},{"floor":15,"key":"REST"},{"floor":24,"key":"REST"}],"neow_cost":"NONE","seed_source_timestamp":202418780230621,"circlet_count":0,"master_deck":["Strike_B","Strike_B","Strike_B","Strike_B","Defend_B","Defend_B","Defend_B+1","Defend_B","Zap","Dualcast","Static Discharge+1","Ball Lightning","Barrage","Coolheaded","Force Field","Lockon","Hello World+1","Conserve Battery+1","Defragment","BootSequence+1","Thunder Strike","Ball Lightning","Sweeping Beam","Loop","Storm","Force Field+1","Chaos+1","Undo+1","Heatsinks","Chill+1","Capacitor"],"relics":["Cracked Core","StoneCalendar","Mercury Hourglass","Toxic Egg 2","Tiny House","Lantern","Ornamental Fan","Potion Belt","Juzu Bracelet","Old Coin","Bottled Tornado"],"potions_floor_usage":[16,16,16,23,23,23,29,29,29],"damage_taken":[{"damage":6,"enemies":"2 Louse","floor":1,"turns":3},{"damage":1,"enemies":"Cultist","floor":4,"turns":3},{"damage":6,"enemies":"Jaw Worm","floor":5,"turns":3},{"damage":11,"enemies":"Red Slaver","floor":8,"turns":3},{"damage":7,"enemies":"Blue Slaver","floor":12,"turns":2},{"damage":0,"enemies":"Exordium Wildlife","floor":14,"turns":3},{"damage":0,"enemies":"Slime Boss","floor":16,"turns":7},{"damage":0,"enemies":"Chosen","floor":18,"turns":4},{"damage":13,"enemies":"Spheric Guardian","floor":19,"turns":6},{"damage":22,"enemies":"Snake Plant","floor":21,"turns":3},{"damage":10,"enemies":"Shelled Parasite and Fungi","floor":22,"turns":4},{"damage":16,"enemies":"Book of Stabbing","floor":23,"turns":6},{"damage":14,"enemies":"3 Cultists","floor":25,"turns":4},{"damage":9,"enemies":"Sentry and Sphere","floor":28,"turns":4},{"damage":9,"enemies":"Colosseum Slavers","floor":29,"turns":4},{"damage":4,"enemies":"Colosseum Nobs","floor":29,"turns":5},{"damage":9,"enemies":"Gremlin Leader","floor":30,"turns":2}],"seed_played":"6738162884162732135","potions_obtained":[{"floor":5,"key":"Explosive Potion"},{"floor":12,"key":"SkillPotion"},{"floor":14,"key":"PowerPotion"},{"floor":17,"key":"GamblersBrew"},{"floor":18,"key":"Explosive Potion"},{"floor":21,"key":"LiquidBronze"},{"floor":23,"key":"EssenceOfSteel"},{"floor":25,"key":"Block Potion"},{"floor":28,"key":"FearPotion"}],"is_trial":false,"path_per_floor":["M","?","$","M","M","R","$","M","T","R","T","M","R","M","R","B",null,"M","M","$","M","M","E","R","M","T","T","M","?","E"],"character_chosen":"DEFECT","items_purchased":["Static Discharge","Ball Lightning","Barrage","Coolheaded","Hello World","Storm","Lantern"],"campfire_rested":2,"item_purchase_floors":[3,3,3,3,7,20,20],"current_hp_per_floor":[69,69,69,68,62,62,62,51,51,51,51,44,44,44,66,66,80,80,67,67,45,35,19,43,29,29,29,20,7,0],"gold":547,"neow_bonus":"HUNDRED_GOLD","is_prod":false,"is_daily":false,"chose_seed":false,"campfire_upgraded":3,"win_rate":0.0,"timestamp":1541426691,"path_taken":["M","?","$","M","?","R","?","M","T","R","?","M","R","M","R","BOSS","M","M","$","M","M","E","R","M","T","?","M","?","E"],"build_version":"2018-11-01","purchased_purges":0,"victory":false,"max_hp_per_floor":[75,75,75,75,75,75,75,75,75,75,75,75,75,75,75,75,80,80,80,80,80,80,80,80,80,80,80,80,80,80],"card_choices":[{"not_picked":["Rebound","Go for the Eyes"],"picked":"Darkness","floor":1},{"not_picked":["Go for the Eyes","Compile Driver"],"picked":"Force Field","floor":4},{"not_picked":["Stack","Melter"],"picked":"Lockon","floor":5},{"not_picked":["Coolheaded","FTL"],"picked":"Conserve Battery","floor":8},{"not_picked":["Conserve Battery+1","Rebound"],"picked":"Defragment","floor":12},{"not_picked":["Barrage","Melter"],"picked":"BootSequence+1","floor":14},{"not_picked":["Buffer","Creative AI"],"picked":"Thunder Strike","floor":16},{"not_picked":["Barrage","Go for the Eyes"],"picked":"Ball Lightning","floor":17},{"not_picked":["Steam+1","Turbo+1"],"picked":"Sweeping Beam","floor":18},{"not_picked":["Rebound","All For One"],"picked":"Loop","floor":19},{"not_picked":["Streamline","Stack+1"],"picked":"Force Field+1","floor":21},{"not_picked":["Stack+1","Redo+1"],"picked":"Chaos+1","floor":22},{"not_picked":["Loop","FTL"],"picked":"Undo+1","floor":23},{"not_picked":["Streamline","Cold Snap"],"picked":"Heatsinks","floor":25},{"not_picked":["Coolheaded+1","Barrage"],"picked":"Chill+1","floor":28},{"not_picked":["Leap+1","Echo Form"],"picked":"Capacitor","floor":29}],"player_experience":13880,"relics_obtained":[{"floor":9,"key":"Mercury Hourglass"},{"floor":11,"key":"Toxic Egg 2"},{"floor":23,"key":"Ornamental Fan"},{"floor":26,"key":"Potion Belt"},{"floor":27,"key":"Juzu Bracelet"},{"floor":29,"key":"Old Coin"},{"floor":29,"key":"Bottled Tornado"}],"event_choices":[{"cards_removed":["Darkness"],"damage_healed":0,"gold_gain":0,"player_choice":"Gave Card","damage_taken":0,"relics_obtained":["StoneCalendar"],"max_hp_gain":0,"max_hp_loss":0,"event_name":"WeMeetAgain","floor":2,"gold_loss":0},{"damage_healed":0,"gold_gain":0,"player_choice":"Fight","damage_taken":0,"max_hp_gain":0,"max_hp_loss":0,"event_name":"Colosseum","floor":29,"gold_loss":0},{"damage_healed":0,"gold_gain":0,"player_choice":"Fought Nobs","damage_taken":0,"max_hp_gain":0,"max_hp_loss":0,"event_name":"Colosseum","floor":29,"gold_loss":0}],"is_beta":false,"boss_relics":[{"not_picked":["Ectoplasm","Calling Bell"],"picked":"Tiny House"}],"items_purged_floors":[],"is_endless":false,"potions_floor_spawned":[5,12,14,18,21,23,25,28],"killed_by":"Gremlin Leader","ascension_level":0}