{"gold_per_floor":[117,130,130,140,157,157,185,185,185,185,219,219,136,156,156,277,277,296,55,55,325,350,350,371,371,447,490,490,490,525,539,539,660,660,674,692,706,729,1062,1062,566,596,596,649,659,173,173,227,227,227],"floor_reached":51,"playtime":1828,"items_purged":["Clothesline"],"score":775,"play_id":"b42d855f-248e-4049-b640-a56b39a19d3d","local_time":"20190408215917","is_ascension_mode":false,"campfire_choices":[{"data":"Bash","floor":6,"key":"SMITH"},{"data":"Perfected Strike","floor":10,"key":"SMITH"},{"data":"Perfected Strike","floor":12,"key":"SMITH"},{"data":"Clothesline","floor":15,"key":"SMITH"},{"data":"Limit Break","floor":23,"key":"SMITH"},{"floor":25,"key":"REST"},{"data":"Perfected Strike","floor":29,"key":"SMITH"},{"floor":32,"key":"REST"},{"data":"Flame Barrier","floor":40,"key":"SMITH"},{"data":"1","floor":47,"key":"LIFT"},{"floor":49,"key":"REST"}],"neow_cost":"NONE","seed_source_timestamp":286806737163800,"circlet_count":0,"master_deck":["Strike_R+1","Strike_R+1","Strike_R","Strike_R","Strike_R","Defend_R","Defend_R","Defend_R","Bash+1","Perfected Strike+1","Anger","Twin Strike","True Grit","Perfected Strike+1","Perfected Strike+1","Inflame","Pommel Strike","Clothesline+1","Limit Break+1","Flame Barrier+1","Inflame","Sentinel+1","Uppercut+1","Dropkick+1","Feel No Pain+1","Iron Wave+1","Immolate+1","Headbutt+1","Clothesline+1","Shrug It Off+1","Flame Barrier","Feed+1","Shockwave","Disarm+1","Offering","Warcry+1","Battle Trance","Inflame+1","Secret Technique","Violence","Dark Shackles","Pommel Strike+1"],"relics":["Burning Blood","Bronze Scales","WingedGreaves","Question Card","Pear","Philosopher\u0027s Stone","Membership Card","Paper Frog","Molten Egg 2","Frozen Egg 2","Velvet Choker","Girya","Toolbox","Omamori","Whetstone","The Courier","Thread and Needle","Centennial Puzzle","Ice Cream","TheAbacus"],"potions_floor_usage":[11,27,30,33,33,33,44,50,50,50],"damage_taken":[{"damage":1,"enemies":"Jaw Worm","floor":1,"turns":4},{"damage":1,"enemies":"Cultist","floor":2,"turns":3},{"damage":5,"enemies":"Small Slimes","floor":4,"turns":2},{"damage":7,"enemies":"3 Louse","floor":5,"turns":4},{"damage":6,"enemies":"Gremlin Nob","floor":7,"turns":3},{"damage":12,"enemies":"Lagavulin","floor":11,"turns":5},{"damage":0,"enemies":"2 Fungi Beasts","floor":14,"turns":2},{"damage":10,"enemies":"Slime Boss","floor":16,"turns":6},{"damage":2,"enemies":"Chosen","floor":18,"turns":3},{"damage":19,"enemies":"2 Thieves","floor":22,"turns":3},{"damage":0,"enemies":"Snecko","floor":24,"turns":4},{"damage":10,"enemies":"Gremlin Leader","floor":27,"turns":6},{"damage":34,"enemies":"Slavers","floor":30,"turns":4},{"damage":7,"enemies":"3 Cultists","floor":31,"turns":4},{"damage":59,"enemies":"Automaton","floor":33,"turns":8},{"damage":11,"enemies":"3 Darklings","floor":35,"turns":5},{"damage":0,"enemies":"Orb Walker","floor":36,"turns":2},{"damage":4,"enemies":"Sphere and 2 Shapes","floor":37,"turns":3},{"damage":9,"enemies":"Jaw Worm Horde","floor":38,"turns":3},{"damage":31,"enemies":"Nemesis","floor":42,"turns":5},{"damage":6,"enemies":"2 Orb Walkers","floor":44,"turns":2},{"damage":0,"enemies":"Spire Growth","floor":45,"turns":3},{"damage":7,"enemies":"4 Shapes","floor":48,"turns":3},{"damage":22,"enemies":"Awakened One","floor":50,"turns":10}],"seed_played":"-2903104296785942348","potions_obtained":[{"floor":2,"key":"Block Potion"},{"floor":11,"key":"SpeedPotion"},{"floor":16,"key":"Energy Potion"},{"floor":27,"key":"BloodPotion"},{"floor":30,"key":"GamblersBrew"},{"floor":31,"key":"Ancient Potion"},{"floor":33,"key":"Poison Potion"},{"floor":36,"key":"AttackPotion"},{"floor":38,"key":"FairyPotion"}],"is_trial":false,"path_per_floor":["M","M","?","M","M","R","E","?","T","R","E","R","$","M","R","B",null,"M","$","?","?","M","R","M","R","T","E","?","R","E","M","R","B",null,"M","M","M","M","?","R","$","E","T","?","M","$","R","M","R","B",null],"character_chosen":"IRONCLAD","items_purchased":["Inflame","Pommel Strike","Membership Card","Inflame","Feed+1","Girya","Shockwave","Dexterity Potion","Dexterity Potion","Toolbox","Omamori","Battle Trance","Centennial Puzzle","Ice Cream","TheAbacus","Swift Potion","Inflame+1","Secret Technique","Violence","Dark Shackles"],"campfire_rested":3,"item_purchase_floors":[13,13,19,19,41,41,41,41,41,41,41,46,46,46,46,46,46,46,46,46],"current_hp_per_floor":[80,80,80,80,79,79,79,59,59,59,63,63,63,69,69,65,90,90,90,90,54,41,41,47,74,74,70,70,70,51,50,77,24,90,85,90,90,87,87,87,87,62,62,62,68,68,68,67,90,74],"gold":227,"neow_bonus":"RANDOM_COMMON_RELIC","is_prod":false,"is_daily":false,"chose_seed":false,"campfire_upgraded":7,"win_rate":1,"timestamp":1554785957,"path_taken":["M","M","?","?","M","R","E","?","T","R","E","R","$","M","R","BOSS","M","$","?","?","M","R","?","R","T","E","?","R","E","M","R","BOSS","M","M","M","?","?","R","$","E","T","?","M","$","R","M","R","BOSS"],"build_version":"2019-01-23","purchased_purges":1,"victory":true,"max_hp_per_floor":[80,80,80,80,80,80,80,80,80,80,90,90,90,90,90,90,90,90,90,90,90,90,90,90,90,90,90,90,90,90,90,90,90,90,90,90,90,90,90,90,90,90,90,90,90,90,90,90,90,90],"card_choices":[{"not_picked":["Wild Strike","Heavy Blade"],"picked":"Perfected Strike","floor":1},{"not_picked":["Havoc","Warcry"],"picked":"Anger","floor":2},{"not_picked":["Intimidate","Flex"],"picked":"Twin Strike","floor":4},{"not_picked":["Rampage","Thunderclap"],"picked":"True Grit","floor":5},{"not_picked":["Clash","Blood for Blood"],"picked":"Perfected Strike","floor":7},{"not_picked":["Bloodletting","Evolve","Power Through"],"picked":"Perfected Strike","floor":11},{"not_picked":["Twin Strike","Thunderclap","Evolve"],"picked":"Clothesline","floor":14},{"not_picked":["Exhume","Brutality","Reaper"],"picked":"Limit Break","floor":16},{"not_picked":["Headbutt","Thunderclap","Clash"],"picked":"Flame Barrier","floor":18},{"not_picked":["Seeing Red","Clash","Cleave"],"picked":"Clothesline","floor":22},{"not_picked":["Infernal Blade+1","Clash","Wild Strike+1"],"picked":"Sentinel+1","floor":24},{"not_picked":["Clothesline+1","Carnage","Heavy Blade"],"picked":"Uppercut+1","floor":27},{"not_picked":["Flex","Pommel Strike+1","Fire Breathing"],"picked":"Feel No Pain","floor":30},{"not_picked":["Warcry+1","Anger+1","Offering"],"picked":"Iron Wave+1","floor":31},{"not_picked":["Double Tap","Offering","Brutality+1"],"picked":"Immolate+1","floor":33},{"not_picked":["Sentinel+1","Infernal Blade+1","Pummel+1"],"picked":"Headbutt+1","floor":35},{"not_picked":["Body Slam+1","Anger+1","Reckless Charge+1"],"picked":"Clothesline+1","floor":36},{"not_picked":["True Grit","Pommel Strike+1","Iron Wave+1"],"picked":"Shrug It Off+1","floor":37},{"not_picked":["Sentinel+1","Combust+1","Warcry+1"],"picked":"Flame Barrier","floor":38},{"not_picked":["Headbutt+1","Battle Trance+1","Thunderclap+1"],"picked":"Disarm+1","floor":42},{"not_picked":["Body Slam+1","Second Wind","Wild Strike+1"],"picked":"Offering","floor":44},{"not_picked":["Clothesline+1","Uppercut+1","Twin Strike+1"],"picked":"Warcry+1","floor":45},{"not_picked":["Hemokinesis+1","Clothesline+1","Wild Strike+1"],"picked":"Pommel Strike+1","floor":48}],"player_experience":228344,"relics_obtained":[{"floor":7,"key":"WingedGreaves"},{"floor":9,"key":"Question Card"},{"floor":11,"key":"Pear"},{"floor":26,"key":"Paper Frog"},{"floor":27,"key":"Molten Egg 2"},{"floor":30,"key":"Frozen Egg 2"},{"floor":42,"key":"Whetstone"},{"floor":43,"key":"The Courier"},{"floor":44,"key":"Thread and Needle"}],"event_choices":[{"damage_healed":0,"gold_gain":0,"player_choice":"Ignored","damage_taken":0,"max_hp_gain":0,"max_hp_loss":0,"event_name":"NoteForYourself","floor":3,"gold_loss":0},{"damage_healed":0,"gold_gain":0,"player_choice":"Take Damage","damage_taken":20,"relics_obtained":["Golden Idol"],"max_hp_gain":0,"max_hp_loss":0,"event_name":"Golden Idol","floor":8,"gold_loss":0},{"damage_healed":0,"gold_gain":0,"player_choice":"Ignored","damage_taken":0,"max_hp_gain":0,"max_hp_loss":0,"event_name":"Vampires","floor":20,"gold_loss":0},{"damage_healed":0,"gold_gain":270,"player_choice":"GOLD GOLD GOLD ","damage_taken":36,"max_hp_gain":0,"max_hp_loss":0,"event_name":"Knowing Skull","floor":21,"potions_obtained":[],"gold_loss":0,"cards_obtained":[]},{"damage_healed":0,"gold_gain":0,"cards_transformed":["Defend_R"],"player_choice":"Transformed","damage_taken":0,"max_hp_gain":0,"max_hp_loss":0,"event_name":"Transmorgrifier","floor":28,"gold_loss":0,"cards_obtained":["Dropkick"]},{"damage_healed":0,"gold_gain":333,"player_choice":"Gave Idol","damage_taken":0,"max_hp_gain":0,"max_hp_loss":0,"event_name":"The Moai Head","floor":39,"relics_lost":["Golden Idol"],"gold_loss":0},{"damage_healed":0,"gold_gain":0,"player_choice":"Fight","damage_taken":0,"max_hp_gain":0,"max_hp_loss":0,"event_name":"Mysterious Sphere","floor":44,"gold_loss":0}],"is_beta":false,"boss_relics":[{"not_picked":["Runic Dome","Tiny House"],"picked":"Philosopher\u0027s Stone"},{"not_picked":["Coffee Dripper","Runic Cube"],"picked":"Velvet Choker"}],"items_purged_floors":[41],"is_endless":false,"potions_floor_spawned":[2,11,16,27,30,31,33,36,38,48],"ascension_level":0}