{"gold_per_floor":[117,136,153,166,176,176,203,203,203,203,217,230,230,247,247,349,349,365,365,365,217,230,230,26,56,103,131,142,155,155,175,175,273,273,288,46,58,73,73,73,73,73,119,168,78,91,117,127,127,127,127,127,44,78,78],"floor_reached":55,"playtime":2233,"items_purged":[],"score":741,"play_id":"7cd7c75e-588c-4e00-8851-3fb3c4d432d5","local_time":"20190406230308","is_ascension_mode":false,"campfire_choices":[{"data":"Bash","floor":6,"key":"SMITH"},{"data":"Perfected Strike","floor":8,"key":"SMITH"},{"data":"Pommel Strike","floor":15,"key":"SMITH"},{"floor":23,"key":"REST"},{"floor":32,"key":"REST"},{"floor":40,"key":"RECALL"},{"floor":42,"key":"REST"},{"floor":49,"key":"REST"},{"floor":52,"key":"REST"}],"neow_cost":"NONE","seed_source_timestamp":187186750693895,"circlet_count":0,"master_deck":["Strike_R+1","Strike_R+1","Strike_R","Strike_R","Defend_R+1","Defend_R","Defend_R+1","Bash+1","Pommel Strike","Perfected Strike+1","Pommel Strike+1","Wild Strike+1","Perfected Strike","Pommel Strike","Shrug It Off","Wild Strike+1","Wild Strike+1","Perfected Strike","Twin Strike+1","Shrug It Off+1","Apotheosis","Pommel Strike+1"],"relics":["Burning Blood","Whetstone","Gambling Chip","Shuriken","Fusion Hammer","MutagenicStrength","Nilry\u0027s Codex","War Paint","Membership Card","Pen Nib","Centennial Puzzle","Dead Branch","Cursed Key","Anchor","Ginger","Champion Belt","Ancient Tea Set","Oddly Smooth Stone"],"potions_floor_usage":[7,16,16,25,25,33,33,38,50,50,50],"damage_taken":[{"damage":1,"enemies":"Cultist","floor":1,"turns":3},{"damage":3,"enemies":"Jaw Worm","floor":2,"turns":4},{"damage":0,"enemies":"Small Slimes","floor":3,"turns":3},{"damage":5,"enemies":"Looter","floor":4,"turns":2},{"damage":7,"enemies":"Exordium Wildlife","floor":5,"turns":3},{"damage":14,"enemies":"Gremlin Nob","floor":7,"turns":3},{"damage":7,"enemies":"3 Louse","floor":11,"turns":3},{"damage":2,"enemies":"2 Fungi Beasts","floor":12,"turns":3},{"damage":9,"enemies":"Gremlin Gang","floor":14,"turns":3},{"damage":55,"enemies":"Hexaghost","floor":16,"turns":6},{"damage":0,"enemies":"Chosen","floor":18,"turns":3},{"damage":4,"enemies":"Shell Parasite","floor":22,"turns":2},{"damage":20,"enemies":"Slavers","floor":25,"turns":4},{"damage":20,"enemies":"Book of Stabbing","floor":27,"turns":4},{"damage":0,"enemies":"Sentry and Sphere","floor":28,"turns":3},{"damage":2,"enemies":"Chosen and Byrds","floor":29,"turns":3},{"damage":14,"enemies":"Centurion and Healer","floor":31,"turns":3},{"damage":70,"enemies":"Champ","floor":33,"turns":9},{"damage":7,"enemies":"3 Shapes","floor":35,"turns":3},{"damage":0,"enemies":"Orb Walker","floor":37,"turns":1},{"damage":13,"enemies":"Maw","floor":38,"turns":4},{"damage":5,"enemies":"2 Orb Walkers","floor":44,"turns":3},{"damage":0,"enemies":"Spire Growth","floor":46,"turns":3},{"damage":19,"enemies":"Giant Head","floor":47,"turns":5},{"damage":0,"enemies":"Jaw Worm Horde","floor":48,"turns":2},{"damage":39,"enemies":"Time Eater","floor":50,"turns":5},{"damage":41,"enemies":"Shield and Spear","floor":54,"turns":5},{"damage":89,"enemies":"The Heart","floor":55,"turns":3}],"seed_played":"-343047107268668606","potions_obtained":[{"floor":2,"key":"SteroidPotion"},{"floor":4,"key":"Poison Potion"},{"floor":11,"key":"SteroidPotion"},{"floor":12,"key":"EssenceOfSteel"},{"floor":16,"key":"FearPotion"},{"floor":22,"key":"Swift Potion"},{"floor":25,"key":"BloodPotion"},{"floor":27,"key":"Ancient Potion"},{"floor":33,"key":"Swift Potion"},{"floor":35,"key":"Block Potion"},{"floor":44,"key":"Strength Potion"},{"floor":46,"key":"Strength Potion"},{"floor":54,"key":"Explosive Potion"}],"is_trial":false,"path_per_floor":["M","M","M","M","M","R","E","R","T","?","M","M","$","M","R","B",null,"M","?","?","$","M","R","$","E","T","E","M","M","?","M","R","B",null,"M","$","M","M","?","R","?","R","T","?","?","M","E","M","R","B",null,"R","$","E","B"],"character_chosen":"IRONCLAD","items_purchased":["War Paint","Membership Card","Anchor","Perfected Strike","Ginger","Apotheosis"],"campfire_rested":5,"item_purchase_floors":[21,24,36,36,36,53],"current_hp_per_floor":[80,80,80,80,79,79,71,71,71,71,70,74,74,71,71,22,80,80,80,64,64,66,80,80,66,66,52,58,62,47,39,64,8,85,84,84,85,78,78,78,78,81,81,81,81,81,68,74,81,48,81,81,81,46,0],"gold":78,"neow_bonus":"RANDOM_COMMON_RELIC","is_prod":false,"is_daily":false,"chose_seed":false,"campfire_upgraded":3,"win_rate":0,"timestamp":1554616988,"path_taken":["M","M","M","M","?","R","E","R","T","?","M","?","$","M","R","BOSS","M","?","?","?","M","R","$","E","T","E","M","M","?","?","R","BOSS","M","$","M","M","?","R","?","R","T","?","?","M","E","?","R","BOSS","R","$","E","BOSS"],"build_version":"2019-01-23","purchased_purges":0,"victory":false,"max_hp_per_floor":[80,80,80,80,80,80,80,80,80,80,80,80,80,80,80,80,80,80,80,80,80,80,80,80,80,80,80,80,80,85,85,85,85,85,85,85,85,85,85,85,81,81,81,81,81,81,81,81,81,81,81,81,81,81,81],"card_choices":[{"not_picked":["Wild Strike","Sentinel"],"picked":"Pommel Strike","floor":1},{"not_picked":["Spot Weakness","Heavy Blade","Disarm"],"picked":"SKIP","floor":2},{"not_picked":["Flex","Sever Soul"],"picked":"Perfected Strike","floor":3},{"not_picked":["Clothesline","Shrug It Off","Carnage"],"picked":"SKIP","floor":4},{"not_picked":["Bloodletting","Whirlwind","Infernal Blade"],"picked":"SKIP","floor":5},{"not_picked":["Searing Blow","Rampage","Clothesline"],"picked":"SKIP","floor":7},{"not_picked":["Entrench","Twin Strike"],"picked":"Pommel Strike","floor":11},{"not_picked":["Double Tap","Heavy Blade","Entrench"],"picked":"SKIP","floor":12},{"not_picked":["Fire Breathing","Cleave","Headbutt"],"picked":"SKIP","floor":14},{"not_picked":["Havoc","Carnage"],"picked":"Wild Strike+1","floor":18},{"not_picked":["Sword Boomerang","Flex"],"picked":"Perfected Strike","floor":22},{"not_picked":["Dual Wield","Offering"],"picked":"Pommel Strike","floor":25},{"not_picked":["Sword Boomerang","Body Slam+1"],"picked":"Shrug It Off","floor":27},{"not_picked":["Cleave","Rampage","Heavy Blade"],"picked":"SKIP","floor":28},{"not_picked":["Headbutt","Inflame"],"picked":"Wild Strike","floor":29},{"not_picked":["Flex","Heavy Blade","Ghostly Armor"],"picked":"SKIP","floor":31},{"not_picked":["Anger+1","Headbutt+1"],"picked":"Wild Strike+1","floor":35},{"not_picked":["Heavy Blade+1","Shrug It Off","Warcry+1"],"picked":"SKIP","floor":37},{"not_picked":["Immolate","Iron Wave","Armaments+1"],"picked":"SKIP","floor":38},{"not_picked":["True Grit","Iron Wave+1","Cleave+1"],"picked":"SKIP","floor":46},{"not_picked":["Thunderclap","Shockwave"],"picked":"Twin Strike+1","floor":47},{"not_picked":["Metallicize","Intimidate+1"],"picked":"Shrug It Off+1","floor":48},{"not_picked":["Rampage","Spot Weakness+1"],"picked":"Pommel Strike+1","floor":54}],"player_experience":515314,"relics_obtained":[{"floor":7,"key":"Gambling Chip"},{"floor":9,"key":"Shuriken"},{"floor":20,"key":"Nilry\u0027s Codex"},{"floor":25,"key":"Pen Nib"},{"floor":26,"key":"Centennial Puzzle"},{"floor":27,"key":"Dead Branch"},{"floor":44,"key":"Champion Belt"},{"floor":47,"key":"Ancient Tea Set"},{"floor":54,"key":"Oddly Smooth Stone"}],"event_choices":[{"cards_removed":["Defend_R"],"damage_healed":0,"gold_gain":0,"player_choice":"Offered Basic","damage_taken":0,"max_hp_gain":0,"max_hp_loss":0,"event_name":"Bonfire Elementals","floor":10,"gold_loss":0},{"damage_healed":0,"gold_gain":0,"player_choice":"Inject Mutagens","damage_taken":0,"relics_obtained":["MutagenicStrength"],"max_hp_gain":0,"max_hp_loss":0,"event_name":"Drug Dealer","floor":19,"gold_loss":0},{"damage_healed":0,"gold_gain":0,"player_choice":"Obtained Book","damage_taken":16,"max_hp_gain":0,"max_hp_loss":0,"event_name":"Cursed Tome","floor":20,"gold_loss":0},{"damage_healed":0,"gold_gain":0,"player_choice":"Shed Blood","damage_taken":20,"max_hp_gain":5,"max_hp_loss":0,"event_name":"Forgotten Altar","floor":30,"gold_loss":0},{"cards_removed":["Strike_R"],"damage_healed":0,"gold_gain":0,"player_choice":"Removed Attack","damage_taken":0,"max_hp_gain":0,"max_hp_loss":0,"event_name":"Falling","floor":39,"gold_loss":0},{"damage_healed":0,"gold_gain":0,"player_choice":"Max HP","damage_taken":0,"max_hp_gain":0,"max_hp_loss":4,"event_name":"Winding Halls","floor":41,"gold_loss":0},{"damage_healed":0,"gold_gain":0,"player_choice":"Fight","damage_taken":0,"max_hp_gain":0,"max_hp_loss":0,"event_name":"Mysterious Sphere","floor":44,"gold_loss":0},{"cards_removed":["Clumsy"],"damage_healed":0,"gold_gain":0,"player_choice":"Upgrade and Remove","damage_taken":0,"max_hp_gain":0,"max_hp_loss":0,"event_name":"Designer","floor":45,"gold_loss":90,"cards_upgraded":["Wild Strike"]}],"is_beta":false,"boss_relics":[{"not_picked":["Eternal Feather","Orrery"],"picked":"Fusion Hammer"},{"not_picked":["Busted Crown","White Beast Statue"],"picked":"Cursed Key"}],"items_purged_floors":[],"is_endless":false,"potions_floor_spawned":[2,4,11,12,16,22,25,27,29,33,35,44,46,48,54],"killed_by":"The Heart","ascension_level":0}