{"gold_per_floor":[14,14,29,47,147,177,177,204,204,204,237,255,255,255,255,386,386,401,75,95,118,118,118,149,102,102,102,21,44,44,85,85,213,213,234,258,272,272,293,293,324,324,351,351,394,418,418,108,108,108],"floor_reached":51,"playtime":5915,"items_purged":["Storm"],"score":810,"play_id":"90dfa596-a0c4-4088-a770-5645857e8665","local_time":"20190412160707","is_ascension_mode":true,"campfire_choices":[{"data":"Zap","floor":7,"key":"SMITH"},{"data":"Coolheaded","floor":10,"key":"SMITH"},{"data":"Chill","floor":13,"key":"SMITH"},{"data":"Go for the Eyes","floor":15,"key":"SMITH"},{"data":"Creative AI","floor":23,"key":"SMITH"},{"floor":27,"key":"REST"},{"data":"Seek","floor":32,"key":"SMITH"},{"data":"Go for the Eyes","floor":40,"key":"SMITH"},{"floor":44,"key":"RECALL"},{"data":"Glacier","floor":47,"key":"SMITH"},{"data":"Defragment","floor":49,"key":"SMITH"}],"neow_cost":"NO_GOLD","seed_source_timestamp":353694353033,"circlet_count":0,"master_deck":["Strike_B","Strike_B+1","Strike_B+1","Strike_B","Defend_B","Defend_B","Zap+1","Dualcast","Coolheaded+1","Cold Snap","Cold Snap","Go for the Eyes+1","Chill+1","Compile Driver","Master of Strategy","Conserve Battery+1","Glacier+1","Seek+1","Go for the Eyes+1","Seek","Parasite","Ball Lightning","Fission","Defragment+1","Amplify","Flash of Steel+1"],"relics":["Cracked Core","Gambling Chip","Turnip","Matryoshka","Orichalcum","Pantograph","Blood Vial","Golden Idol","Black Star","Art of War","DataDisk","Symbiotic Virus","Gremlin Horn","FossilizedHelix","Pear","Ice Cream","Inserter","Du-Vu Doll","Letter Opener","Pen Nib","Molten Egg 2"],"potions_floor_usage":[8,16,21,24,39,39,39,41,46,46,50],"damage_taken":[{"damage":0,"enemies":"Cultist","floor":1,"turns":4},{"damage":1,"enemies":"2 Louse","floor":3,"turns":2},{"damage":3,"enemies":"Small Slimes","floor":4,"turns":4},{"damage":11,"enemies":"Lagavulin","floor":6,"turns":8},{"damage":15,"enemies":"Gremlin Nob","floor":8,"turns":4},{"damage":0,"enemies":"3 Sentries","floor":11,"turns":8},{"damage":2,"enemies":"2 Fungi Beasts","floor":12,"turns":3},{"damage":4,"enemies":"Slime Boss","floor":16,"turns":9},{"damage":3,"enemies":"3 Byrds","floor":18,"turns":6},{"damage":3,"enemies":"Chosen","floor":20,"turns":5},{"damage":26,"enemies":"3 Cultists","floor":21,"turns":7},{"damage":4,"enemies":"Book of Stabbing","floor":24,"turns":10},{"damage":0,"enemies":"Snecko","floor":29,"turns":4},{"damage":18,"enemies":"Slavers","floor":31,"turns":6},{"damage":31,"enemies":"Automaton","floor":33,"turns":13},{"damage":0,"enemies":"3 Shapes","floor":35,"turns":5},{"damage":0,"enemies":"Orb Walker","floor":36,"turns":4},{"damage":3,"enemies":"Writhing Mass","floor":37,"turns":9},{"damage":6,"enemies":"Transient","floor":39,"turns":5},{"damage":13,"enemies":"Reptomancer","floor":41,"turns":14},{"damage":39,"enemies":"Nemesis","floor":45,"turns":11},{"damage":0,"enemies":"Spire Growth","floor":46,"turns":6},{"damage":4,"enemies":"Time Eater","floor":50,"turns":18}],"seed_played":"-7326630171811650919","potions_obtained":[{"floor":3,"key":"Fire Potion"},{"floor":4,"key":"Regen Potion"},{"floor":12,"key":"Block Potion"},{"floor":16,"key":"EssenceOfSteel"},{"floor":18,"key":"PowerPotion"},{"floor":29,"key":"Regen Potion"},{"floor":35,"key":"EntropicBrew"},{"floor":39,"key":"AttackPotion"},{"floor":45,"key":"AttackPotion"}],"is_trial":false,"path_per_floor":["?","?","M","?","?","$","$","?","?","M"],"character_chosen":"DEFECT","items_purchased":["Art of War","Master of Strategy","Go for the Eyes","Storm","Defragment","Amplify","Flash of Steel+1"],"campfire_rested":1,"item_purchase_floors":[19,19,25,28,48,48,48],"current_hp_per_floor":[75,60,59,56,56,45,45,42,42,42,42,42,42,24,24,47,75,72,72,71,47,47,47,45,45,45,67,67,69,69,63,63,54,85,85,85,82,82,78,78,67,67,67,67,30,47,47,47,47,70],"gold":108,"neow_bonus":"ONE_RARE_RELIC","is_prod":false,"is_daily":false,"chose_seed":false,"campfire_upgraded":9,"win_rate":0,"timestamp":1555078027,"path_taken":["M","?","M","M","?","E","R","E","T","R","E","?","R","?","R","BOSS","M","$","M","M","?","R","E","?","T","R","$","M","?","E","R","BOSS","M","M","M","?","M","R","E","?","T","R","E","?","R","$","R","BOSS"],"build_version":"2019-01-23","purchased_purges":1,"victory":true,"max_hp_per_floor":[75,75,75,75,75,75,75,75,75,75,75,75,75,75,75,75,75,75,75,75,75,75,75,75,75,75,75,75,75,75,85,85,85,85,85,85,85,85,85,85,85,85,85,85,85,85,85,85,85,85],"card_choices":[{"not_picked":["Genetic Algorithm","Reinforced Body"],"picked":"Coolheaded","floor":1},{"not_picked":["Tempest","Lockon","Turbo"],"picked":"SKIP","floor":3},{"not_picked":["Streamline","Recycle"],"picked":"Cold Snap","floor":4},{"not_picked":["Darkness","Double Energy"],"picked":"Cold Snap","floor":6},{"not_picked":["Stack","Barrage"],"picked":"Go for the Eyes","floor":8},{"not_picked":["Steam","Self Repair"],"picked":"Chill","floor":11},{"not_picked":["Streamline","Machine Learning"],"picked":"Compile Driver","floor":12},{"not_picked":["Fission","Core Surge"],"picked":"Creative AI","floor":16},{"not_picked":["Streamline","Tempest","Redo"],"picked":"SKIP","floor":18},{"not_picked":["Stack","Coolheaded+1"],"picked":"Conserve Battery+1","floor":20},{"not_picked":["Rebound","Leap"],"picked":"Glacier","floor":21},{"not_picked":["Hello World+1","Reprogram"],"picked":"Seek","floor":24},{"not_picked":["Ball Lightning+1","Gash","Rebound"],"picked":"SKIP","floor":29},{"not_picked":["Hologram","Compile Driver+1","Beam Cell"],"picked":"SKIP","floor":31},{"not_picked":["Meteor Strike","Hyperbeam"],"picked":"Seek","floor":33},{"not_picked":["Force Field+1","Streamline","Rip and Tear+1"],"picked":"SKIP","floor":35},{"not_picked":["Coolheaded+1","Leap","Turbo"],"picked":"SKIP","floor":36},{"not_picked":["Darkness","Reprogram","Reboot"],"picked":"SKIP","floor":37},{"not_picked":["Cold Snap+1","Steam","Gash"],"picked":"SKIP","floor":39},{"not_picked":["Scrape","Turbo"],"picked":"Ball Lightning","floor":41},{"not_picked":["Conserve Battery+1","Stack+1","Hologram"],"picked":"SKIP","floor":45},{"not_picked":["Sunder+1","Steam","Heatsinks+1"],"picked":"SKIP","floor":46}],"player_experience":88670,"relics_obtained":[{"floor":6,"key":"Turnip"},{"floor":8,"key":"Matryoshka"},{"floor":9,"key":"Orichalcum"},{"floor":9,"key":"Pantograph"},{"floor":11,"key":"Blood Vial"},{"floor":24,"key":"DataDisk"},{"floor":24,"key":"Symbiotic Virus"},{"floor":26,"key":"Gremlin Horn"},{"floor":26,"key":"FossilizedHelix"},{"floor":31,"key":"Pear"},{"floor":31,"key":"Ice Cream"},{"floor":41,"key":"Du-Vu Doll"},{"floor":41,"key":"Letter Opener"},{"floor":45,"key":"Pen Nib"},{"floor":45,"key":"Molten Egg 2"}],"event_choices":[{"damage_healed":0,"gold_gain":0,"player_choice":"Entered Light","damage_taken":15,"max_hp_gain":0,"max_hp_loss":0,"event_name":"Shining Light","floor":2,"gold_loss":0,"cards_upgraded":["Strike_B","Strike_B"]},{"damage_healed":0,"gold_gain":100,"player_choice":"Gold","damage_taken":0,"max_hp_gain":0,"max_hp_loss":0,"event_name":"Wheel of Change","floor":5,"gold_loss":0},{"damage_healed":0,"gold_gain":0,"player_choice":"Take Damage","damage_taken":18,"relics_obtained":["Golden Idol"],"max_hp_gain":0,"max_hp_loss":0,"event_name":"Golden Idol","floor":14,"gold_loss":0},{"cards_removed":["Defend_B"],"damage_healed":0,"gold_gain":0,"player_choice":"Offered Basic","damage_taken":0,"max_hp_gain":0,"max_hp_loss":0,"event_name":"Bonfire Elementals","floor":22,"gold_loss":0},{"cards_removed":["Creative AI"],"damage_healed":0,"gold_gain":0,"player_choice":"Removed Power","damage_taken":0,"max_hp_gain":0,"max_hp_loss":0,"event_name":"Falling","floor":38,"gold_loss":0},{"damage_healed":0,"gold_gain":0,"cards_transformed":["Defend_B"],"player_choice":"Transformed","damage_taken":0,"max_hp_gain":0,"max_hp_loss":0,"event_name":"Transmorgrifier","floor":42,"gold_loss":0,"cards_obtained":["Fission"]}],"is_beta":false,"boss_relics":[{"not_picked":["Empty Cage","Lizard Tail"],"picked":"Black Star"},{"not_picked":["Velvet Choker","Astrolabe"],"picked":"Inserter"}],"items_purged_floors":[48],"is_endless":false,"potions_floor_spawned":[3,4,12,16,18,29,35,36,39,45],"ascension_level":2}