{"gold_per_floor":[111,111,126,3,3,3,37,37,60,60,60,78,42,72,72,172,172,172,127,127,16,16,16,16,16,16,16,16,16,16,16,16,16,16,16,0,0,0,0,0,0,0,0,0,0,0,0,0,0,0],"floor_reached":51,"playtime":2265,"items_purged":[],"score":751,"play_id":"e9353b58-9df6-4397-8f01-40ae0e299e6d","local_time":"20190412161214","is_ascension_mode":false,"campfire_choices":[{"data":"Bash","floor":6,"key":"SMITH"},{"data":"Clothesline","floor":8,"key":"SMITH"},{"data":"Demon Form","floor":10,"key":"SMITH"},{"data":"Seeing Red","floor":15,"key":"SMITH"},{"data":"Immolate","floor":23,"key":"SMITH"},{"floor":25,"key":"REST"},{"data":"Double Tap","floor":32,"key":"SMITH"},{"data":"Offering","floor":41,"key":"SMITH"},{"data":"1","floor":46,"key":"LIFT"},{"data":"2","floor":49,"key":"LIFT"}],"neow_cost":"NONE","seed_source_timestamp":17998851715800,"circlet_count":0,"master_deck":["Strike_R","Strike_R","Strike_R","Defend_R","Defend_R","Defend_R","Defend_R","Bash+1","Cleave","Uppercut+1","Demon Form+1","Clothesline+1","Seeing Red+1","Iron Wave","Feel No Pain","Reaper","Immolate+1","Shrug It Off+1","Carnage+1","Flame Barrier","Inflame","Intimidate","Double Tap+1","Feel No Pain","True Grit","Pommel Strike+1","Inflame","Whirlwind+1","Shrug It Off+1","Power Through+1","Offering+1","Seeing Red","Warcry","True Grit+1"],"relics":["Burning Blood","Unceasing Top","Boot","Potion Belt","Ectoplasm","Bag of Marbles","Regal Pillow","Charon\u0027s Ashes","Runic Dome","Red Mask","Mango","Girya","Juzu Bracelet","Paper Frog","Red Skull"],"potions_floor_usage":[7,19,30,33,39,40,40,40,50],"damage_taken":[{"damage":15,"enemies":"Jaw Worm","floor":1,"turns":4},{"damage":1,"enemies":"Cultist","floor":3,"turns":3},{"damage":26,"enemies":"3 Sentries","floor":7,"turns":7},{"damage":0,"enemies":"2 Louse","floor":12,"turns":3},{"damage":8,"enemies":"Lagavulin","floor":14,"turns":5},{"damage":32,"enemies":"Hexaghost","floor":16,"turns":8},{"damage":8,"enemies":"Chosen","floor":18,"turns":5},{"damage":20,"enemies":"2 Thieves","floor":19,"turns":3},{"damage":15,"enemies":"Chosen and Byrds","floor":22,"turns":6},{"damage":41,"enemies":"Slavers","floor":24,"turns":9},{"damage":2,"enemies":"Centurion and Healer","floor":27,"turns":5},{"damage":17,"enemies":"Shelled Parasite and Fungi","floor":28,"turns":3},{"damage":8,"enemies":"Book of Stabbing","floor":30,"turns":6},{"damage":16,"enemies":"Sentry and Sphere","floor":31,"turns":4},{"damage":54,"enemies":"Automaton","floor":33,"turns":8},{"damage":0,"enemies":"3 Darklings","floor":35,"turns":1},{"damage":0,"enemies":"Orb Walker","floor":38,"turns":3},{"damage":28,"enemies":"Sphere and 2 Shapes","floor":39,"turns":6},{"damage":12,"enemies":"Giant Head","floor":40,"turns":8},{"damage":6,"enemies":"Mind Bloom Boss Battle","floor":42,"turns":4},{"damage":6,"enemies":"Transient","floor":44,"turns":5},{"damage":35,"enemies":"Reptomancer","floor":47,"turns":5},{"damage":48,"enemies":"Donu and Deca","floor":50,"turns":7}],"seed_played":"4058382796772171091","potions_obtained":[{"floor":0,"key":"GamblersBrew"},{"floor":0,"key":"FairyPotion"},{"floor":0,"key":"EssenceOfSteel"},{"floor":1,"key":"Swift Potion"},{"floor":27,"key":"Poison Potion"},{"floor":29,"key":"SkillPotion"},{"floor":29,"key":"AttackPotion"},{"floor":29,"key":"Ancient Potion"},{"floor":30,"key":"SteroidPotion"},{"floor":38,"key":"Swift Potion"},{"floor":40,"key":"Ancient Potion"},{"floor":47,"key":"Block Potion"}],"is_trial":false,"path_per_floor":["M","?","M","$","?","R","E","R","T","R","$","M","$","E","R","B",null,"M","M","?","$","M","R","E","R","T","M","M","?","E","M","R","B",null,"M","?","?","M","M","E","R","?","T","M","T","R","E","?","R","B",null],"character_chosen":"IRONCLAD","items_purchased":["Demon Form","Clothesline","Feel No Pain","Flame Barrier","Inflame"],"campfire_rested":1,"item_purchase_floors":[4,4,13,21,21],"current_hp_per_floor":[71,71,76,76,76,76,56,56,56,56,56,62,62,60,60,34,80,78,64,64,64,55,55,35,59,59,68,57,57,64,68,68,49,80,80,80,80,80,73,81,81,87,87,94,94,94,94,94,94,94],"gold":0,"neow_bonus":"THREE_SMALL_POTIONS","is_prod":false,"is_daily":false,"chose_seed":false,"campfire_upgraded":7,"win_rate":1,"timestamp":1555110734,"path_taken":["M","?","M","?","?","R","E","R","T","R","$","M","?","E","R","BOSS","M","M","?","$","M","R","E","R","T","?","M","?","E","?","R","BOSS","M","?","?","?","M","E","R","?","T","M","?","R","E","?","R","BOSS"],"build_version":"2019-01-23","purchased_purges":0,"victory":true,"max_hp_per_floor":[80,80,80,80,80,80,80,80,80,80,80,80,80,80,80,80,80,80,80,80,80,80,80,80,80,80,80,80,80,80,80,80,80,80,80,80,80,80,80,94,94,94,94,94,94,94,94,94,94,94],"card_choices":[{"not_picked":["Wild Strike","Intimidate"],"picked":"Cleave","floor":1},{"not_picked":["Pommel Strike","Pummel"],"picked":"Uppercut","floor":3},{"not_picked":["Armaments","Clothesline"],"picked":"Seeing Red","floor":7},{"not_picked":["Sword Boomerang","Combust"],"picked":"Iron Wave","floor":12},{"not_picked":["Barricade","Seeing Red"],"picked":"Reaper","floor":14},{"not_picked":["Brutality","Juggernaut"],"picked":"Immolate","floor":16},{"not_picked":["Iron Wave","Headbutt"],"picked":"Shrug It Off+1","floor":18},{"not_picked":["Twin Strike","Pummel"],"picked":"Carnage+1","floor":19},{"not_picked":["Dual Wield+1","Armaments"],"picked":"Intimidate","floor":22},{"not_picked":["Clothesline","Bloodletting"],"picked":"Double Tap","floor":24},{"not_picked":["Clash","Perfected Strike"],"picked":"Feel No Pain","floor":27},{"not_picked":["Sword Boomerang","Havoc"],"picked":"True Grit","floor":28},{"not_picked":["Entrench","Wild Strike"],"picked":"Pommel Strike+1","floor":30},{"not_picked":["Hemokinesis+1","Havoc"],"picked":"Inflame","floor":31},{"not_picked":["Dark Embrace","Immolate"],"picked":"Feed","floor":33},{"not_picked":["Rupture","True Grit+1"],"picked":"Whirlwind+1","floor":35},{"not_picked":["Carnage","Heavy Blade+1"],"picked":"Power Through+1","floor":38},{"not_picked":["Pummel","Armaments"],"picked":"Offering","floor":39},{"not_picked":["Armaments","Sever Soul+1"],"picked":"Seeing Red","floor":40},{"not_picked":["Clash+1","Thunderclap+1"],"picked":"Warcry","floor":42},{"not_picked":["Infernal Blade+1","Warcry+1"],"picked":"True Grit+1","floor":44},{"not_picked":["Anger","Infernal Blade"],"picked":"Metallicize","floor":47}],"player_experience":314790,"relics_obtained":[{"floor":7,"key":"Unceasing Top"},{"floor":9,"key":"Boot"},{"floor":14,"key":"Potion Belt"},{"floor":24,"key":"Bag of Marbles"},{"floor":26,"key":"Regal Pillow"},{"floor":30,"key":"Charon\u0027s Ashes"},{"floor":40,"key":"Mango"},{"floor":42,"key":"Girya"},{"floor":43,"key":"Juzu Bracelet"},{"floor":45,"key":"Paper Frog"},{"floor":47,"key":"Red Skull"}],"event_choices":[{"cards_removed":["Strike_R"],"damage_healed":0,"gold_gain":0,"player_choice":"Offered Basic","damage_taken":0,"max_hp_gain":0,"max_hp_loss":0,"event_name":"Bonfire Elementals","floor":2,"gold_loss":0},{"damage_healed":0,"gold_gain":0,"player_choice":"Grow","damage_taken":0,"max_hp_gain":0,"max_hp_loss":0,"event_name":"Living Wall","floor":5,"gold_loss":0,"cards_upgraded":["Uppercut"]},{"cards_removed":["Strike_R"],"damage_healed":0,"gold_gain":0,"player_choice":"Card Removal","damage_taken":0,"max_hp_gain":0,"max_hp_loss":0,"event_name":"Wheel of Change","floor":20,"gold_loss":0},{"damage_healed":0,"gold_gain":0,"player_choice":"Got Potions","damage_taken":0,"max_hp_gain":0,"max_hp_loss":0,"event_name":"Lab","floor":29,"gold_loss":0},{"damage_healed":0,"gold_gain":0,"player_choice":"Paid","damage_taken":0,"relics_obtained":["Red Mask"],"max_hp_gain":0,"max_hp_loss":0,"event_name":"Tomb of Lord Red Mask","floor":36,"gold_loss":16},{"cards_removed":["Feed"],"damage_healed":0,"gold_gain":0,"player_choice":"Took Card","damage_taken":0,"max_hp_gain":0,"max_hp_loss":0,"event_name":"NoteForYourself","floor":37,"gold_loss":0,"cards_obtained":["Shrug It Off"]},{"damage_healed":0,"gold_gain":0,"player_choice":"Fight","damage_taken":0,"max_hp_gain":0,"max_hp_loss":0,"event_name":"MindBloom","floor":42,"gold_loss":0},{"cards_removed":["Metallicize"],"damage_healed":0,"gold_gain":0,"player_choice":"Removed Power","damage_taken":0,"max_hp_gain":0,"max_hp_loss":0,"event_name":"Falling","floor":48,"gold_loss":0}],"is_beta":false,"boss_relics":[{"not_picked":["Runic Cube","Pandora\u0027s Box"],"picked":"Ectoplasm"},{"not_picked":["Astrolabe","Tiny House"],"picked":"Runic Dome"}],"items_purged_floors":[],"is_endless":false,"potions_floor_spawned":[1,3,27,30,31,38,40,47],"ascension_level":0}