{"gold_per_floor":[115,132,132,157,82,82,114,114,192,208,233,247,147,163,163,263,263,276,201,76,87,87,87,113,113,138,138,156,171,42,61,61,160,160,170,120,132,232,247,276,276,293,368,379,390,425,441,0,0,0],"floor_reached":51,"playtime":2178,"items_purged":["Defend_R+1","Strike_R","Defend_R+1","Defend_R+1","Strike_R"],"score":1107,"play_id":"edce756e-6dae-4a4d-b4dc-02f5afa34448","local_time":"20190418091119","is_ascension_mode":true,"campfire_choices":[{"data":"Bash","floor":6.0,"key":"SMITH"},{"data":"Pommel Strike","floor":15.0,"key":"SMITH"},{"floor":23.0,"key":"REST"},{"floor":25.0,"key":"REST"},{"floor":27.0,"key":"REST"},{"floor":32.0,"key":"REST"},{"floor":41,"key":"REST"},{"floor":49,"key":"RECALL"}],"neow_cost":"NONE","seed_source_timestamp":0,"circlet_count":0,"master_deck":["Bash+1","Shrug It Off","Pommel Strike+1","Dropkick","Thunderclap+1","Spot Weakness+1"],"special_seed":0,"relics":["Burning Blood","NeowsBlessing","War Paint","Art of War","Matryoshka","Ice Cream","Fusion Hammer","Smiling Mask","Lantern","Bronze Scales","Empty Cage","Ancient Tea Set","Letter Opener","Sundial","Nunchaku","Red Mask"],"potions_floor_usage":[40,50,50],"damage_taken":[{"damage":0.0,"enemies":"2 Louse","floor":1.0,"turns":1.0},{"damage":0.0,"enemies":"Jaw Worm","floor":2.0,"turns":1.0},{"damage":0.0,"enemies":"3 Sentries","floor":7.0,"turns":1.0},{"damage":2.0,"enemies":"Small Slimes","floor":10.0,"turns":4.0},{"damage":33.0,"enemies":"Lagavulin","floor":11.0,"turns":11.0},{"damage":8.0,"enemies":"Exordium Wildlife","floor":12.0,"turns":4.0},{"damage":0.0,"enemies":"Blue Slaver","floor":14.0,"turns":4.0},{"damage":44.0,"enemies":"The Guardian","floor":16.0,"turns":19.0},{"damage":2.0,"enemies":"Chosen","floor":18.0,"turns":3.0},{"damage":14.0,"enemies":"2 Thieves","floor":21.0,"turns":4.0},{"damage":58.0,"enemies":"Slavers","floor":24.0,"turns":9.0},{"damage":16.0,"enemies":"Centurion and Healer","floor":28.0,"turns":5.0},{"damage":8.0,"enemies":"Cultist and Chosen","floor":29.0,"turns":6.0},{"damage":10.0,"enemies":"Shelled Parasite and Fungi","floor":31.0,"turns":2.0},{"damage":0.0,"enemies":"Collector","floor":33.0,"turns":2.0},{"damage":2.0,"enemies":"Orb Walker","floor":35.0,"turns":2.0},{"damage":4.0,"enemies":"3 Shapes","floor":37.0,"turns":4.0},{"damage":1.0,"enemies":"Maw","floor":39.0,"turns":8.0},{"damage":18,"enemies":"Reptomancer","floor":40,"turns":2},{"damage":16,"enemies":"Jaw Worm Horde","floor":42,"turns":3},{"damage":0,"enemies":"Spire Growth","floor":44,"turns":1},{"damage":0,"enemies":"Transient","floor":45,"turns":1},{"damage":0,"enemies":"Nemesis","floor":46,"turns":1},{"damage":0,"enemies":"Jaw Worm Horde","floor":47,"turns":1},{"damage":0,"enemies":"Awakened One","floor":50,"turns":3}],"seed_played":"-6184005301810357436","potions_obtained":[{"floor":7.0,"key":"FearPotion"},{"floor":10.0,"key":"SkillPotion"},{"floor":11.0,"key":"Regen Potion"},{"floor":16.0,"key":"SkillPotion"},{"floor":24.0,"key":"Swift Potion"},{"floor":28.0,"key":"Weak Potion"},{"floor":31.0,"key":"AttackPotion"},{"floor":33.0,"key":"SteroidPotion"},{"floor":35.0,"key":"Poison Potion"},{"floor":40,"key":"EssenceOfSteel"}],"is_trial":false,"path_per_floor":["M","M","?","T","$","R","E","?","T","M","E","M","$","M","R","B",null,"M","?","$","M","$","R","E","R","T","R","M","M","$","M","R","B",null,"M","$","M","?","M","E","R","M","T","M","M","E","M","?","R","B",null],"character_chosen":"IRONCLAD","items_purchased":["Dropkick"],"campfire_rested":5,"item_purchase_floors":[30],"current_hp_per_floor":[80,80,64,64,64,64,70,70,70,74,47,45,45,51,51,13,80,80,80,80,72,72,80,42,66,66,80,70,68,68,64,80,80,80,80,80,80,80,80,68,80,70,70,76,80,80,80,80,80,80],"gold":0,"neow_bonus":"THREE_ENEMY_KILL","is_prod":false,"is_daily":false,"chose_seed":false,"campfire_upgraded":2,"win_rate":0,"timestamp":1555603879,"path_taken":["M","M","?","?","$","R","E","?","T","M","E","M","$","M","R","BOSS","M","?","$","M","$","R","E","R","T","R","M","M","$","M","R","BOSS","M","$","M","?","?","E","R","M","T","M","M","E","M","?","R","BOSS"],"build_version":"2019-01-23","purchased_purges":5,"victory":true,"max_hp_per_floor":[80,80,80,80,80,80,80,80,80,80,80,80,80,80,80,80,80,80,80,80,80,80,80,80,80,80,80,80,80,80,80,80,80,80,80,80,80,80,80,80,80,80,80,80,80,80,80,80,80,80],"card_choices":[{"not_picked":["Warcry","Clash"],"picked":"Shrug It Off","floor":1.0},{"not_picked":["Shockwave","Havoc","Burning Pact"],"picked":"SKIP","floor":2.0},{"not_picked":["Flex","Metallicize","Armaments"],"picked":"SKIP","floor":7.0},{"not_picked":["Metallicize","Havoc","Sword Boomerang"],"picked":"SKIP","floor":10.0},{"not_picked":["Shockwave","Sword Boomerang","Warcry"],"picked":"SKIP","floor":11.0},{"not_picked":["Sword Boomerang","Battle Trance"],"picked":"Pommel Strike","floor":12.0},{"not_picked":["Clash","Perfected Strike","Iron Wave"],"picked":"SKIP","floor":14.0},{"not_picked":["Clothesline","Shrug It Off","Clash"],"picked":"SKIP","floor":18.0},{"not_picked":["Whirlwind","Clothesline","Flex+1"],"picked":"SKIP","floor":21.0},{"not_picked":["Body Slam","Sword Boomerang","Barricade"],"picked":"SKIP","floor":24.0},{"not_picked":["Sword Boomerang+1","Wild Strike+1","Second Wind"],"picked":"SKIP","floor":28.0},{"not_picked":["Sever Soul","Carnage","Sword Boomerang"],"picked":"SKIP","floor":29.0},{"not_picked":["Sword Boomerang","Entrench","Headbutt"],"picked":"SKIP","floor":31.0},{"not_picked":["Armaments","Evolve","Twin Strike+1"],"picked":"SKIP","floor":35.0},{"not_picked":["Havoc+1","Power Through","Body Slam"],"picked":"SKIP","floor":37.0},{"not_picked":["Clash","Iron Wave","Hemokinesis"],"picked":"SKIP","floor":39.0},{"not_picked":["Searing Blow","Headbutt+1","Twin Strike+1"],"picked":"SKIP","floor":40},{"not_picked":["Havoc","Perfected Strike"],"picked":"Thunderclap+1","floor":42},{"not_picked":["Sword Boomerang+1","True Grit","Shrug It Off"],"picked":"SKIP","floor":44},{"not_picked":["Burning Pact+1","Sword Boomerang","Hemokinesis+1"],"picked":"SKIP","floor":45},{"not_picked":["Heavy Blade","Disarm+1"],"picked":"Spot Weakness+1","floor":46},{"not_picked":["Headbutt+1","Burning Pact","Iron Wave"],"picked":"SKIP","floor":47}],"player_experience":562384,"relics_obtained":[{"floor":4.0,"key":"War Paint"},{"floor":7.0,"key":"Art of War"},{"floor":9.0,"key":"Matryoshka"},{"floor":11.0,"key":"Ice Cream"},{"floor":24.0,"key":"Smiling Mask"},{"floor":26.0,"key":"Lantern"},{"floor":26.0,"key":"Bronze Scales"},{"floor":40,"key":"Ancient Tea Set"},{"floor":43,"key":"Letter Opener"},{"floor":43,"key":"Sundial"},{"floor":46,"key":"Nunchaku"}],"event_choices":[{"damage_healed":0.0,"max_hp_gain":0.0,"max_hp_loss":0.0,"gold_gain":0.0,"event_name":"Shining Light","player_choice":"Entered Light","floor":3.0,"gold_loss":0.0,"damage_taken":16.0,"cards_upgraded":["Defend_R","Defend_R"]},{"cards_removed":["Strike_R"],"damage_healed":0.0,"max_hp_gain":0.0,"max_hp_loss":0.0,"gold_gain":0.0,"event_name":"Living Wall","player_choice":"Forget","floor":8.0,"gold_loss":0.0,"damage_taken":0.0},{"cards_removed":["Strike_R"],"damage_healed":0.0,"max_hp_gain":0.0,"max_hp_loss":0.0,"gold_gain":0.0,"event_name":"Beggar","player_choice":"Gave Gold","floor":19.0,"gold_loss":75.0,"damage_taken":0.0},{"damage_healed":0.0,"max_hp_gain":0.0,"max_hp_loss":0.0,"gold_gain":100.0,"event_name":"Golden Shrine","player_choice":"Pray","floor":38.0,"gold_loss":0.0,"damage_taken":0.0},{"damage_healed":0,"gold_gain":0,"player_choice":"Paid","damage_taken":0,"relics_obtained":["Red Mask"],"max_hp_gain":0,"max_hp_loss":0,"event_name":"Tomb of Lord Red Mask","floor":48,"gold_loss":441}],"is_beta":false,"boss_relics":[{"not_picked":["Coffee Dripper","Velvet Choker"],"picked":"Fusion Hammer"},{"not_picked":["Eternal Feather","Busted Crown"],"picked":"Empty Cage"}],"items_purged_floors":[5,13,20,30,36],"is_endless":false,"potions_floor_spawned":[7,10,11,16,24,28,31,33,35,37,40,42,44],"ascension_level":1}