{"gold_per_floor":[119,137,152,163,177,211,211,223,223,223,498,423,423,453,453,524,524,543,562,562,562,469,501,513,523,523,248,248],"floor_reached":28,"playtime":1564,"items_purged":["Regret","Regret"],"score":450,"play_id":"7b4be253-883d-440f-9c2d-3dad60ec2e86","local_time":"20190330213258","is_ascension_mode":true,"campfire_choices":[{"floor":7.0,"key":"REST"},{"floor":10.0,"key":"REST"},{"data":"Loop","floor":13.0,"key":"SMITH"},{"data":"Consume","floor":15.0,"key":"SMITH"}],"neow_cost":"NONE","seed_source_timestamp":0,"circlet_count":0,"master_deck":["AscendersBane","Strike_B+1","Strike_B+1","Strike_B+1","Strike_B+1","Defend_B+1","Defend_B+1","Defend_B+1","Defend_B+1","Zap+1","Dualcast","Loop+1","Gash","Consume+1","Conserve Battery","Reboot","Electrodynamics","Ball Lightning+1","Ball Lightning","Capacitor","Coolheaded","Cold Snap","Creative AI"],"special_seed":0,"relics":["Cracked Core","Pantograph","Matryoshka","Mummified Hand","Cursed Key","Pear","Juzu Bracelet","Kunai"],"potions_floor_usage":[23,28],"damage_taken":[{"damage":0.0,"enemies":"Cultist","floor":1.0,"turns":4.0},{"damage":7.0,"enemies":"2 Louse","floor":2.0,"turns":2.0},{"damage":4.0,"enemies":"Small Slimes","floor":3.0,"turns":3.0},{"damage":1.0,"enemies":"Exordium Wildlife","floor":4.0,"turns":3.0},{"damage":1.0,"enemies":"Looter","floor":5.0,"turns":3.0},{"damage":38.0,"enemies":"Gremlin Nob","floor":6.0,"turns":4.0},{"damage":9.0,"enemies":"Large Slime","floor":8.0,"turns":5.0},{"damage":18.0,"enemies":"Lagavulin","floor":14.0,"turns":7.0},{"damage":31.0,"enemies":"Slime Boss","floor":16.0,"turns":6.0},{"damage":0.0,"enemies":"Spheric Guardian","floor":18.0,"turns":3.0},{"damage":4.0,"enemies":"3 Byrds","floor":19.0,"turns":1.0},{"damage":50,"enemies":"Book of Stabbing","floor":23,"turns":6},{"damage":12,"enemies":"Centurion and Healer","floor":24,"turns":4},{"damage":0,"enemies":"Snake Plant","floor":25,"turns":2},{"damage":6,"enemies":"Colosseum Slavers","floor":28,"turns":1}],"seed_played":"6800265380612865620","potions_obtained":[{"floor":1.0,"key":"Block Potion"},{"floor":5.0,"key":"Dexterity Potion"},{"floor":6.0,"key":"LiquidBronze"},{"floor":19.0,"key":"Strength Potion"}],"is_trial":false,"path_per_floor":["M","M","M","M","M","E","R","M","T","R","?","$","R","E","R","B",null,"M","M","?","?","$","E","M","M","T","$","?"],"character_chosen":"DEFECT","items_purchased":["Capacitor","Coolheaded","Creative AI"],"campfire_rested":2,"item_purchase_floors":[22,22,27],"current_hp_per_floor":[64,57,53,52,51,13,34,25,25,46,46,46,46,28,28,22,59,59,55,55,55,55,15,3,3,3,3,0],"gold":248,"neow_bonus":"UPGRADE_CARD","is_prod":false,"is_daily":false,"chose_seed":false,"campfire_upgraded":2,"win_rate":0,"timestamp":1553949178,"path_taken":["M","M","M","?","M","E","R","M","T","R","?","$","R","E","R","BOSS","M","M","?","?","$","E","M","M","T","$","?"],"build_version":"2019-01-23","purchased_purges":2,"victory":false,"max_hp_per_floor":[71,71,71,71,71,71,71,71,71,71,71,71,71,71,71,71,71,71,71,71,71,71,81,81,81,81,81,81],"card_choices":[{"not_picked":["Self Repair","Hologram"],"picked":"Loop","floor":1.0},{"not_picked":["Beam Cell","Compile Driver","Barrage"],"picked":"SKIP","floor":2.0},{"not_picked":["Aggregate","Double Energy"],"picked":"Gash","floor":3.0},{"not_picked":["Beam Cell","Chaos","Barrage"],"picked":"SKIP","floor":4.0},{"not_picked":["Hologram","Cold Snap"],"picked":"Consume","floor":5.0},{"not_picked":["Rip and Tear","Double Energy","Tempest"],"picked":"SKIP","floor":6.0},{"not_picked":["Steam","Compile Driver"],"picked":"Conserve Battery","floor":8.0},{"not_picked":["Redo","Sweeping Beam"],"picked":"Reboot","floor":14.0},{"not_picked":["Core Surge","Multi-Cast"],"picked":"Electrodynamics","floor":16.0},{"not_picked":["Gash+1","Leap"],"picked":"Ball Lightning+1","floor":18.0},{"not_picked":["Lockon","Turbo"],"picked":"Ball Lightning","floor":19.0},{"not_picked":["Coolheaded","Go for the Eyes"],"picked":"Cold Snap","floor":23},{"not_picked":["Reinforced Body","Rip and Tear","Steam Power"],"picked":"SKIP","floor":24},{"not_picked":["Turbo","Rebound","Chaos"],"picked":"SKIP","floor":25}],"player_experience":423381,"relics_obtained":[{"floor":6.0,"key":"Pantograph"},{"floor":9.0,"key":"Matryoshka"},{"floor":14.0,"key":"Mummified Hand"},{"floor":23,"key":"Pear"},{"floor":26,"key":"Juzu Bracelet"},{"floor":26,"key":"Kunai"}],"event_choices":[{"damage_healed":0.0,"max_hp_gain":0.0,"max_hp_loss":0.0,"gold_gain":275.0,"event_name":"Golden Shrine","player_choice":"Desecrate","floor":11.0,"gold_loss":0.0,"damage_taken":0.0,"cards_obtained":["Regret"]},{"damage_healed":0.0,"max_hp_gain":0.0,"max_hp_loss":0.0,"gold_gain":0.0,"event_name":"Ghosts","player_choice":"Ignored","floor":20.0,"gold_loss":0.0,"damage_taken":0.0},{"damage_healed":0.0,"max_hp_gain":0.0,"max_hp_loss":0.0,"gold_gain":0.0,"event_name":"Back to Basics","player_choice":"Simplicity","floor":21.0,"gold_loss":0.0,"damage_taken":0.0,"cards_upgraded":["Strike_B","Strike_B","Strike_B","Strike_B","Defend_B","Defend_B","Defend_B","Defend_B"]},{"damage_healed":0,"gold_gain":0,"player_choice":"Fight","damage_taken":0,"max_hp_gain":0,"max_hp_loss":0,"event_name":"Colosseum","floor":28,"gold_loss":0}],"is_beta":false,"boss_relics":[{"not_picked":["Black Star","Snecko Eye"],"picked":"Cursed Key"}],"items_purged_floors":[12,27],"is_endless":false,"potions_floor_spawned":[1,5,6,14,18,19],"killed_by":"Colosseum Slavers","ascension_level":16}