{"gold_per_floor":[110,123,136,136,136,161,172,197,224,224,238,238,250,250,250,355,355,375,386,386,63,74,74,74,74,125,153,2,12,12,39,39,143,143,163,163,181,196,296,296,326,326,372,385,385,396,406,146,146,146],"floor_reached":51,"playtime":1898,"items_purged":[],"score":802,"play_id":"6541efe8-116f-42b6-b749-86f39ea5c46c","local_time":"20190408212820","is_ascension_mode":false,"campfire_choices":[{"data":"Bash","floor":10,"key":"SMITH"},{"data":"Clothesline","floor":12,"key":"SMITH"},{"data":"Immolate","floor":15,"key":"SMITH"},{"data":"Disarm","floor":23,"key":"SMITH"},{"data":"Perfected Strike","floor":25,"key":"SMITH"},{"data":"Demon Form","floor":30,"key":"SMITH"},{"data":"Perfected Strike","floor":32,"key":"SMITH"},{"data":"Double Tap","floor":40,"key":"SMITH"},{"data":"Heavy Blade","floor":42,"key":"SMITH"},{"data":"Shrug It Off","floor":49,"key":"SMITH"}],"neow_cost":"NONE","seed_source_timestamp":284877910901500,"circlet_count":0,"master_deck":["Strike_R","Strike_R","Strike_R","Strike_R","Strike_R","Defend_R+1","Defend_R+1","Defend_R","Defend_R","Bash+1","Clothesline+1","Perfected Strike+1","Perfected Strike+1","Disarm+1","Immolate+1","Demon Form+1","Double Tap+1","Cleave+1","Ghostly Armor","Headbutt","PanicButton","Anger","Shrug It Off+1","Perfected Strike+1","Brutality","Headbutt","Ghostly Armor+1","Heavy Blade+1"],"relics":["Burning Blood","Nunchaku","Red Skull","War Paint","Gremlin Horn","Velvet Choker","Oddly Smooth Stone","Centennial Puzzle","Happy Flower","Bag of Marbles","Paper Frog","Philosopher\u0027s Stone","Thread and Needle","Bag of Preparation","Dream Catcher","Self Forming Clay"],"potions_floor_usage":[8,50,50,50,50,50,50],"damage_taken":[{"damage":1,"enemies":"Jaw Worm","floor":1,"turns":4},{"damage":3,"enemies":"Small Slimes","floor":2,"turns":3},{"damage":0,"enemies":"Cultist","floor":3,"turns":4},{"damage":27,"enemies":"Gremlin Nob","floor":6,"turns":4},{"damage":18,"enemies":"Exordium Thugs","floor":7,"turns":5},{"damage":18,"enemies":"Lagavulin","floor":8,"turns":6},{"damage":0,"enemies":"2 Fungi Beasts","floor":11,"turns":2},{"damage":11,"enemies":"Exordium Wildlife","floor":13,"turns":4},{"damage":39,"enemies":"The Guardian","floor":16,"turns":10},{"damage":0,"enemies":"Spheric Guardian","floor":18,"turns":3},{"damage":0,"enemies":"3 Byrds","floor":19,"turns":3},{"damage":0,"enemies":"Snake Plant","floor":22,"turns":3},{"damage":27,"enemies":"Slavers","floor":27,"turns":4},{"damage":8,"enemies":"Centurion and Healer","floor":29,"turns":2},{"damage":0,"enemies":"Book of Stabbing","floor":31,"turns":3},{"damage":29,"enemies":"Champ","floor":33,"turns":9},{"damage":3,"enemies":"3 Darklings","floor":35,"turns":2},{"damage":0,"enemies":"3 Shapes","floor":37,"turns":2},{"damage":24,"enemies":"Maw","floor":38,"turns":5},{"damage":0,"enemies":"Mind Bloom Boss Battle","floor":39,"turns":4},{"damage":0,"enemies":"Nemesis","floor":41,"turns":5},{"damage":0,"enemies":"3 Darklings","floor":44,"turns":4},{"damage":9,"enemies":"Transient","floor":46,"turns":5},{"damage":7,"enemies":"Jaw Worm Horde","floor":47,"turns":2},{"damage":32,"enemies":"Awakened One","floor":50,"turns":7}],"seed_played":"7083736155500781676","potions_obtained":[{"floor":3,"key":"Dexterity Potion"},{"floor":6,"key":"Dexterity Potion"},{"floor":11,"key":"EntropicBrew"},{"floor":16,"key":"Explosive Potion"},{"floor":22,"key":"Energy Potion"}],"is_trial":false,"path_per_floor":["M","M","M","?","?","E","M","E","T","R","M","R","M","T","R","B",null,"M","M","?","$","M","R","$","R","T","E","$","M","R","E","R","B",null,"M","?","M","M","?","R","E","R","T","M","?","M","M","$","R","B",null],"character_chosen":"IRONCLAD","items_purchased":["Ghostly Armor","Headbutt","Oddly Smooth Stone","PanicButton","Bag of Marbles","Self Forming Clay"],"campfire_rested":0,"item_purchase_floors":[21,21,21,21,28,48],"current_hp_per_floor":[88,88,88,93,93,72,60,48,48,48,54,54,49,49,49,16,93,93,93,93,93,93,93,93,93,93,72,72,70,70,76,76,53,93,93,93,93,75,81,81,87,87,87,93,93,90,89,89,89,63],"gold":146,"neow_bonus":"TEN_PERCENT_HP_BONUS","is_prod":false,"is_daily":false,"chose_seed":false,"campfire_upgraded":10,"win_rate":1,"timestamp":1554784100,"path_taken":["M","M","M","?","?","E","M","E","T","R","M","R","?","?","R","BOSS","M","M","?","$","M","R","$","R","T","E","?","M","R","E","R","BOSS","M","?","M","M","?","R","E","R","T","M","?","M","M","$","R","BOSS"],"build_version":"2019-01-23","purchased_purges":0,"victory":true,"max_hp_per_floor":[88,88,88,93,93,93,93,93,93,93,93,93,93,93,93,93,93,93,93,93,93,93,93,93,93,93,93,93,93,93,93,93,93,93,93,93,93,93,93,93,93,93,93,93,93,93,93,93,93,93],"card_choices":[{"not_picked":["Headbutt","Whirlwind"],"picked":"Clothesline","floor":1},{"not_picked":["True Grit","Second Wind"],"picked":"Perfected Strike","floor":2},{"not_picked":["Warcry","Feel No Pain"],"picked":"Perfected Strike","floor":3},{"not_picked":["Corruption","Flex"],"picked":"Disarm","floor":6},{"not_picked":["Burning Pact","Warcry"],"picked":"Immolate","floor":7},{"not_picked":["Hemokinesis","Corruption"],"picked":"Demon Form","floor":8},{"not_picked":["Heavy Blade","Corruption","Wild Strike"],"picked":"SKIP","floor":11},{"not_picked":["Clothesline","Infernal Blade"],"picked":"Iron Wave","floor":13},{"not_picked":["Juggernaut","Barricade"],"picked":"Double Tap","floor":16},{"not_picked":["Flex","Warcry"],"picked":"Cleave+1","floor":18},{"not_picked":["Dropkick","Wild Strike","Clothesline"],"picked":"SKIP","floor":19},{"not_picked":["Dropkick","Havoc"],"picked":"Anger","floor":22},{"not_picked":["Blood for Blood","Cleave+1"],"picked":"Shrug It Off","floor":27},{"not_picked":["Perfected Strike","Bludgeon","Second Wind"],"picked":"SKIP","floor":29},{"not_picked":["Entrench","Armaments"],"picked":"Perfected Strike+1","floor":31},{"not_picked":["Juggernaut","Berserk"],"picked":"Brutality","floor":33},{"not_picked":["Bloodletting","Entrench+1"],"picked":"Headbutt","floor":35},{"not_picked":["Infernal Blade","Anger+1","Bloodletting+1"],"picked":"SKIP","floor":37},{"not_picked":["Metallicize","Iron Wave+1"],"picked":"Ghostly Armor+1","floor":38},{"not_picked":["Second Wind","Heavy Blade","Perfected Strike"],"picked":"SKIP","floor":41},{"not_picked":["Second Wind","Perfected Strike"],"picked":"Heavy Blade","floor":41},{"not_picked":["Seeing Red","Body Slam","Entrench"],"picked":"SKIP","floor":44},{"not_picked":["Fiend Fire","Burning Pact","Infernal Blade+1"],"picked":"SKIP","floor":46},{"not_picked":["Rampage","Warcry","Corruption"],"picked":"SKIP","floor":47}],"player_experience":226446,"relics_obtained":[{"floor":6,"key":"Nunchaku"},{"floor":8,"key":"Red Skull"},{"floor":9,"key":"War Paint"},{"floor":14,"key":"Gremlin Horn"},{"floor":26,"key":"Centennial Puzzle"},{"floor":27,"key":"Happy Flower"},{"floor":31,"key":"Paper Frog"},{"floor":39,"key":"Thread and Needle"},{"floor":41,"key":"Bag of Preparation"},{"floor":43,"key":"Dream Catcher"}],"event_choices":[{"damage_healed":0,"gold_gain":0,"player_choice":"Donut","damage_taken":0,"max_hp_gain":5,"max_hp_loss":0,"event_name":"Big Fish","floor":4,"gold_loss":0},{"damage_healed":0,"gold_gain":0,"player_choice":"Bought 0 Potions","damage_taken":0,"max_hp_gain":0,"max_hp_loss":0,"event_name":"The Woman in Blue","floor":5,"gold_loss":0},{"damage_healed":0,"gold_gain":0,"player_choice":"Ignored","damage_taken":0,"max_hp_gain":0,"max_hp_loss":0,"event_name":"NoteForYourself","floor":20,"gold_loss":0},{"cards_removed":["Iron Wave"],"damage_healed":0,"gold_gain":0,"player_choice":"Removed Attack","damage_taken":0,"max_hp_gain":0,"max_hp_loss":0,"event_name":"Falling","floor":36,"gold_loss":0},{"damage_healed":0,"gold_gain":0,"player_choice":"Fight","damage_taken":0,"max_hp_gain":0,"max_hp_loss":0,"event_name":"MindBloom","floor":39,"gold_loss":0},{"damage_healed":0,"gold_gain":0,"player_choice":"Ignored","damage_taken":0,"max_hp_gain":0,"max_hp_loss":0,"event_name":"Tomb of Lord Red Mask","floor":45,"gold_loss":0}],"is_beta":false,"boss_relics":[{"not_picked":["Orrery","Eternal Feather"],"picked":"Velvet Choker"},{"not_picked":["Black Blood","Calling Bell"],"picked":"Philosopher\u0027s Stone"}],"items_purged_floors":[],"is_endless":false,"potions_floor_spawned":[3,6,11,16,19,22,27,29,37,39,46],"ascension_level":0}