{"gold_per_floor":[118,118,36,49,95,130,141,170,232,244,311,339,351,126,126,222,222,233,245,2,15,35,35,62,62,62,62,94,104,104,119,119,214,214,229,29,44,54,68,68,103,4,30,30,30,61,81,101,101,101],"floor_reached":51,"playtime":2771,"items_purged":["Entrench"],"score":842,"play_id":"6d7c251b-4c78-4290-8208-37e5c965cb2e","local_time":"20190416145025","is_ascension_mode":false,"campfire_choices":[{"data":"Carnage","floor":13.0,"key":"SMITH"},{"floor":15.0,"key":"REST"},{"data":"Limit Break","floor":23.0,"key":"SMITH"},{"data":"Panacea","floor":25.0,"key":"SMITH"},{"floor":27.0,"key":"REST"},{"floor":32,"key":"REST"},{"data":"Clothesline","floor":40,"key":"SMITH"},{"data":"True Grit","floor":45,"key":"SMITH"},{"data":"Flame Barrier","floor":49,"key":"SMITH"}],"neow_cost":"PERCENT_DAMAGE","seed_source_timestamp":358158216082200,"circlet_count":0,"master_deck":["Strike_R","Strike_R","Strike_R","Strike_R","Defend_R","Defend_R","Defend_R","Defend_R","Bash+1","True Grit+1","Carnage+1","Shrug It Off","Wild Strike","Clothesline+1","Feed","True Grit","Ghostly Armor","Limit Break+1","Panacea+1","Feed","Shrug It Off","Havoc+1","Wild Strike+1","Spot Weakness","Flame Barrier+1","Impervious","Pommel Strike+1","Shockwave+1","Clothesline+1","Armaments+1","Spot Weakness+1"],"special_seed":0,"relics":["Burning Blood","Ice Cream","Strawberry","Red Skull","MawBank","Potion Belt","Tiny Chest","Runic Dome","Bag of Preparation","Shuriken","Omamori","Vajra","Snecko Eye","Lantern","Oddly Smooth Stone","Pen Nib","Boot"],"potions_floor_usage":[38,46,50,50,50,50],"damage_taken":[{"damage":12.0,"enemies":"Small Slimes","floor":1.0,"turns":4.0},{"damage":1.0,"enemies":"Cultist","floor":4.0,"turns":3.0},{"damage":21.0,"enemies":"Lagavulin","floor":6.0,"turns":6.0},{"damage":0.0,"enemies":"Jaw Worm","floor":7.0,"turns":2.0},{"damage":23.0,"enemies":"3 Sentries","floor":8.0,"turns":7.0},{"damage":14.0,"enemies":"Gremlin Nob","floor":11.0,"turns":3.0},{"damage":8.0,"enemies":"Lots of Slimes","floor":12.0,"turns":6.0},{"damage":39.0,"enemies":"Slime Boss","floor":16.0,"turns":10.0},{"damage":0.0,"enemies":"Chosen","floor":18.0,"turns":5.0},{"damage":12.0,"enemies":"3 Byrds","floor":19.0,"turns":8.0},{"damage":10.0,"enemies":"Centurion and Healer","floor":21.0,"turns":7.0},{"damage":2.0,"enemies":"Shelled Parasite and Fungi","floor":22.0,"turns":5.0},{"damage":66.0,"enemies":"Gremlin Leader","floor":24.0,"turns":9.0},{"damage":33.0,"enemies":"Slavers","floor":28.0,"turns":6.0},{"damage":6.0,"enemies":"Snake Plant","floor":29.0,"turns":4.0},{"damage":14,"enemies":"3 Cultists","floor":31,"turns":5},{"damage":52,"enemies":"Collector","floor":33,"turns":11},{"damage":3,"enemies":"3 Shapes","floor":35,"turns":7},{"damage":16,"enemies":"3 Darklings","floor":37,"turns":7},{"damage":4,"enemies":"Transient","floor":38,"turns":5},{"damage":11,"enemies":"Writhing Mass","floor":39,"turns":5},{"damage":0,"enemies":"Giant Head","floor":41,"turns":5},{"damage":33,"enemies":"Nemesis","floor":46,"turns":7},{"damage":0,"enemies":"Jaw Worm Horde","floor":47,"turns":5},{"damage":0,"enemies":"Transient","floor":48,"turns":5},{"damage":3,"enemies":"Donu and Deca","floor":50,"turns":9}],"seed_played":"3917739122390698851","potions_obtained":[{"floor":4.0,"key":"SteroidPotion"},{"floor":12.0,"key":"SkillPotion"},{"floor":16.0,"key":"PowerPotion"},{"floor":19.0,"key":"BloodPotion"},{"floor":21.0,"key":"Block Potion"},{"floor":24.0,"key":"Poison Potion"},{"floor":37,"key":"SpeedPotion"},{"floor":39,"key":"BloodPotion"},{"floor":41,"key":"Fire Potion"},{"floor":48,"key":"LiquidBronze"}],"is_trial":false,"path_per_floor":["M","?","$","M","T","E","M","E","T","?","E","M","R","$","R","B",null,"M","M","$","M","M","R","E","R","T","R","E","M","?","M","R","B",null,"M","$","M","M","M","R","E","$","T","?","R","E","M","M","R","B",null],"character_chosen":"IRONCLAD","items_purchased":["Carnage","Limit Break","Panacea","Fire Potion","FearPotion","Bag of Preparation","Lantern","AttackPotion","SpeedPotion","FearPotion"],"campfire_rested":3,"item_purchase_floors":[3,14,14,20,20,20,36,36,42,42],"current_hp_per_floor":[50,50,50,55,62,47,53,36,36,36,28,29,29,29,56,26,93,96,93,93,92,102,102,52,52,52,84,63,63,39,37,74,28,125,131,131,124,126,121,121,127,127,127,132,132,108,117,123,123,126],"gold":101,"neow_bonus":"ONE_RARE_RELIC","is_prod":false,"is_daily":false,"chose_seed":false,"campfire_upgraded":6,"win_rate":1,"timestamp":1555451425,"path_taken":["M","?","$","?","?","E","M","E","T","?","E","M","R","$","R","BOSS","M","M","$","M","M","R","E","R","T","R","E","?","?","M","R","BOSS","M","$","M","M","M","R","E","$","T","?","R","E","M","M","R","BOSS"],"build_version":"2019-01-23","purchased_purges":1,"victory":true,"max_hp_per_floor":[80,80,80,80,87,87,87,87,87,87,87,90,90,90,90,93,93,96,99,99,102,108,108,108,108,108,108,114,114,119,125,125,125,125,131,131,134,134,134,134,134,134,134,134,134,137,140,140,140,140],"card_choices":[{"not_picked":["Twin Strike","Searing Blow"],"picked":"True Grit","floor":1.0},{"not_picked":["Perfected Strike","Dropkick"],"picked":"Shrug It Off","floor":4.0},{"not_picked":["Flex","Body Slam"],"picked":"Wild Strike","floor":6.0},{"not_picked":["Rampage","Clash"],"picked":"Clothesline","floor":7.0},{"not_picked":["Spot Weakness","Havoc"],"picked":"Feed","floor":8.0},{"not_picked":["Wild Strike","Pommel Strike"],"picked":"True Grit","floor":11.0},{"not_picked":["Fire Breathing","Dropkick"],"picked":"Ghostly Armor","floor":12.0},{"not_picked":["Brutality","Fiend Fire"],"picked":"Feed","floor":16.0},{"not_picked":["Rage","Anger"],"picked":"Shrug It Off","floor":18.0},{"not_picked":["True Grit","Thunderclap"],"picked":"Havoc+1","floor":19.0},{"not_picked":["Fire Breathing","Blood for Blood","Evolve"],"picked":"SKIP","floor":21.0},{"not_picked":["Ghostly Armor","Warcry"],"picked":"Wild Strike+1","floor":22.0},{"not_picked":["Sword Boomerang","Reckless Charge+1","Searing Blow+1"],"picked":"SKIP","floor":24.0},{"not_picked":["Entrench+1","Armaments"],"picked":"Spot Weakness","floor":28.0},{"not_picked":["Anger","Thunderclap+1"],"picked":"Flame Barrier","floor":29.0},{"not_picked":["Second Wind","True Grit"],"picked":"Anger+1","floor":31},{"not_picked":["Barricade","Feed"],"picked":"Impervious","floor":33},{"not_picked":["Thunderclap+1","Ghostly Armor"],"picked":"Pommel Strike+1","floor":35},{"not_picked":["Sword Boomerang","True Grit","Rampage+1"],"picked":"SKIP","floor":37},{"not_picked":["Clash+1","Thunderclap+1"],"picked":"Shockwave+1","floor":38},{"not_picked":["Body Slam","Dropkick+1"],"picked":"Clothesline+1","floor":39},{"not_picked":["Wild Strike","Clothesline","Entrench+1"],"picked":"SKIP","floor":41},{"not_picked":["Brutality","Intimidate"],"picked":"Armaments+1","floor":46},{"not_picked":["Headbutt","Bloodletting"],"picked":"Spot Weakness+1","floor":47},{"not_picked":["Dual Wield","Cleave+1","Infernal Blade"],"picked":"SKIP","floor":48}],"player_experience":396009,"relics_obtained":[{"floor":5.0,"key":"Strawberry"},{"floor":6.0,"key":"Red Skull"},{"floor":8.0,"key":"MawBank"},{"floor":9.0,"key":"Potion Belt"},{"floor":11.0,"key":"Tiny Chest"},{"floor":24.0,"key":"Shuriken"},{"floor":26.0,"key":"Omamori"},{"floor":28.0,"key":"Vajra"},{"floor":41,"key":"Oddly Smooth Stone"},{"floor":43,"key":"Pen Nib"},{"floor":46,"key":"Boot"}],"event_choices":[{"damage_healed":0.0,"max_hp_gain":0.0,"max_hp_loss":0.0,"gold_gain":0.0,"event_name":"Accursed Blacksmith","player_choice":"Forge","floor":2.0,"gold_loss":0.0,"damage_taken":0.0,"cards_upgraded":["Bash"]},{"damage_healed":0.0,"max_hp_gain":0.0,"max_hp_loss":0.0,"gold_gain":0.0,"cards_transformed":["Strike_R"],"event_name":"Transmorgrifier","player_choice":"Transformed","floor":10.0,"gold_loss":0.0,"damage_taken":0.0,"cards_obtained":["Entrench"]},{"damage_healed":0.0,"max_hp_gain":5.0,"max_hp_loss":0.0,"gold_gain":0.0,"event_name":"Forgotten Altar","player_choice":"Shed Blood","floor":30.0,"gold_loss":0.0,"damage_taken":29.0},{"cards_removed":["Anger"],"damage_healed":5,"gold_gain":0,"player_choice":"Offered Common","damage_taken":0,"max_hp_gain":0,"max_hp_loss":0,"event_name":"Bonfire Elementals","floor":44,"gold_loss":0},{"cards_removed":["Anger"],"damage_healed":5,"gold_gain":0,"player_choice":"Offered Special","damage_taken":0,"max_hp_gain":0,"max_hp_loss":0,"event_name":"Bonfire Elementals","floor":44,"gold_loss":0}],"is_beta":false,"boss_relics":[{"not_picked":["Velvet Choker","Eternal Feather"],"picked":"Runic Dome"},{"not_picked":["Empty Cage","Mark of Pain"],"picked":"Snecko Eye"}],"items_purged_floors":[14],"is_endless":false,"potions_floor_spawned":[4,12,16,19,21,24,37,39,41,48],"ascension_level":0}