{"gold_per_floor":[117,131,131,146,161,190,202,202,202,237,248,21,32,48,48,147,447,466,451,464,141,153,153],"floor_reached":23,"playtime":3058,"items_purged":["Regret"],"score":209,"play_id":"276177f9-79ab-48e0-a7a3-fffa9e59f7e9","local_time":"20190404230305","is_ascension_mode":false,"campfire_choices":[{"floor":8,"key":"REST"},{"floor":15,"key":"REST"}],"neow_cost":"TEN_PERCENT_HP_LOSS","seed_source_timestamp":45499178130288,"circlet_count":0,"master_deck":["Strike_B","Strike_B","Strike_B","Strike_B","Defend_B","Defend_B","Defend_B","Defend_B","Zap","Dualcast","Ball Lightning","Barrage","Cold Snap","Defragment","Redo","Thunder Strike","Leap","Coolheaded","Defragment+1","Loop+1","Seek","Fusion","Echo Form+1","Consume","Reboot","Decay","Doubt","Streamline+1","Turbo+1","Steam+1","Loop+1","White Noise","Bandage Up"],"relics":["Cracked Core","Bird Faced Urn","Dream Catcher","Bag of Marbles","Frozen Egg 2","Thread and Needle","Calling Bell","Omamori","Mummified Hand","Old Coin"],"potions_floor_usage":[14,16,16,20],"damage_taken":[{"damage":2,"enemies":"2 Louse","floor":1,"turns":2},{"damage":0,"enemies":"Cultist","floor":2,"turns":3},{"damage":6,"enemies":"Jaw Worm","floor":4,"turns":2},{"damage":5,"enemies":"2 Fungi Beasts","floor":5,"turns":3},{"damage":11,"enemies":"Lagavulin","floor":6,"turns":6},{"damage":18,"enemies":"Exordium Thugs","floor":7,"turns":4},{"damage":16,"enemies":"3 Sentries","floor":10,"turns":7},{"damage":0,"enemies":"Blue Slaver","floor":11,"turns":3},{"damage":0,"enemies":"Looter","floor":13,"turns":3},{"damage":3,"enemies":"Exordium Thugs","floor":14,"turns":4},{"damage":16,"enemies":"The Guardian","floor":16,"turns":9},{"damage":8,"enemies":"Spheric Guardian","floor":18,"turns":5},{"damage":11,"enemies":"2 Thieves","floor":19,"turns":4},{"damage":23,"enemies":"3 Cultists","floor":20,"turns":8},{"damage":42,"enemies":"Shelled Parasite and Fungi","floor":22,"turns":6},{"damage":11,"enemies":"Colosseum Slavers","floor":23,"turns":2}],"seed_played":"2970846878638513990","potions_obtained":[{"floor":1,"key":"SpeedPotion"},{"floor":4,"key":"Energy Potion"},{"floor":6,"key":"EssenceOfSteel"},{"floor":7,"key":"Ancient Potion"},{"floor":11,"key":"Weak Potion"},{"floor":14,"key":"SpeedPotion"},{"floor":18,"key":"LiquidBronze"}],"is_trial":false,"path_per_floor":["?","M","M","?"],"character_chosen":"DEFECT","items_purchased":["Loop+1","Seek","Loop+1","White Noise","Bandage Up"],"campfire_rested":2,"item_purchase_floors":[12,12,21,21,21],"current_hp_per_floor":[66,66,66,60,55,46,30,50,50,36,38,38,40,41,61,53,68,60,53,36,36,6,0],"gold":153,"neow_bonus":"ONE_RARE_RELIC","is_prod":false,"is_daily":false,"chose_seed":false,"campfire_upgraded":0,"win_rate":0.0,"timestamp":1554411785,"path_taken":["M","M","?","M","M","E","M","R","T","E","M","$","?","M","R","BOSS","M","M","?","$","M","?"],"build_version":"2019-01-23","purchased_purges":1,"victory":false,"max_hp_per_floor":[68,68,68,68,68,68,68,68,68,68,68,68,68,68,68,68,68,68,68,68,68,68,68],"card_choices":[{"not_picked":["Reinforced Body","Leap"],"picked":"Ball Lightning","floor":1},{"not_picked":["Skim","Conserve Battery"],"picked":"Barrage","floor":2},{"not_picked":["Steam","Double Energy"],"picked":"Cold Snap","floor":4},{"not_picked":["Blizzard","Turbo"],"picked":"Defragment","floor":5},{"not_picked":["Compile Driver","Hello World"],"picked":"Redo","floor":6},{"not_picked":["Turbo","Sweeping Beam"],"picked":"Thunder Strike","floor":7},{"not_picked":["Hologram","Aggregate"],"picked":"Leap","floor":8},{"not_picked":["Aggregate","Reprogram"],"picked":"Coolheaded","floor":10},{"not_picked":["Capacitor+1","Compile Driver"],"picked":"Defragment+1","floor":11},{"not_picked":["Beam Cell","Leap"],"picked":"Fusion","floor":13},{"not_picked":["Steam","Redo"],"picked":"Echo Form+1","floor":14},{"not_picked":["Skim","Sweeping Beam"],"picked":"Consume","floor":15},{"not_picked":["All For One","Meteor Strike"],"picked":"Reboot","floor":16},{"not_picked":["Turbo","Redo"],"picked":"Streamline+1","floor":18},{"not_picked":["Go for the Eyes","Ball Lightning"],"picked":"Turbo+1","floor":19},{"not_picked":["Fusion","Rebound"],"picked":"Steam+1","floor":20},{"not_picked":["Sweeping Beam","Rip and Tear","Beam Cell+1"],"picked":"SKIP","floor":22}],"player_experience":40049,"relics_obtained":[{"floor":6,"key":"Bag of Marbles"},{"floor":9,"key":"Frozen Egg 2"},{"floor":10,"key":"Thread and Needle"},{"floor":17,"key":"Omamori"},{"floor":17,"key":"Mummified Hand"},{"floor":17,"key":"Old Coin"}],"event_choices":[{"damage_healed":0,"gold_gain":0,"player_choice":"Gave Potion","damage_taken":0,"relics_obtained":["Dream Catcher"],"max_hp_gain":0,"max_hp_loss":0,"event_name":"WeMeetAgain","floor":3,"gold_loss":0},{"damage_healed":0,"gold_gain":0,"player_choice":"Fight","damage_taken":0,"max_hp_gain":0,"max_hp_loss":0,"event_name":"Colosseum","floor":23,"gold_loss":0}],"is_beta":false,"boss_relics":[{"not_picked":["Cursed Key","Ectoplasm"],"picked":"Calling Bell"}],"items_purged_floors":[21],"is_endless":false,"potions_floor_spawned":[1,4,6,7,11,14,18],"killed_by":"Colosseum Slavers","ascension_level":0}