{"gold_per_floor":[115,128,144,144,154,154,189,189,214,226,226,254,281,295,295,366,366,381,381,75,88,88,88,118,37,37,37],"floor_reached":27,"playtime":1478,"items_purged":["Strike_B"],"score":446,"play_id":"0df001c0-77c8-46d7-9a0a-14d4680f2050","local_time":"20190401043946","is_ascension_mode":true,"campfire_choices":[{"data":"Zap","floor":6,"key":"SMITH"},{"floor":8,"key":"REST"},{"floor":11,"key":"REST"},{"data":"Go for the Eyes","floor":15,"key":"SMITH"},{"data":"Defragment","floor":23,"key":"SMITH"}],"neow_cost":"NONE","seed_source_timestamp":65844810822783,"circlet_count":0,"master_deck":["AscendersBane","Strike_B+1","Strike_B+1","Strike_B+1","Defend_B+1","Defend_B+1","Defend_B+1","Defend_B+1","Zap+1","Ball Lightning","Leap","Glacier","Conserve Battery","Go for the Eyes+1","FTL","Seek","Defragment+1","Storm","Defragment"],"relics":["Cracked Core","NeowsBlessing","Pen Nib","Strawberry","Oddly Smooth Stone","Odd Mushroom","Inserter","Runic Capacitor","Pocketwatch","Bottled Tornado"],"potions_floor_usage":[16,24],"damage_taken":[{"damage":0,"enemies":"Cultist","floor":1,"turns":1},{"damage":0,"enemies":"2 Louse","floor":2,"turns":1},{"damage":0,"enemies":"Jaw Worm","floor":3,"turns":1},{"damage":27,"enemies":"3 Louse","floor":5,"turns":4},{"damage":23,"enemies":"3 Sentries","floor":7,"turns":9},{"damage":8,"enemies":"Blue Slaver","floor":10,"turns":3},{"damage":5,"enemies":"Lagavulin","floor":12,"turns":8},{"damage":10,"enemies":"The Mushroom Lair","floor":13,"turns":5},{"damage":8,"enemies":"Exordium Thugs","floor":14,"turns":4},{"damage":16,"enemies":"The Guardian","floor":16,"turns":13},{"damage":13,"enemies":"Spheric Guardian","floor":18,"turns":6},{"damage":13,"enemies":"3 Byrds","floor":21,"turns":6},{"damage":43,"enemies":"Slavers","floor":24,"turns":7},{"damage":10,"enemies":"Centurion and Healer","floor":27,"turns":2}],"seed_played":"-4780994644121183249","potions_obtained":[{"floor":3,"key":"FairyPotion"},{"floor":5,"key":"Ancient Potion"},{"floor":14,"key":"Poison Potion"},{"floor":16,"key":"Ancient Potion"}],"is_trial":false,"path_per_floor":["M","M","M","?","M","R","E","R","T","M","R","E","?","M","R","B",null,"M","?","$","M","?","R","E","$","T","M"],"character_chosen":"DEFECT","items_purchased":["Runic Capacitor","Defragment"],"campfire_rested":2,"item_purchase_floors":[20,25],"current_hp_per_floor":[64,64,64,64,37,37,14,35,42,34,57,52,42,34,34,18,63,50,50,50,37,37,37,7,7,7,0],"gold":37,"neow_bonus":"THREE_ENEMY_KILL","is_prod":false,"is_daily":false,"chose_seed":false,"campfire_upgraded":3,"win_rate":0,"timestamp":1554061186,"path_taken":["M","M","M","?","M","R","E","R","T","M","R","E","?","?","R","BOSS","M","?","$","M","?","R","E","$","T","?"],"build_version":"2019-01-23","purchased_purges":1,"victory":false,"max_hp_per_floor":[71,71,71,71,71,71,71,71,78,78,78,78,78,78,78,78,78,78,78,78,78,78,78,78,78,78,78],"card_choices":[{"not_picked":["Gash","Rebound"],"picked":"Ball Lightning","floor":1},{"not_picked":["Redo","Stack","Compile Driver"],"picked":"SKIP","floor":2},{"not_picked":["Melter","Go for the Eyes"],"picked":"Leap","floor":3},{"not_picked":["Hyperbeam","Leap"],"picked":"Glacier","floor":5},{"not_picked":["Compile Driver","Rip and Tear","Turbo"],"picked":"SKIP","floor":7},{"not_picked":["Coolheaded","Beam Cell"],"picked":"Conserve Battery","floor":10},{"not_picked":["Scrape","Beam Cell"],"picked":"Go for the Eyes","floor":12},{"not_picked":["Hologram","Redo"],"picked":"FTL","floor":14},{"not_picked":["Amplify","Reboot"],"picked":"Seek","floor":16},{"not_picked":["Beam Cell","Recycle","Go for the Eyes"],"picked":"SKIP","floor":18},{"not_picked":["Capacitor","Turbo"],"picked":"Storm","floor":21},{"not_picked":["Beam Cell","Capacitor","Melter"],"picked":"SKIP","floor":24}],"player_experience":432808,"relics_obtained":[{"floor":7,"key":"Pen Nib"},{"floor":9,"key":"Strawberry"},{"floor":12,"key":"Oddly Smooth Stone"},{"floor":13,"key":"Odd Mushroom"},{"floor":24,"key":"Pocketwatch"},{"floor":26,"key":"Bottled Tornado"}],"event_choices":[{"cards_removed":["Dualcast"],"damage_healed":0,"gold_gain":0,"player_choice":"Forget","damage_taken":0,"max_hp_gain":0,"max_hp_loss":0,"event_name":"Living Wall","floor":4,"gold_loss":0},{"damage_healed":0,"gold_gain":0,"player_choice":"Fought Mushrooms","damage_taken":0,"max_hp_gain":0,"max_hp_loss":0,"event_name":"Mushrooms","floor":13,"gold_loss":0},{"damage_healed":0,"gold_gain":0,"player_choice":"Read","damage_taken":0,"max_hp_gain":0,"max_hp_loss":0,"event_name":"The Library","floor":19,"gold_loss":0,"cards_obtained":["Defragment"]},{"damage_healed":0,"gold_gain":0,"player_choice":"Simplicity","damage_taken":0,"max_hp_gain":0,"max_hp_loss":0,"event_name":"Back to Basics","floor":22,"gold_loss":0,"cards_upgraded":["Strike_B","Strike_B","Strike_B","Defend_B","Defend_B","Defend_B","Defend_B"]}],"is_beta":false,"boss_relics":[{"not_picked":["Astrolabe","Eternal Feather"],"picked":"Inserter"}],"items_purged_floors":[20],"is_endless":false,"potions_floor_spawned":[3,5,14,16,18],"killed_by":"Centurion and Healer","ascension_level":17}