{"gold_per_floor":[115,134,309,324,5,5,5,5,5,24,43,43,60,60,60,161,161,174,24,24,34,34,34,34],"floor_reached":24,"playtime":1240,"items_purged":[],"score":186,"play_id":"71818deb-2ac1-4289-8333-7859c6e37848","local_time":"20181105053504","is_ascension_mode":false,"campfire_choices":[{"data":"Conserve Battery","floor":6,"key":"SMITH"},{"floor":8,"key":"REST"},{"data":"Thunder Strike","floor":12,"key":"SMITH"},{"floor":15,"key":"REST"},{"data":"Zap","floor":23,"key":"SMITH"}],"neow_cost":"PERCENT_DAMAGE","seed_source_timestamp":201163488819932,"circlet_count":0,"master_deck":["Defend_B","Defend_B","Defend_B","Defend_B","Zap+1","Dualcast","Thunder Strike+1","Rebound","Conserve Battery+1","Beam Cell","Panache","Loop","Coolheaded","Biased Cognition","Conserve Battery","Redo","Thunder Strike","Amplify+1","Static Discharge+1","Auto Shields+1","Ball Lightning+1","Tempest","Ball Lightning"],"relics":["Cracked Core","Mercury Hourglass","Astrolabe","Blood Vial"],"potions_floor_usage":[16,16,24,24,24],"damage_taken":[{"damage":0,"enemies":"Small Slimes","floor":1,"turns":3},{"damage":5,"enemies":"2 Louse","floor":2,"turns":3},{"damage":6,"enemies":"Cultist","floor":4,"turns":3},{"damage":5,"enemies":"2 Fungi Beasts","floor":10,"turns":3},{"damage":8,"enemies":"3 Louse","floor":11,"turns":3},{"damage":11,"enemies":"Large Slime","floor":13,"turns":4},{"damage":18,"enemies":"Hexaghost","floor":16,"turns":8},{"damage":8,"enemies":"3 Byrds","floor":18,"turns":4},{"damage":0,"enemies":"Chosen","floor":21,"turns":5},{"damage":17,"enemies":"Colosseum Slavers","floor":24,"turns":4},{"damage":79,"enemies":"Colosseum Nobs","floor":24,"turns":4}],"seed_played":"-390127681706419241","potions_obtained":[{"floor":4,"key":"AttackPotion"},{"floor":11,"key":"SpeedPotion"},{"floor":16,"key":"LiquidBronze"},{"floor":18,"key":"GamblersBrew"},{"floor":21,"key":"SpeedPotion"}],"is_trial":false,"path_per_floor":["M","M","?","M","$","R","?","R","T","M","M","R","M","?","R","B",null,"M","$","?","M","?","R","?"],"character_chosen":"DEFECT","items_purchased":["Panache","Loop","Coolheaded","Blood Vial"],"campfire_rested":2,"item_purchase_floors":[5,5,5,19],"current_hp_per_floor":[54,49,49,43,43,43,43,65,65,60,52,52,41,34,56,38,75,67,67,67,69,69,69,0],"gold":34,"neow_bonus":"THREE_RARE_CARDS","is_prod":false,"is_daily":false,"chose_seed":false,"campfire_upgraded":3,"win_rate":0.0,"timestamp":1541424904,"path_taken":["M","M","?","M","$","R","?","R","T","M","?","R","M","?","R","BOSS","M","$","?","M","?","R","?"],"build_version":"2018-11-01","purchased_purges":0,"victory":false,"max_hp_per_floor":[75,75,75,75,75,75,75,75,75,75,75,75,75,75,75,75,75,75,75,75,75,75,75,75],"card_choices":[{"not_picked":["Rainbow","Seek"],"picked":"Thunder Strike","floor":0},{"not_picked":["Stack","Coolheaded"],"picked":"Rebound","floor":1},{"not_picked":["Melter","Gash"],"picked":"Conserve Battery","floor":2},{"not_picked":["Steam","FTL"],"picked":"Beam Cell","floor":4},{"not_picked":["Cold Snap","Sweeping Beam"],"picked":"Biased Cognition","floor":10},{"not_picked":["Self Repair","Reprogram"],"picked":"Conserve Battery","floor":11},{"not_picked":["Barrage","Go for the Eyes"],"picked":"Redo","floor":13},{"not_picked":["Fission","Seek"],"picked":"Thunder Strike","floor":16},{"not_picked":["Compile Driver","Gash+1"],"picked":"Ball Lightning+1","floor":18},{"not_picked":["Rebound","Stack+1"],"picked":"Tempest","floor":21}],"player_experience":12640,"relics_obtained":[{"floor":9,"key":"Mercury Hourglass"}],"event_choices":[{"damage_healed":0,"gold_gain":175,"player_choice":"AGREE","damage_taken":0,"max_hp_gain":0,"max_hp_loss":0,"event_name":"Liars Game","floor":3,"gold_loss":0,"cards_obtained":["Doubt"]},{"cards_removed":["Doubt"],"damage_healed":0,"gold_gain":0,"player_choice":"Removed Curses","damage_taken":0,"max_hp_gain":0,"max_hp_loss":0,"event_name":"Fountain of Cleansing","floor":7,"gold_loss":0},{"cards_removed":["Strike_B"],"damage_healed":0,"gold_gain":0,"player_choice":"Card Removal","damage_taken":7,"max_hp_gain":0,"max_hp_loss":0,"event_name":"Golden Wing","floor":14,"gold_loss":0},{"damage_healed":0,"gold_gain":0,"player_choice":"Ignored","damage_taken":0,"max_hp_gain":0,"max_hp_loss":0,"event_name":"Ghosts","floor":20,"gold_loss":0},{"damage_healed":0,"gold_gain":0,"player_choice":"Read","damage_taken":0,"max_hp_gain":0,"max_hp_loss":0,"event_name":"The Library","floor":22,"gold_loss":0,"cards_obtained":["Ball Lightning"]},{"damage_healed":0,"gold_gain":0,"player_choice":"Fight","damage_taken":0,"max_hp_gain":0,"max_hp_loss":0,"event_name":"Colosseum","floor":24,"gold_loss":0},{"damage_healed":0,"gold_gain":0,"player_choice":"Fought Nobs","damage_taken":0,"max_hp_gain":0,"max_hp_loss":0,"event_name":"Colosseum","floor":24,"gold_loss":0}],"is_beta":false,"boss_relics":[{"not_picked":["White Beast Statue","Empty Cage"],"picked":"Astrolabe"}],"items_purged_floors":[],"is_endless":false,"potions_floor_spawned":[4,11,16,18,21],"killed_by":"Colosseum Nobs","ascension_level":0}