{"gold_per_floor":[217,236,250,267,107,107,107,141,141,141,154,188,188,203,203,281,281,295,310,322,322],"floor_reached":21,"playtime":1682,"items_purged":[],"score":347,"play_id":"d6c4f05a-43e5-418a-b344-beab9dfe2fc9","local_time":"20190330075829","is_ascension_mode":true,"campfire_choices":[{"data":"Zap","floor":6,"key":"SMITH"},{"floor":10,"key":"REST"},{"floor":15,"key":"REST"}],"neow_cost":"NONE","seed_source_timestamp":0,"circlet_count":0,"master_deck":["AscendersBane","Strike_B","Strike_B","Strike_B","Strike_B","Defend_B","Defend_B","Defend_B","Defend_B","Zap+1","Go for the Eyes","Glacier","Hologram","Coolheaded","Reinforced Body","Creative AI","Cold Snap","Capacitor","Conserve Battery"],"special_seed":0,"relics":["Cracked Core","Lantern","StoneCalendar","Gremlin Horn","Black Star"],"potions_floor_usage":[8,20],"damage_taken":[{"damage":3.0,"enemies":"Jaw Worm","floor":1.0,"turns":5.0},{"damage":13,"enemies":"Small Slimes","floor":2,"turns":3},{"damage":0,"enemies":"Cultist","floor":3,"turns":3},{"damage":2,"enemies":"3 Louse","floor":4,"turns":5},{"damage":2,"enemies":"3 Sentries","floor":8,"turns":12},{"damage":3,"enemies":"Blue Slaver","floor":11,"turns":5},{"damage":26,"enemies":"Gremlin Nob","floor":12,"turns":6},{"damage":0,"enemies":"2 Fungi Beasts","floor":14,"turns":4},{"damage":23,"enemies":"The Guardian","floor":16,"turns":16},{"damage":6,"enemies":"Chosen","floor":18,"turns":7},{"damage":27,"enemies":"Spheric Guardian","floor":19,"turns":7},{"damage":29,"enemies":"Cultist and Chosen","floor":20,"turns":7},{"damage":11,"enemies":"Snecko","floor":21,"turns":3}],"seed_played":"-2715942513954227075","potions_obtained":[{"floor":2,"key":"PowerPotion"},{"floor":3,"key":"FairyPotion"},{"floor":4,"key":"EssenceOfSteel"},{"floor":12,"key":"Energy Potion"},{"floor":14,"key":"Explosive Potion"}],"is_trial":false,"path_per_floor":["M","M","M","M","$","R","?","E","T","R","M","E","?","M","R","B",null,"M","M","M","M"],"character_chosen":"DEFECT","items_purchased":["Lantern"],"campfire_rested":2,"item_purchase_floors":[5],"current_hp_per_floor":[61,48,48,46,46,46,39,37,37,58,55,29,25,25,46,23,59,53,26,7,0],"gold":322,"neow_bonus":"HUNDRED_GOLD","is_prod":false,"is_daily":false,"chose_seed":false,"campfire_upgraded":1,"win_rate":0,"timestamp":1553900309,"path_taken":["M","M","M","M","$","R","?","E","T","R","M","E","?","M","R","BOSS","M","M","M","?"],"build_version":"2019-01-23","purchased_purges":0,"victory":false,"max_hp_per_floor":[71,71,71,71,71,71,71,71,71,71,71,71,71,71,71,71,71,71,71,71,71],"card_choices":[{"not_picked":["Melter","Fusion"],"picked":"Go for the Eyes","floor":1},{"not_picked":["Rip and Tear","Steam"],"picked":"Glacier","floor":2},{"not_picked":["Steam","Stack"],"picked":"Hologram","floor":3},{"not_picked":["Scrape","Steam Power","Double Energy"],"picked":"SKIP","floor":4},{"not_picked":["Gash","Leap"],"picked":"Coolheaded","floor":8},{"not_picked":["Streamline","Beam Cell"],"picked":"Reinforced Body","floor":11},{"not_picked":["Thunder Strike","Barrage","Hologram"],"picked":"SKIP","floor":12},{"not_picked":["Streamline","Rebound","Go for the Eyes"],"picked":"SKIP","floor":14},{"not_picked":["Core Surge","Machine Learning"],"picked":"Creative AI","floor":16},{"not_picked":["Ball Lightning","Go for the Eyes+1"],"picked":"Cold Snap","floor":18},{"not_picked":["Hyperbeam","Chaos"],"picked":"Capacitor","floor":19},{"not_picked":["Stack","Storm"],"picked":"Conserve Battery","floor":20}],"player_experience":419741,"relics_obtained":[{"floor":8,"key":"StoneCalendar"},{"floor":12,"key":"Gremlin Horn"}],"event_choices":[{"cards_removed":["Dualcast"],"damage_healed":0,"gold_gain":0,"player_choice":"Card Removal","damage_taken":7,"max_hp_gain":0,"max_hp_loss":0,"event_name":"Golden Wing","floor":7,"gold_loss":0},{"damage_healed":0,"gold_gain":0,"player_choice":"Bought 0 Potions","damage_taken":0,"max_hp_gain":0,"max_hp_loss":0,"event_name":"The Woman in Blue","floor":13,"gold_loss":0}],"is_beta":false,"boss_relics":[{"not_picked":["White Beast Statue","Runic Pyramid"],"picked":"Black Star"}],"items_purged_floors":[],"is_endless":false,"potions_floor_spawned":[2,3,4,12,14],"killed_by":"Snecko","ascension_level":16}