{"gold_per_floor":[116,127,127,141,153,153,185,185,211,239,254,254,254],"floor_reached":13,"playtime":1369,"items_purged":[],"score":95,"play_id":"66963043-fbcf-41e4-9390-c7b343e3c19f","local_time":"20181104041948","is_ascension_mode":false,"campfire_choices":[{"data":"Outmaneuver","floor":6,"key":"SMITH"},{"data":"Prepared","floor":8,"key":"SMITH"}],"neow_cost":"NONE","seed_source_timestamp":110118638871880,"circlet_count":0,"master_deck":["Defend_G","Defend_G","Defend_G","Defend_G","Strike_G","Strike_G","Strike_G","Strike_G","Strike_G","Survivor","Neutralize","Dodge and Roll","Tools of the Trade","Outmaneuver+1","Acrobatics","Prepared+1","Bouncing Flask+1","Crippling Poison"],"relics":["Ring of the Snake","Strawberry","Bag of Preparation","Blood Vial"],"potions_floor_usage":[7,10,11],"damage_taken":[{"damage":0,"enemies":"2 Louse","floor":1,"turns":3},{"damage":1,"enemies":"Cultist","floor":2,"turns":4},{"damage":0,"enemies":"Jaw Worm","floor":4,"turns":6},{"damage":1,"enemies":"2 Fungi Beasts","floor":5,"turns":6},{"damage":28,"enemies":"Gremlin Nob","floor":7,"turns":5},{"damage":43,"enemies":"3 Sentries","floor":10,"turns":17},{"damage":5,"enemies":"Large Slime","floor":11,"turns":5},{"damage":3,"enemies":"Red Slaver","floor":13,"turns":2}],"seed_played":"8739140211370801845","potions_obtained":[{"floor":2,"key":"AttackPotion"},{"floor":5,"key":"Dexterity Potion"},{"floor":10,"key":"AttackPotion"},{"floor":11,"key":"Explosive Potion"}],"is_trial":false,"path_per_floor":["M","M","?","M","M","R","E","R","T","E","M","?","M"],"character_chosen":"THE_SILENT","items_purchased":[],"campfire_rested":0,"item_purchase_floors":[],"current_hp_per_floor":[77,76,69,69,68,68,47,47,47,4,1,1,0],"gold":254,"neow_bonus":"TEN_PERCENT_HP_BONUS","is_prod":false,"is_daily":false,"chose_seed":false,"campfire_upgraded":2,"win_rate":0.0,"timestamp":1541333988,"path_taken":["M","M","?","M","M","R","E","R","T","E","M","?","?"],"build_version":"2018-11-01","purchased_purges":0,"victory":false,"max_hp_per_floor":[77,77,77,77,77,77,84,84,84,84,84,84,84],"card_choices":[{"not_picked":["Dagger Throw","Dagger Spray"],"picked":"Dodge and Roll","floor":1},{"not_picked":["Backflip","Deflect"],"picked":"Tools of the Trade","floor":2},{"not_picked":["Dagger Throw","All Out Attack"],"picked":"Outmaneuver","floor":4},{"not_picked":["Slice","Dodge and Roll"],"picked":"Acrobatics","floor":5},{"not_picked":["Flying Knee","Leg Sweep"],"picked":"Prepared","floor":7},{"not_picked":["PiercingWail","Skewer"],"picked":"Bouncing Flask","floor":10},{"not_picked":["Blade Dance","PiercingWail"],"picked":"Crippling Poison","floor":11}],"player_experience":3011,"relics_obtained":[{"floor":7,"key":"Strawberry"},{"floor":9,"key":"Bag of Preparation"},{"floor":10,"key":"Blood Vial"}],"event_choices":[{"cards_removed":["Defend_G"],"damage_healed":0,"gold_gain":0,"player_choice":"Card Removal","damage_taken":7,"max_hp_gain":0,"max_hp_loss":0,"event_name":"Golden Wing","floor":3,"gold_loss":0},{"damage_healed":0,"gold_gain":0,"player_choice":"Forge","damage_taken":0,"max_hp_gain":0,"max_hp_loss":0,"event_name":"Accursed Blacksmith","floor":12,"gold_loss":0,"cards_upgraded":["Bouncing Flask"]}],"is_beta":false,"boss_relics":[],"items_purged_floors":[],"is_endless":false,"potions_floor_spawned":[2,5,10,11],"killed_by":"Red Slaver","ascension_level":0}