{"gold_per_floor":[112,138,213,213,231,264,264,299,299,316,332,67,82,98,98,170,170,183,183,198,198,26,26,39,39,88,101,126,126,126,126,126,126],"floor_reached":33,"playtime":1065,"items_purged":[],"score":525,"play_id":"32ef3116-48e6-423b-860d-6ba8b8043b58","local_time":"20190328233947","is_ascension_mode":true,"campfire_choices":[{"floor":7,"key":"REST"},{"floor":15,"key":"REST"},{"floor":23,"key":"REST"},{"floor":25,"key":"REST"},{"floor":30,"key":"REST"},{"floor":32,"key":"REST"}],"neow_cost":"NONE","seed_source_timestamp":27856931507434,"circlet_count":0,"master_deck":["AscendersBane","Strike_B","Strike_B","Defend_B","Defend_B+1","Defend_B","Defend_B+1","Zap","Dualcast","Skim","Loop","Coolheaded","FTL","Loop","Loop","Leap","Biased Cognition","Go for the Eyes","Biased Cognition","Apotheosis","White Noise+1","Doom and Gloom"],"relics":["Cracked Core","NeowsBlessing","DataDisk","Bronze Scales","Ancient Tea Set","Kunai","MealTicket","Velvet Choker","Bag of Marbles","Juzu Bracelet"],"potions_floor_usage":[8,16,16,24,24],"damage_taken":[{"damage":0,"enemies":"Cultist","floor":1,"turns":1},{"damage":0,"enemies":"Small Slimes","floor":5,"turns":1},{"damage":0,"enemies":"Lagavulin","floor":6,"turns":1},{"damage":33,"enemies":"Gremlin Nob","floor":8,"turns":5},{"damage":0,"enemies":"2 Louse","floor":10,"turns":2},{"damage":2,"enemies":"Blue Slaver","floor":11,"turns":4},{"damage":13,"enemies":"Exordium Thugs","floor":13,"turns":5},{"damage":0,"enemies":"Large Slime","floor":14,"turns":4},{"damage":5,"enemies":"The Guardian","floor":16,"turns":10},{"damage":5,"enemies":"3 Byrds","floor":18,"turns":3},{"damage":17,"enemies":"2 Thieves","floor":20,"turns":4},{"damage":8,"enemies":"Sentry and Sphere","floor":24,"turns":4},{"damage":15,"enemies":"Centurion and Healer","floor":27,"turns":5},{"damage":39,"enemies":"Book of Stabbing","floor":28,"turns":4},{"damage":60,"enemies":"Collector","floor":33,"turns":5}],"seed_played":"5155486842920330797","potions_obtained":[{"floor":5,"key":"SkillPotion"},{"floor":6,"key":"LiquidBronze"},{"floor":8,"key":"Dexterity Potion"},{"floor":18,"key":"AttackPotion"},{"floor":20,"key":"Weak Potion"}],"is_trial":false,"path_per_floor":["M","T","?","?","M","E","R","E","T","M","M","$","M","M","R","B",null,"M","?","M","?","$","R","M","R","T","M","E","?","R","$","R","B"],"character_chosen":"DEFECT","items_purchased":["MealTicket","Loop","Apotheosis"],"campfire_rested":6,"item_purchase_floors":[12,12,22],"current_hp_per_floor":[64,64,53,32,32,32,53,20,20,20,18,18,5,5,26,21,59,54,34,17,17,32,54,46,68,68,53,14,14,36,36,58,0],"gold":126,"neow_bonus":"THREE_ENEMY_KILL","is_prod":false,"is_daily":false,"chose_seed":false,"campfire_upgraded":0,"win_rate":0,"timestamp":1553841587,"path_taken":["M","?","?","?","M","E","R","E","T","M","M","$","M","M","R","BOSS","M","?","M","?","$","R","?","R","T","M","E","?","R","?","R","BOSS"],"build_version":"2019-01-23","purchased_purges":0,"victory":false,"max_hp_per_floor":[71,71,71,71,71,71,71,71,71,71,71,71,71,71,71,71,71,71,76,76,76,76,76,76,76,76,76,76,76,76,76,76,76],"card_choices":[{"not_picked":["Turbo","Steam"],"picked":"Skim","floor":1},{"not_picked":["Sweeping Beam","Storm","Chaos"],"picked":"SKIP","floor":5},{"not_picked":["Compile Driver","Darkness"],"picked":"Loop","floor":6},{"not_picked":["Stack","Steam Power"],"picked":"Coolheaded","floor":8},{"not_picked":["Gash","Force Field","Fusion"],"picked":"SKIP","floor":10},{"not_picked":["Tempest","Barrage"],"picked":"FTL","floor":11},{"not_picked":["Go for the Eyes","Tempest"],"picked":"Loop","floor":13},{"not_picked":["Turbo","Rebound"],"picked":"Leap","floor":14},{"not_picked":["Fission","Hyperbeam"],"picked":"Biased Cognition","floor":16},{"not_picked":["Melter","Turbo","Steam"],"picked":"SKIP","floor":18},{"not_picked":["Barrage","Turbo"],"picked":"Go for the Eyes","floor":20},{"not_picked":["Leap+1","Turbo"],"picked":"White Noise+1","floor":24},{"not_picked":["Turbo","Steam"],"picked":"Doom and Gloom","floor":27},{"not_picked":["Rip and Tear","Aggregate","Sweeping Beam"],"picked":"SKIP","floor":28}],"player_experience":409906,"relics_obtained":[{"floor":2,"key":"DataDisk"},{"floor":6,"key":"Bronze Scales"},{"floor":8,"key":"Ancient Tea Set"},{"floor":9,"key":"Kunai"},{"floor":26,"key":"Bag of Marbles"},{"floor":28,"key":"Juzu Bracelet"}],"event_choices":[{"damage_healed":0,"gold_gain":75,"player_choice":"Gather Gold","damage_taken":11,"max_hp_gain":0,"max_hp_loss":0,"event_name":"World of Goop","floor":3,"gold_loss":0},{"damage_healed":0,"gold_gain":0,"player_choice":"Entered Light","damage_taken":21,"max_hp_gain":0,"max_hp_loss":0,"event_name":"Shining Light","floor":4,"gold_loss":0,"cards_upgraded":["Defend_B","Defend_B"]},{"damage_healed":0,"gold_gain":0,"player_choice":"Shed Blood","damage_taken":25,"max_hp_gain":5,"max_hp_loss":0,"event_name":"Forgotten Altar","floor":19,"gold_loss":0},{"damage_healed":0,"gold_gain":0,"cards_transformed":["Strike_B"],"player_choice":"Transformed","damage_taken":0,"max_hp_gain":0,"max_hp_loss":0,"event_name":"Transmorgrifier","floor":21,"gold_loss":0,"cards_obtained":["Biased Cognition"]},{"cards_removed":["Strike_B"],"damage_healed":0,"gold_gain":0,"player_choice":"Purged","damage_taken":0,"max_hp_gain":0,"max_hp_loss":0,"event_name":"Purifier","floor":29,"gold_loss":0}],"is_beta":false,"boss_relics":[{"not_picked":["Runic Dome","Lizard Tail"],"picked":"Velvet Choker"}],"items_purged_floors":[],"is_endless":false,"potions_floor_spawned":[5,6,8,10,18,20],"killed_by":"Collector","ascension_level":15}