{"gold_per_floor":[113,113,34,88,103,135,135,161,198,210,255,105,116,151,151,225,225,225,244,244,244],"floor_reached":21,"playtime":677,"items_purged":["Strike_B"],"score":414,"play_id":"4a28cc6a-defa-4290-846f-39890911fb00","local_time":"20190331063242","is_ascension_mode":true,"campfire_choices":[{"data":"Loop","floor":7,"key":"SMITH"},{"data":"Consume","floor":10,"key":"SMITH"},{"floor":15,"key":"REST"}],"neow_cost":"NONE","seed_source_timestamp":0,"circlet_count":0,"master_deck":["AscendersBane","Strike_B","Strike_B","Strike_B","Defend_B","Defend_B","Defend_B","Defend_B","Zap+1","Dualcast","Self Repair","Capacitor","Loop+1","Consume+1","Loop","Storm","Biased Cognition","Amplify","Ball Lightning+1"],"special_seed":0,"relics":["Cracked Core","NeowsBlessing","Pen Nib","PreservedInsect","MawBank","Bag of Marbles","Potion Belt","Blood Vial","Inserter"],"potions_floor_usage":[8,14,18],"damage_taken":[{"damage":0.0,"enemies":"2 Louse","floor":1.0,"turns":1.0},{"damage":0.0,"enemies":"Cultist","floor":5.0,"turns":1.0},{"damage":0,"enemies":"3 Sentries","floor":6,"turns":1},{"damage":24,"enemies":"Gremlin Nob","floor":8,"turns":4},{"damage":10,"enemies":"Lagavulin","floor":11,"turns":5},{"damage":2,"enemies":"Small Slimes","floor":13,"turns":3},{"damage":30,"enemies":"Gremlin Nob","floor":14,"turns":4},{"damage":42,"enemies":"The Guardian","floor":16,"turns":7},{"damage":7,"enemies":"Shell Parasite","floor":18,"turns":2},{"damage":52,"enemies":"2 Thieves","floor":19,"turns":5},{"damage":26,"enemies":"Masked Bandits","floor":21,"turns":2}],"seed_played":"1250831749859469584","potions_obtained":[{"floor":1.0,"key":"GamblersBrew"},{"floor":8,"key":"SmokeBomb"},{"floor":11,"key":"Poison Potion"},{"floor":16,"key":"FearPotion"}],"is_trial":false,"path_per_floor":["M","?","$","T","M","E","R","E","T","R","E","$","M","E","R","B",null,"M","M","?","?"],"character_chosen":"DEFECT","items_purchased":["Self Repair","Storm"],"campfire_rested":1,"item_purchase_floors":[3,12],"current_hp_per_floor":[64,64,64,64,64,64,64,47,47,47,44,44,49,26,47,14,57,59,16,16,0],"gold":244,"neow_bonus":"THREE_ENEMY_KILL","is_prod":false,"is_daily":false,"chose_seed":false,"campfire_upgraded":2,"win_rate":0,"timestamp":1553981562,"path_taken":["M","?","$","?","M","E","R","E","T","R","E","$","M","E","R","BOSS","M","M","?","?"],"build_version":"2019-01-23","purchased_purges":1,"victory":false,"max_hp_per_floor":[71,71,71,71,71,71,71,71,71,71,71,71,71,71,71,71,71,71,71,71,71],"card_choices":[{"not_picked":["Chaos","Scrape","Force Field"],"picked":"SKIP","floor":1.0},{"not_picked":["Stack","Cold Snap"],"picked":"Capacitor","floor":5},{"not_picked":["Steam","BootSequence"],"picked":"Loop","floor":6},{"not_picked":["Doom and Gloom","Stack"],"picked":"Consume","floor":8},{"not_picked":["Beam Cell","Go for the Eyes"],"picked":"Loop","floor":11},{"not_picked":["Beam Cell","Sweeping Beam","Consume"],"picked":"SKIP","floor":13},{"not_picked":["Rebound","Streamline"],"picked":"Biased Cognition","floor":14},{"not_picked":["Machine Learning","Hyperbeam"],"picked":"Amplify","floor":16},{"not_picked":["Compile Driver","Chaos"],"picked":"Ball Lightning+1","floor":19}],"player_experience":426014,"relics_obtained":[{"floor":4.0,"key":"Pen Nib"},{"floor":6,"key":"PreservedInsect"},{"floor":8,"key":"MawBank"},{"floor":9,"key":"Bag of Marbles"},{"floor":11,"key":"Potion Belt"},{"floor":14,"key":"Blood Vial"}],"event_choices":[{"damage_healed":0.0,"max_hp_gain":0.0,"max_hp_loss":0.0,"gold_gain":0.0,"event_name":"Accursed Blacksmith","player_choice":"Forge","floor":2.0,"gold_loss":0.0,"damage_taken":0.0,"cards_upgraded":["Zap"]},{"damage_healed":0,"gold_gain":0,"player_choice":"Ignored","damage_taken":0,"max_hp_gain":0,"max_hp_loss":0,"event_name":"The Mausoleum","floor":20,"gold_loss":0},{"damage_healed":0,"gold_gain":0,"player_choice":"Fought Bandits","damage_taken":0,"max_hp_gain":0,"max_hp_loss":0,"event_name":"Masked Bandits","floor":21,"gold_loss":0}],"is_beta":false,"boss_relics":[{"not_picked":["Ectoplasm","Cursed Key"],"picked":"Inserter"}],"items_purged_floors":[12],"is_endless":false,"potions_floor_spawned":[1,8,11,16,18],"killed_by":"Masked Bandits","ascension_level":16}