{"gold_per_floor":[117,131,131,148,160,195,195,211,265,290,306,306,306,331,331,408,408,420,51,51,63,63,88,88,122,122,157,89,89,89,89,89,163,163,183,194,29,29,49,49,75,92,92,92,127,127,127,26,26,46],"floor_reached":51,"playtime":2793,"items_purged":["Writhe","Strike_B"],"score":1217,"play_id":"5f22d797-81ab-4d11-86fc-f1640b928cfd","local_time":"20190328231610","is_ascension_mode":true,"campfire_choices":[{"data":"Zap","floor":7,"key":"SMITH"},{"data":"Coolheaded","floor":12,"key":"SMITH"},{"data":"Hologram","floor":15,"key":"SMITH"},{"floor":30,"key":"REST"},{"data":"1","floor":32,"key":"LIFT"},{"data":"2","floor":40,"key":"LIFT"},{"floor":44,"key":"REST"},{"data":"3","floor":46,"key":"LIFT"},{"floor":47,"key":"REST"},{"floor":49,"key":"REST"}],"neow_cost":"TEN_PERCENT_HP_LOSS","seed_source_timestamp":24743029749211,"circlet_count":0,"master_deck":["AscendersBane","Strike_B","Strike_B","Defend_B","Defend_B","Defend_B","Defend_B","Zap+1","Conserve Battery","Leap","Cold Snap","Electrodynamics","Hologram+1","Coolheaded+1","Cold Snap","Echo Form","Defragment","Barrage","Amplify","Ball Lightning+1","Loop","Machine Learning","Biased Cognition","Self Repair","HandOfGreed","Secret Weapon","Defragment","Capacitor","Cold Snap"],"relics":["Cracked Core","Mummified Hand","Cables","Smiling Mask","Velvet Choker","Membership Card","Kunai","Torii","Blue Candle","Nloth\u0027s Gift","Bag of Marbles","Girya","WingedGreaves","Bottled Lightning","Fusion Hammer","Meat on the Bone","PreservedInsect","Letter Opener"],"potions_floor_usage":[6,10,10,16,23,27,27,29,42,50],"damage_taken":[{"damage":3,"enemies":"Jaw Worm","floor":1,"turns":4},{"damage":2,"enemies":"Cultist","floor":2,"turns":5},{"damage":2,"enemies":"Small Slimes","floor":4,"turns":4},{"damage":16,"enemies":"Exordium Wildlife","floor":5,"turns":5},{"damage":26,"enemies":"3 Sentries","floor":6,"turns":11},{"damage":0,"enemies":"2 Fungi Beasts","floor":8,"turns":2},{"damage":8,"enemies":"Lagavulin","floor":10,"turns":7},{"damage":0,"enemies":"Exordium Thugs","floor":11,"turns":3},{"damage":14,"enemies":"Gremlin Nob","floor":14,"turns":4},{"damage":31,"enemies":"The Guardian","floor":16,"turns":15},{"damage":1,"enemies":"3 Byrds","floor":18,"turns":3},{"damage":4,"enemies":"2 Thieves","floor":21,"turns":4},{"damage":20,"enemies":"Slavers","floor":23,"turns":5},{"damage":2,"enemies":"Book of Stabbing","floor":25,"turns":6},{"damage":25,"enemies":"Slavers","floor":27,"turns":3},{"damage":0,"enemies":"Centurion and Healer","floor":29,"turns":1},{"damage":27,"enemies":"Automaton","floor":33,"turns":10},{"damage":6,"enemies":"3 Shapes","floor":35,"turns":2},{"damage":2,"enemies":"Orb Walker","floor":36,"turns":3},{"damage":34,"enemies":"Jaw Worm Horde","floor":39,"turns":4},{"damage":1,"enemies":"Sphere and 2 Shapes","floor":42,"turns":5},{"damage":52,"enemies":"Nemesis","floor":45,"turns":5},{"damage":55,"enemies":"Donu and Deca","floor":50,"turns":8}],"seed_played":"-8398664059178875400","potions_obtained":[{"floor":4,"key":"Regen Potion"},{"floor":6,"key":"EntropicBrew"},{"floor":10,"key":"Swift Potion"},{"floor":18,"key":"Regen Potion"},{"floor":25,"key":"Swift Potion"},{"floor":27,"key":"SmokeBomb"},{"floor":39,"key":"Weak Potion"},{"floor":45,"key":"GamblersBrew"}],"is_trial":false,"path_per_floor":["M","M","?","M","M","E","R","M","T","E","M","R","?","E","R","B",null,"M","$","?","M","?","E","?","E","T","E","$","M","R","T","R","B",null,"M","M","$","?","M","R","T","M","T","R","E","R","R","$","R","B",null],"character_chosen":"DEFECT","items_purchased":["Membership Card","Kunai","Defragment","Loop","Meat on the Bone","Self Repair","Capacitor","Cold Snap"],"campfire_rested":4,"item_purchase_floors":[19,19,19,28,37,37,48,48],"current_hp_per_floor":[61,59,59,57,41,30,30,30,30,39,41,41,46,34,34,5,53,54,54,59,57,57,53,53,51,51,26,26,26,46,46,46,19,57,51,49,49,39,17,17,17,35,35,55,22,22,42,42,62,26],"gold":46,"neow_bonus":"REMOVE_TWO","is_prod":false,"is_daily":false,"chose_seed":false,"campfire_upgraded":3,"win_rate":0,"timestamp":1553840170,"path_taken":["M","M","?","M","M","E","R","M","T","E","M","R","?","E","R","BOSS","M","$","?","?","?","E","?","E","T","E","$","?","R","?","R","BOSS","M","M","$","?","M","R","?","M","T","R","E","R","R","$","R","BOSS"],"build_version":"2019-01-23","purchased_purges":2,"victory":true,"max_hp_per_floor":[64,64,64,64,64,64,64,64,64,64,64,64,69,69,69,69,69,69,69,69,69,69,69,69,69,69,69,69,69,69,69,69,69,69,69,69,69,69,69,69,69,69,69,69,69,69,69,69,69,69],"card_choices":[{"not_picked":["Stack","Reprogram"],"picked":"Conserve Battery","floor":1},{"not_picked":["Barrage","Reprogram"],"picked":"Leap","floor":2},{"not_picked":["Conserve Battery","Recycle"],"picked":"Gash","floor":4},{"not_picked":["Stack","Beam Cell"],"picked":"Cold Snap","floor":5},{"not_picked":["Stack","Melter"],"picked":"Electrodynamics","floor":6},{"not_picked":["Rebound","Reprogram"],"picked":"Hologram","floor":8},{"not_picked":["Gash","Beam Cell"],"picked":"Coolheaded","floor":10},{"not_picked":["Conserve Battery","Scrape"],"picked":"Cold Snap","floor":11},{"not_picked":["FTL","Static Discharge"],"picked":"Echo Form","floor":14},{"not_picked":["Turbo","FTL","Coolheaded"],"picked":"SKIP","floor":18},{"not_picked":["Leap","Conserve Battery"],"picked":"Barrage","floor":21},{"not_picked":["Sweeping Beam+1","Sunder","Cold Snap"],"picked":"SKIP","floor":23},{"not_picked":["Rebound","All For One"],"picked":"Amplify","floor":25},{"not_picked":["Rebound","Streamline+1"],"picked":"Ball Lightning+1","floor":27},{"not_picked":["Echo Form","Meteor Strike"],"picked":"Machine Learning","floor":33},{"not_picked":["Recycle","Redo","Conserve Battery"],"picked":"SKIP","floor":35},{"not_picked":["Barrage+1","Fusion"],"picked":"Biased Cognition","floor":36},{"not_picked":["Finesse","Flash of Steel"],"picked":"HandOfGreed","floor":38},{"not_picked":["Swift Strike","Madness"],"picked":"Secret Weapon","floor":38},{"not_picked":["Turbo","Barrage","Hologram+1"],"picked":"SKIP","floor":39},{"not_picked":["Coolheaded","Compile Driver+1","Barrage"],"picked":"SKIP","floor":42},{"not_picked":["Go for the Eyes","Streamline+1"],"picked":"Defragment","floor":45}],"player_experience":406850,"relics_obtained":[{"floor":6,"key":"Mummified Hand"},{"floor":9,"key":"Blood Vial"},{"floor":10,"key":"Cables"},{"floor":14,"key":"Smiling Mask"},{"floor":23,"key":"Blue Candle"},{"floor":25,"key":"Bag of Marbles"},{"floor":26,"key":"Girya"},{"floor":27,"key":"WingedGreaves"},{"floor":31,"key":"Bottled Lightning"},{"floor":41,"key":"PreservedInsect"},{"floor":45,"key":"Letter Opener"}],"event_choices":[{"damage_healed":0,"gold_gain":0,"player_choice":"Ignored","damage_taken":0,"max_hp_gain":0,"max_hp_loss":0,"event_name":"Liars Game","floor":3,"gold_loss":0},{"damage_healed":0,"gold_gain":0,"player_choice":"Donut","damage_taken":0,"max_hp_gain":5,"max_hp_loss":0,"event_name":"Big Fish","floor":13,"gold_loss":0},{"cards_removed":["Gash"],"damage_healed":5,"gold_gain":0,"player_choice":"Offered Common","damage_taken":0,"max_hp_gain":0,"max_hp_loss":0,"event_name":"Bonfire Elementals","floor":20,"gold_loss":0},{"cards_removed":["Gash"],"damage_healed":5,"gold_gain":0,"player_choice":"Offered Special","damage_taken":0,"max_hp_gain":0,"max_hp_loss":0,"event_name":"Bonfire Elementals","floor":20,"gold_loss":0},{"damage_healed":0,"gold_gain":0,"player_choice":"Opened","damage_taken":0,"relics_obtained":["Torii"],"max_hp_gain":0,"max_hp_loss":0,"event_name":"The Mausoleum","floor":22,"gold_loss":0,"cards_obtained":["Writhe"]},{"damage_healed":0,"gold_gain":0,"player_choice":"Traded Relic","damage_taken":0,"relics_obtained":["Nloth\u0027s Gift"],"max_hp_gain":0,"max_hp_loss":0,"event_name":"N\u0027loth","floor":24,"relics_lost":["Blood Vial"],"gold_loss":0},{"damage_healed":0,"gold_gain":0,"player_choice":"Memory 3","damage_taken":10,"max_hp_gain":0,"max_hp_loss":0,"event_name":"SensoryStone","floor":38,"gold_loss":0}],"is_beta":false,"boss_relics":[{"not_picked":["Pandora\u0027s Box","FrozenCore"],"picked":"Velvet Choker"},{"not_picked":["Astrolabe","Coffee Dripper"],"picked":"Fusion Hammer"}],"items_purged_floors":[28,48],"is_endless":false,"potions_floor_spawned":[4,6,10,18,25,27,39,45],"ascension_level":14}