{"gold_per_floor":[118,129,28,28,28,58,58,72,98,98,109,109,109,40,40,170,170,189,189,189,189],"floor_reached":21,"playtime":457,"items_purged":[],"score":230,"play_id":"45538270-044e-4dda-af34-527f4deece29","local_time":"20190416170119","is_ascension_mode":true,"campfire_choices":[{"data":"Sunder","floor":10,"key":"SMITH"},{"data":"Storm","floor":12,"key":"SMITH"},{"floor":15,"key":"REST"}],"neow_cost":"NONE","seed_source_timestamp":424068920555977,"circlet_count":0,"master_deck":["Strike_B","Strike_B","Strike_B","Strike_B","Defend_B","Defend_B","Defend_B","Defend_B","Zap+1","Dualcast","Tempest","Sunder+1","Cold Snap","Storm+1","Sweeping Beam","FTL","Beam Cell","Self Repair","Machine Learning","Defragment","Coolheaded","Gash","Self Repair","Gash+1"],"relics":["Cracked Core","NeowsBlessing","PreservedInsect","Peace Pipe","Pen Nib","Golden Idol","Orrery"],"potions_floor_usage":[],"damage_taken":[{"damage":0,"enemies":"2 Louse","floor":1,"turns":1},{"damage":0,"enemies":"Small Slimes","floor":2,"turns":1},{"damage":0,"enemies":"Lagavulin","floor":6,"turns":1},{"damage":5,"enemies":"Jaw Worm","floor":8,"turns":2},{"damage":11,"enemies":"Large Slime","floor":11,"turns":5},{"damage":2,"enemies":"Slime Boss","floor":16,"turns":8},{"damage":31,"enemies":"3 Byrds","floor":18,"turns":4},{"damage":48,"enemies":"Colosseum Slavers","floor":19,"turns":4},{"damage":24,"enemies":"Shell Parasite","floor":21,"turns":4}],"seed_played":"-6798101564696481555","potions_obtained":[{"floor":2,"key":"LiquidBronze"},{"floor":8,"key":"SkillPotion"}],"is_trial":false,"path_per_floor":["M","M","$","?","?","E","?","M","T","R","M","R","?","$","R","B",null,"M","?","?","M"],"character_chosen":"DEFECT","items_purchased":["Cold Snap","Storm","Self Repair"],"campfire_rested":1,"item_purchase_floors":[3,3,14],"current_hp_per_floor":[75,75,75,75,72,72,77,72,72,72,61,61,41,41,65,70,80,56,22,22,0],"gold":189,"neow_bonus":"THREE_ENEMY_KILL","is_prod":false,"is_daily":false,"chose_seed":false,"campfire_upgraded":2,"win_rate":0,"timestamp":1555452079,"path_taken":["M","M","$","?","?","E","?","M","T","R","M","R","?","?","R","BOSS","M","?","?","?"],"build_version":"2019-01-23","purchased_purges":0,"victory":false,"max_hp_per_floor":[75,75,75,75,75,75,80,80,80,80,80,80,80,80,80,80,80,80,80,80,80],"card_choices":[{"not_picked":["Go for the Eyes","Streamline"],"picked":"Tempest","floor":1},{"not_picked":["Rebound","Hologram"],"picked":"Sunder","floor":2},{"not_picked":["Conserve Battery","Undo"],"picked":"Sweeping Beam","floor":6},{"not_picked":["Doom and Gloom","Fusion"],"picked":"FTL","floor":8},{"not_picked":["Recycle","Darkness"],"picked":"Beam Cell","floor":11},{"not_picked":["Amplify","Fission"],"picked":"Machine Learning","floor":16},{"not_picked":["Compile Driver","Fusion"],"picked":"Defragment","floor":17},{"not_picked":["Sunder","Stack"],"picked":"Coolheaded","floor":17},{"not_picked":["Compile Driver","Tempest"],"picked":"Gash","floor":17},{"not_picked":["Heatsinks","Double Energy"],"picked":"Self Repair","floor":17},{"not_picked":["Tempest","Rebound"],"picked":"Gash+1","floor":18}],"player_experience":193127,"relics_obtained":[{"floor":6,"key":"Peace Pipe"},{"floor":9,"key":"Pen Nib"}],"event_choices":[{"damage_healed":0,"gold_gain":0,"player_choice":"Grow","damage_taken":0,"max_hp_gain":0,"max_hp_loss":0,"event_name":"Living Wall","floor":4,"gold_loss":0,"cards_upgraded":["Zap"]},{"damage_healed":0,"gold_gain":0,"player_choice":"Success","damage_taken":3,"relics_obtained":["PreservedInsect"],"max_hp_gain":0,"max_hp_loss":0,"event_name":"Scrap Ooze","floor":5,"gold_loss":0},{"damage_healed":0,"gold_gain":0,"player_choice":"Donut","damage_taken":0,"max_hp_gain":5,"max_hp_loss":0,"event_name":"Big Fish","floor":7,"gold_loss":0},{"damage_healed":0,"gold_gain":0,"player_choice":"Take Damage","damage_taken":20,"relics_obtained":["Golden Idol"],"max_hp_gain":0,"max_hp_loss":0,"event_name":"Golden Idol","floor":13,"gold_loss":0},{"damage_healed":0,"gold_gain":0,"player_choice":"Fight","damage_taken":0,"max_hp_gain":0,"max_hp_loss":0,"event_name":"Colosseum","floor":19,"gold_loss":0},{"damage_healed":0,"gold_gain":0,"player_choice":"Fled From Nobs","damage_taken":0,"max_hp_gain":0,"max_hp_loss":0,"event_name":"Colosseum","floor":19,"gold_loss":0},{"damage_healed":0,"gold_gain":0,"player_choice":"Bought 0 Potions","damage_taken":0,"max_hp_gain":0,"max_hp_loss":0,"event_name":"The Woman in Blue","floor":20,"gold_loss":0}],"is_beta":false,"boss_relics":[{"not_picked":["White Beast Statue","Nuclear Battery"],"picked":"Orrery"}],"items_purged_floors":[],"is_endless":false,"potions_floor_spawned":[2,8,19],"killed_by":"Shell Parasite","ascension_level":3}