{"gold_per_floor":[111,128,148,162,172,172,197,197,197,197,211,211,227,20,20,122,122,142,156,81,97,97,126,138,138,138,138,150,168,179,24,24,129,129,144,161,177,177,195,195,209,209,209,220,50,50],"floor_reached":46,"playtime":2276,"items_purged":["Strike_R"],"score":450,"play_id":"29bf1f0f-af50-4571-91e4-4bca21263739","local_time":"20181124014138","is_ascension_mode":false,"campfire_choices":[{"data":"Hemokinesis","floor":6,"key":"SMITH"},{"data":"Inflame","floor":8,"key":"SMITH"},{"data":"Metallicize","floor":10,"key":"SMITH"},{"floor":12,"key":"REST"},{"data":"Rupture","floor":15,"key":"SMITH"},{"floor":25,"key":"REST"},{"data":"Limit Break","floor":27,"key":"SMITH"},{"floor":32,"key":"REST"},{"floor":40,"key":"REST"},{"data":"Limit Break","floor":42,"key":"SMITH"}],"neow_cost":"NONE","seed_source_timestamp":608461189730333,"circlet_count":0,"master_deck":["Strike_R","Strike_R","Strike_R","Strike_R","Defend_R","Defend_R+1","Defend_R","Defend_R","Bash","Iron Wave","Hemokinesis+1","Inflame+1","Metallicize+1","Double Tap+1","Anger","Rupture+1","Shrug It Off","Limit Break+1","Thunderclap","Spot Weakness","Clothesline","J.A.X.","Cleave","Cleave","Perfected Strike+1","Limit Break+1","Entrench+1","Bloodletting","Iron Wave","Heavy Blade+1","Heavy Blade+1","Impervious","Flex"],"relics":["Black Blood","Oddly Smooth Stone","Question Card","Meat on the Bone","OrangePellets","Busted Crown","War Paint","Ornamental Fan","Anchor","Incense Burner","Letter Opener"],"potions_floor_usage":[23,23,41,46,46],"damage_taken":[{"damage":0,"enemies":"Cultist","floor":1,"turns":6},{"damage":1,"enemies":"Small Slimes","floor":2,"turns":4},{"damage":14,"enemies":"Jaw Worm","floor":3,"turns":4},{"damage":3,"enemies":"Large Slime","floor":4,"turns":6},{"damage":6,"enemies":"Blue Slaver","floor":5,"turns":6},{"damage":23,"enemies":"3 Sentries","floor":7,"turns":9},{"damage":39,"enemies":"Gremlin Gang","floor":11,"turns":7},{"damage":10,"enemies":"3 Louse","floor":13,"turns":4},{"damage":44,"enemies":"Slime Boss","floor":16,"turns":10},{"damage":2,"enemies":"Chosen","floor":18,"turns":3},{"damage":12,"enemies":"Shell Parasite","floor":19,"turns":7},{"damage":13,"enemies":"Centurion and Healer","floor":21,"turns":6},{"damage":53,"enemies":"Slavers","floor":23,"turns":6},{"damage":21,"enemies":"Snecko","floor":24,"turns":6},{"damage":41,"enemies":"3 Cultists","floor":28,"turns":6},{"damage":21,"enemies":"Snake Plant","floor":29,"turns":5},{"damage":12,"enemies":"Centurion and Healer","floor":30,"turns":5},{"damage":58,"enemies":"Collector","floor":33,"turns":8},{"damage":14,"enemies":"Orb Walker","floor":35,"turns":3},{"damage":36,"enemies":"3 Darklings","floor":36,"turns":9},{"damage":35,"enemies":"Maw","floor":37,"turns":7},{"damage":26,"enemies":"Spire Growth","floor":39,"turns":5},{"damage":37,"enemies":"Transient","floor":41,"turns":5},{"damage":3,"enemies":"3 Darklings","floor":44,"turns":5},{"damage":76,"enemies":"Giant Head","floor":46,"turns":8}],"seed_played":"3820808965763344715","potions_obtained":[{"floor":4,"key":"BloodPotion"},{"floor":5,"key":"EssenceOfSteel"},{"floor":11,"key":"PowerPotion"},{"floor":23,"key":"Strength Potion"},{"floor":28,"key":"BloodPotion"},{"floor":41,"key":"BloodPotion"},{"floor":44,"key":"Swift Potion"}],"is_trial":false,"path_per_floor":["M","M","M","M","M","R","E","R","T","R","M","R","M","$","R","B",null,"M","M","$","M","?","E","M","R","T","R","M","M","M","$","R","B",null,"M","M","M","?","M","R","M","R","T","M","$","E"],"character_chosen":"IRONCLAD","items_purchased":["OrangePellets","Anchor","Impervious","Flex"],"campfire_rested":4,"item_purchase_floors":[14,31,45,45],"current_hp_per_floor":[80,80,72,75,75,75,58,58,58,58,37,61,57,57,57,31,80,80,74,74,67,67,40,37,61,61,61,38,35,41,41,65,25,80,76,62,49,49,45,69,54,54,54,61,61,0],"gold":50,"neow_bonus":"RANDOM_COMMON_RELIC","is_prod":false,"is_daily":false,"chose_seed":false,"campfire_upgraded":6,"win_rate":0.0,"timestamp":1543045298,"path_taken":["M","M","M","M","M","R","E","R","T","R","M","R","?","$","R","BOSS","M","M","$","M","?","E","M","R","T","R","M","M","M","$","R","BOSS","M","M","M","?","?","R","M","R","T","M","$","E"],"build_version":"2018-11-15","purchased_purges":1,"victory":false,"max_hp_per_floor":[80,80,80,80,80,80,80,80,80,80,80,80,80,80,80,80,80,80,80,80,80,80,80,80,80,80,80,80,80,80,80,80,80,80,80,80,80,80,80,80,80,80,80,80,80,80],"card_choices":[{"not_picked":["Clothesline","Body Slam"],"picked":"Iron Wave","floor":1},{"not_picked":["Carnage","Headbutt"],"picked":"Hemokinesis","floor":2},{"not_picked":["Perfected Strike","Uppercut"],"picked":"Inflame","floor":3},{"not_picked":["Clash","Sword Boomerang"],"picked":"Metallicize","floor":4},{"not_picked":["Dual Wield","Dropkick"],"picked":"Double Tap","floor":5},{"not_picked":["Perfected Strike","Warcry"],"picked":"Anger","floor":7},{"not_picked":["Armaments","Flame Barrier","Seeing Red"],"picked":"Rupture","floor":11},{"not_picked":["Reckless Charge","Sword Boomerang","Cleave"],"picked":"Shrug It Off","floor":13},{"not_picked":["Immolate","Berserk","Reaper"],"picked":"Limit Break","floor":16},{"not_picked":["True Grit"],"picked":"Thunderclap","floor":18},{"not_picked":["Sword Boomerang"],"picked":"Spot Weakness","floor":19},{"not_picked":["Heavy Blade"],"picked":"Clothesline","floor":21},{"not_picked":["Inflame"],"picked":"Cleave","floor":23},{"not_picked":["Wild Strike","Pummel"],"picked":"SKIP","floor":24},{"not_picked":["Sever Soul"],"picked":"Cleave","floor":28},{"not_picked":["Body Slam+1"],"picked":"Perfected Strike+1","floor":29},{"not_picked":["Disarm"],"picked":"Limit Break","floor":30},{"not_picked":["Wild Strike+1"],"picked":"Entrench+1","floor":35},{"not_picked":["Heavy Blade"],"picked":"Bloodletting","floor":36},{"not_picked":["Clash+1","Clothesline+1"],"picked":"SKIP","floor":37},{"not_picked":["Searing Blow"],"picked":"Iron Wave","floor":39},{"not_picked":["True Grit+1"],"picked":"Heavy Blade+1","floor":41},{"not_picked":["True Grit+1"],"picked":"Heavy Blade+1","floor":44}],"player_experience":19486,"relics_obtained":[{"floor":7,"key":"Question Card"},{"floor":9,"key":"Meat on the Bone"},{"floor":23,"key":"War Paint"},{"floor":26,"key":"Ornamental Fan"},{"floor":43,"key":"Letter Opener"}],"event_choices":[{"damage_healed":0,"gold_gain":0,"player_choice":"Obtain J.A.X.","damage_taken":0,"max_hp_gain":0,"max_hp_loss":0,"event_name":"Drug Dealer","floor":22,"gold_loss":0,"cards_obtained":["J.A.X."]},{"damage_healed":0,"gold_gain":0,"player_choice":"Gave Potion","damage_taken":0,"relics_obtained":["Incense Burner"],"max_hp_gain":0,"max_hp_loss":0,"event_name":"WeMeetAgain","floor":38,"gold_loss":0}],"is_beta":false,"boss_relics":[{"not_picked":["Runic Pyramid","Lizard Tail"],"picked":"Busted Crown"},{"not_picked":["Fusion Hammer","Philosopher\u0027s Stone"],"picked":"Black Blood"}],"items_purged_floors":[20],"is_endless":false,"potions_floor_spawned":[4,5,11,16,23,28,29,33,41,44],"killed_by":"Giant Head","ascension_level":0}