{"gold_per_floor":[116,223,26,39,156,188,199,199,199,199,331,348,169,183,183,287,287,298,298,126,126,95,95,133,159,186,206],"floor_reached":27,"playtime":1218,"items_purged":["Barrage","Strike_B","Strike_B"],"score":223,"play_id":"463259d3-01ce-48e9-8b4e-3271df536c9c","local_time":"20190228124812","is_ascension_mode":false,"campfire_choices":[{"data":"Zap","floor":8,"key":"SMITH"},{"data":"Genetic Algorithm","floor":10,"key":"SMITH"},{"floor":15,"key":"REST"},{"data":"Fission","floor":23,"key":"SMITH"}],"neow_cost":"NONE","seed_source_timestamp":4982137915300,"circlet_count":0,"master_deck":["Defend_B","Defend_B","Defend_B","Defend_B","Zap+1","Dualcast","Genetic Algorithm+1","Steam Power","Streamline","Redo","Leap","Cold Snap","Cold Snap","Capacitor","Self Repair","Fission+1","Conserve Battery","Storm","HandOfGreed","Undo","White Noise","Storm","Ball Lightning","Steam Power"],"relics":["Cracked Core","Membership Card","Oddly Smooth Stone","infinitespire:ShieldingShard","infinitespire:Satchel","infinitespire:FocusingShard","infinitespire:WardingShard","Nuclear Battery","infinitespire:Beetle Shell","Smiling Mask"],"potions_floor_usage":[6,11,11,16,27],"damage_taken":[{"damage":6,"enemies":"Cultist","floor":1,"turns":3},{"damage":10,"enemies":"Jaw Worm","floor":2,"turns":4},{"damage":0,"enemies":"Small Slimes","floor":4,"turns":2},{"damage":5,"enemies":"Looter","floor":5,"turns":3},{"damage":13,"enemies":"Gremlin Nob","floor":6,"turns":4},{"damage":8,"enemies":"3 Louse","floor":7,"turns":3},{"damage":14,"enemies":"Lagavulin","floor":11,"turns":7},{"damage":4,"enemies":"2 Fungi Beasts","floor":12,"turns":3},{"damage":0,"enemies":"Exordium Wildlife","floor":14,"turns":3},{"damage":4,"enemies":"Slime Boss","floor":16,"turns":12},{"damage":38,"enemies":"Chosen","floor":18,"turns":9},{"damage":0,"enemies":"Shell Parasite","floor":24,"turns":3},{"damage":60,"enemies":"Slavers","floor":27,"turns":5}],"seed_played":"2577320730583159295","potions_obtained":[{"floor":5,"key":"Weak Potion"},{"floor":6,"key":"Block Potion"},{"floor":7,"key":"EssenceOfSteel"},{"floor":12,"key":"Explosive Potion"},{"floor":24,"key":"Fire Potion"}],"is_trial":false,"path_per_floor":["M","M","$","M","M","E","M","R","T","R","E","M","$","M","R","B",null,"M","?","$","?","$","R","M","T","T","E"],"character_chosen":"DEFECT","items_purchased":["Membership Card","infinitespire:FocusingShard","Capacitor","Storm","HandOfGreed","Storm","infinitespire:Beetle Shell","Ball Lightning"],"campfire_rested":1,"item_purchase_floors":[3,13,13,20,20,22,22,22],"current_hp_per_floor":[76,66,66,66,61,48,40,40,40,40,26,22,22,22,46,49,82,51,51,51,51,51,51,58,58,58,0],"gold":206,"neow_bonus":"TEN_PERCENT_HP_BONUS","is_prod":false,"is_daily":false,"chose_seed":false,"campfire_upgraded":3,"win_rate":0,"timestamp":1551386892,"path_taken":["M","?","$","M","M","E","M","R","T","R","E","M","?","M","R","BOSS","M","?","?","?","$","R","M","?","T","E"],"build_version":"2019-01-23","purchased_purges":3,"victory":false,"max_hp_per_floor":[82,82,82,82,82,82,82,82,82,82,82,82,82,82,82,82,82,82,82,82,82,82,82,82,82,82,82],"card_choices":[{"not_picked":["Conserve Battery","Coolheaded"],"picked":"Genetic Algorithm","floor":1},{"not_picked":["Leap","BootSequence"],"picked":"Barrage","floor":2},{"not_picked":["Fusion","Chaos"],"picked":"Steam Power","floor":4},{"not_picked":["BootSequence","Heatsinks"],"picked":"Streamline","floor":5},{"not_picked":["Sweeping Beam","Steam"],"picked":"Redo","floor":6},{"not_picked":["Capacitor","Steam"],"picked":"Leap","floor":7},{"not_picked":["Gash","Hyperbeam"],"picked":"Cold Snap","floor":11},{"not_picked":["Hologram","Sunder"],"picked":"Cold Snap","floor":12},{"not_picked":["Streamline","Tempest"],"picked":"Self Repair","floor":14},{"not_picked":["Biased Cognition","Multi-Cast"],"picked":"Fission","floor":16},{"not_picked":["Gash","Redo"],"picked":"Conserve Battery","floor":18},{"not_picked":["FTL","Streamline"],"picked":"Steam Power","floor":24}],"player_experience":93632,"relics_obtained":[{"floor":6,"key":"Oddly Smooth Stone"},{"floor":9,"key":"infinitespire:ShieldingShard"},{"floor":11,"key":"infinitespire:Satchel"},{"floor":25,"key":"Smiling Mask"}],"event_choices":[{"damage_healed":0,"gold_gain":0,"player_choice":"Ignored","damage_taken":0,"max_hp_gain":0,"max_hp_loss":0,"event_name":"Cursed Tome","floor":19,"gold_loss":0},{"damage_healed":0,"gold_gain":0,"cards_transformed":["Strike_B","Strike_B"],"player_choice":"Became Test Subject","damage_taken":0,"max_hp_gain":0,"max_hp_loss":0,"event_name":"Drug Dealer","floor":21,"gold_loss":0,"cards_obtained":["Undo","White Noise"]}],"is_beta":false,"boss_relics":[{"not_picked":["Ectoplasm","Coffee Dripper"],"picked":"Nuclear Battery"}],"items_purged_floors":[13,20,22],"is_endless":false,"potions_floor_spawned":[5,6,7,12,24],"killed_by":"Slavers","ascension_level":0}