{"gold_per_floor":[119,138,138,138,313,313,313,313,313,338,66,80,80],"floor_reached":13,"playtime":437,"items_purged":["Defend_R"],"score":73,"play_id":"2be532f5-9ec3-4928-8581-7f72e16165b2","local_time":"20181231022459","is_ascension_mode":false,"campfire_choices":[{"floor":7,"key":"REST"}],"neow_cost":"NONE","seed_source_timestamp":259402496944619,"circlet_count":0,"master_deck":["Strike_R","Strike_R","Strike_R","Strike_R","Strike_R","Defend_R","Defend_R+1","Defend_R+1","Bash","Fiend Fire","Thunderclap","Rampage","Doubt","Pommel Strike","Sadistic Nature","Feed"],"relics":["Burning Blood","Golden Idol","Oddly Smooth Stone","Darkstone Periapt","Paper Frog"],"potions_floor_usage":[13],"damage_taken":[{"damage":1,"enemies":"Jaw Worm","floor":1,"turns":3},{"damage":15,"enemies":"Small Slimes","floor":2,"turns":2},{"damage":0,"enemies":"2 Louse","floor":10,"turns":2},{"damage":7,"enemies":"Large Slime","floor":12,"turns":4},{"damage":57,"enemies":"Lagavulin","floor":13,"turns":6}],"seed_played":"-729562146094611168","potions_obtained":[{"floor":2,"key":"Ancient Potion"}],"is_trial":false,"path_per_floor":["M","M","?","?","?","?","R","T","T","M","$","M","E"],"character_chosen":"IRONCLAD","items_purchased":["Sadistic Nature"],"campfire_rested":1,"item_purchase_floors":[11],"current_hp_per_floor":[80,71,51,35,35,28,52,52,52,58,58,57,0],"gold":80,"neow_bonus":"ONE_RANDOM_RARE_CARD","is_prod":false,"is_daily":false,"chose_seed":false,"campfire_upgraded":0,"win_rate":0,"timestamp":1546251899,"path_taken":["M","M","?","?","?","?","R","?","T","M","$","M","E"],"build_version":"2018-12-20","purchased_purges":1,"victory":false,"max_hp_per_floor":[80,80,80,80,80,80,80,80,80,80,80,80,80],"card_choices":[{"not_picked":["Cleave","Twin Strike"],"picked":"Thunderclap","floor":1},{"not_picked":["Headbutt","Infernal Blade"],"picked":"Rampage","floor":2},{"not_picked":["Sword Boomerang","Headbutt"],"picked":"Pommel Strike","floor":10},{"not_picked":["Shrug It Off","Intimidate"],"picked":"Feed","floor":12}],"player_experience":46328,"relics_obtained":[{"floor":8,"key":"Darkstone Periapt"},{"floor":9,"key":"Paper Frog"}],"event_choices":[{"damage_healed":0,"gold_gain":0,"player_choice":"Take Damage","damage_taken":20,"relics_obtained":["Golden Idol"],"max_hp_gain":0,"max_hp_loss":0,"event_name":"Golden Idol","floor":3,"gold_loss":0},{"damage_healed":0,"gold_gain":0,"player_choice":"Entered Light","damage_taken":16,"max_hp_gain":0,"max_hp_loss":0,"event_name":"Shining Light","floor":4,"gold_loss":0,"cards_upgraded":["Defend_R","Defend_R"]},{"damage_healed":0,"gold_gain":175,"player_choice":"AGREE","damage_taken":0,"max_hp_gain":0,"max_hp_loss":0,"event_name":"Liars Game","floor":5,"gold_loss":0,"cards_obtained":["Doubt"]},{"damage_healed":0,"gold_gain":0,"player_choice":"Success","damage_taken":7,"relics_obtained":["Oddly Smooth Stone"],"max_hp_gain":0,"max_hp_loss":0,"event_name":"Scrap Ooze","floor":6,"gold_loss":0}],"is_beta":false,"boss_relics":[],"items_purged_floors":[11],"is_endless":false,"potions_floor_spawned":[2],"killed_by":"Lagavulin","ascension_level":0}