{"gold_per_floor":[365,385,397,414,425,460,478,403,403,97,127,127,139,139,139,235,235,203,219,231,231,265,265,285,285,312,312,339,203,203,118,118,222,222],"floor_reached":34,"playtime":1920,"items_purged":["Defend_B"],"score":372,"play_id":"2c67d2b4-7f27-4919-b054-200f6f63abc0","local_time":"20190410014811","is_ascension_mode":false,"campfire_choices":[{"floor":12,"key":"REST"},{"data":"Defragment","floor":15,"key":"SMITH"},{"data":"Zap","floor":23,"key":"SMITH"},{"data":"Coolheaded","floor":25,"key":"SMITH"},{"data":"Hologram","floor":27,"key":"SMITH"},{"floor":32,"key":"REST"}],"neow_cost":"TEN_PERCENT_HP_LOSS","seed_source_timestamp":252715151407979,"circlet_count":0,"master_deck":["Zap+1","Undo","Hologram+1","Self Repair","Defragment+1","Meteor Strike","Coolheaded+1","White Noise","Meteor Strike","Darkness","Darkness","Machine Learning","Creative AI","Melter","Lockon","Doom and Gloom"],"relics":["Cracked Core","Whetstone","Regal Pillow","Anchor","DataDisk","Nuclear Battery","Red Mask","Centennial Puzzle","Blue Candle","Vajra","Pandora\u0027s Box"],"potions_floor_usage":[6,16,22,28,30,33],"damage_taken":[{"damage":6,"enemies":"Jaw Worm","floor":1,"turns":4},{"damage":4,"enemies":"Small Slimes","floor":2,"turns":4},{"damage":1,"enemies":"Cultist","floor":3,"turns":4},{"damage":7,"enemies":"Blue Slaver","floor":4,"turns":3},{"damage":10,"enemies":"2 Fungi Beasts","floor":5,"turns":4},{"damage":31,"enemies":"3 Sentries","floor":6,"turns":11},{"damage":2,"enemies":"Looter","floor":7,"turns":5},{"damage":0,"enemies":"3 Louse","floor":13,"turns":2},{"damage":31,"enemies":"The Guardian","floor":16,"turns":11},{"damage":8,"enemies":"2 Thieves","floor":18,"turns":5},{"damage":0,"enemies":"Chosen","floor":19,"turns":5},{"damage":5,"enemies":"Snake Plant","floor":20,"turns":6},{"damage":27,"enemies":"Masked Bandits","floor":22,"turns":5},{"damage":7,"enemies":"Shelled Parasite and Fungi","floor":24,"turns":5},{"damage":30,"enemies":"Book of Stabbing","floor":28,"turns":9},{"damage":15,"enemies":"Colosseum Slavers","floor":30,"turns":4},{"damage":50,"enemies":"Automaton","floor":33,"turns":10}],"seed_played":"-8375968009365338858","potions_obtained":[{"floor":2,"key":"Weak Potion"},{"floor":3,"key":"Dexterity Potion"},{"floor":7,"key":"Fire Potion"},{"floor":13,"key":"Energy Potion"},{"floor":19,"key":"AttackPotion"},{"floor":28,"key":"FocusPotion"},{"floor":33,"key":"SneckoOil"}],"is_trial":false,"path_per_floor":["M","M","M","M","M","E","M","$","T","$","?","R","M","?","R","B",null,"M","M","M","$","?","R","M","R","T","R","E","$","?","?","R","B",null],"character_chosen":"DEFECT","items_purchased":["Anchor","DataDisk","Meteor Strike"],"campfire_rested":2,"item_purchase_floors":[10,10,29],"current_hp_per_floor":[62,58,57,50,40,16,21,21,21,21,21,56,56,56,56,32,68,67,68,68,68,48,48,48,48,48,48,25,25,17,17,52,9,68],"gold":222,"neow_bonus":"TWO_FIFTY_GOLD","is_prod":false,"is_daily":false,"chose_seed":false,"campfire_upgraded":4,"win_rate":0,"timestamp":1554886091,"path_taken":["M","M","M","M","M","E","M","$","T","$","?","R","M","?","R","BOSS","M","?","M","$","?","R","M","R","T","R","E","$","?","?","R","BOSS"],"build_version":"2019-01-23","purchased_purges":1,"victory":false,"max_hp_per_floor":[68,68,68,68,68,68,68,68,68,68,68,68,68,68,68,68,68,68,68,68,68,68,68,68,68,68,68,68,68,68,68,68,68,68],"card_choices":[{"not_picked":["Coolheaded","Lockon"],"picked":"Undo","floor":1},{"not_picked":["Conserve Battery","Cold Snap","Compile Driver"],"picked":"SKIP","floor":2},{"not_picked":["Melter","Turbo","Blizzard"],"picked":"SKIP","floor":3},{"not_picked":["Blizzard","White Noise"],"picked":"Hologram","floor":4},{"not_picked":["Turbo","Beam Cell"],"picked":"Self Repair","floor":5},{"not_picked":["Go for the Eyes","Beam Cell","Streamline"],"picked":"SKIP","floor":6},{"not_picked":["Cold Snap","Melter","Blizzard"],"picked":"SKIP","floor":7},{"not_picked":["White Noise","Stack"],"picked":"Defragment","floor":13},{"not_picked":["Fission","Rainbow"],"picked":"Meteor Strike","floor":16},{"not_picked":["Stack+1","Gash+1"],"picked":"Coolheaded","floor":18},{"not_picked":["Reprogram","Reinforced Body","Compile Driver"],"picked":"SKIP","floor":19},{"not_picked":["Cold Snap","Compile Driver+1","Sweeping Beam"],"picked":"SKIP","floor":20},{"not_picked":["Leap+1","Gash+1"],"picked":"White Noise","floor":24},{"not_picked":["Glacier","Leap","Coolheaded+1"],"picked":"SKIP","floor":28}],"player_experience":543357,"relics_obtained":[{"floor":6,"key":"Whetstone"},{"floor":9,"key":"Regal Pillow"},{"floor":22,"key":"Red Mask"},{"floor":26,"key":"Centennial Puzzle"},{"floor":28,"key":"Blue Candle"}],"event_choices":[{"damage_healed":0,"gold_gain":30,"player_choice":"Searched \u00272\u0027 times","damage_taken":0,"max_hp_gain":0,"max_hp_loss":0,"event_name":"Dead Adventurer","floor":11,"gold_loss":0},{"cards_removed":["Dualcast"],"damage_healed":0,"gold_gain":0,"player_choice":"Offered Basic","damage_taken":0,"max_hp_gain":0,"max_hp_loss":0,"event_name":"Bonfire Elementals","floor":14,"gold_loss":0},{"damage_healed":0,"gold_gain":0,"player_choice":"Fought Bandits","damage_taken":0,"max_hp_gain":0,"max_hp_loss":0,"event_name":"Masked Bandits","floor":22,"gold_loss":0},{"damage_healed":0,"gold_gain":0,"player_choice":"Fight","damage_taken":0,"max_hp_gain":0,"max_hp_loss":0,"event_name":"Colosseum","floor":30,"gold_loss":0},{"damage_healed":0,"gold_gain":0,"player_choice":"Fled From Nobs","damage_taken":0,"max_hp_gain":0,"max_hp_loss":0,"event_name":"Colosseum","floor":30,"gold_loss":0},{"damage_healed":0,"gold_gain":0,"player_choice":"Obtained Relic","damage_taken":0,"relics_obtained":["Vajra"],"max_hp_gain":0,"max_hp_loss":0,"event_name":"Addict","floor":31,"gold_loss":85}],"is_beta":false,"boss_relics":[{"not_picked":["White Beast Statue","Astrolabe"],"picked":"Nuclear Battery"},{"not_picked":["Coffee Dripper","Black Star"],"picked":"Pandora\u0027s Box"}],"items_purged_floors":[8],"is_endless":false,"potions_floor_spawned":[2,3,7,13,19,28,33],"ascension_level":0}