{"gold_per_floor":[113,38,51,51,69,69,96,96,96,107,119,35,91,91,91,194,194,209,57,57,77,89,120,135,160,160,170,170,170,187,198,198,299,299,312,323,128,144,155,155,188,188,258,272,372,372,403,423,423,423],"floor_reached":51,"playtime":2373,"items_purged":["Strike_R","Rage"],"score":811,"play_id":"d7d506de-98b7-45d7-bd0a-1566768f80cd","local_time":"20190409133002","is_ascension_mode":false,"campfire_choices":[{"data":"Uppercut","floor":6,"key":"SMITH"},{"data":"Flex","floor":8,"key":"SMITH"},{"data":"Armaments","floor":15,"key":"SMITH"},{"data":"1","floor":29,"key":"LIFT"},{"data":"Limit Break","floor":32,"key":"SMITH"},{"data":"2","floor":40,"key":"LIFT"},{"data":"3","floor":42,"key":"LIFT"},{"data":"Limit Break","floor":46,"key":"SMITH"},{"data":"Shockwave","floor":49,"key":"SMITH"}],"neow_cost":"NONE","seed_source_timestamp":342106263979100,"circlet_count":0,"master_deck":["Strike_R","Strike_R","Strike_R","Strike_R","Defend_R","Defend_R","Defend_R","Defend_R","Bash","Clothesline","Armaments+1","True Grit","Uppercut+1","Disarm","Flex+1","Shockwave+1","Whirlwind+1","Metallicize","Armaments","Whirlwind+1","Limit Break+1","Twin Strike+1","Inflame","RitualDagger+1","Twin Strike+1","Pommel Strike+1","Sword Boomerang+1","True Grit+1","Limit Break+1","Impervious","Inflame","Iron Wave+1","Feel No Pain","Uppercut+1","Spot Weakness","Feel No Pain","Feed+1","Shrug It Off+1","Warcry+1","Impervious"],"relics":["Burning Blood","Ornamental Fan","Molten Egg 2","Tiny Chest","Sozu","Strawberry","The Courier","Girya","Snecko Eye","Turnip","Bottled Flame","Nunchaku","Mercury Hourglass"],"potions_floor_usage":[7,7,16,21,33,33],"damage_taken":[{"damage":1,"enemies":"Cultist","floor":1,"turns":3},{"damage":2,"enemies":"2 Louse","floor":3,"turns":3},{"damage":0,"enemies":"Jaw Worm","floor":5,"turns":4},{"damage":10,"enemies":"3 Sentries","floor":7,"turns":7},{"damage":1,"enemies":"3 Louse","floor":10,"turns":4},{"damage":6,"enemies":"Exordium Wildlife","floor":11,"turns":6},{"damage":24,"enemies":"Gremlin Nob","floor":13,"turns":4},{"damage":8,"enemies":"Slime Boss","floor":16,"turns":11},{"damage":5,"enemies":"Chosen","floor":18,"turns":5},{"damage":7,"enemies":"Spheric Guardian","floor":21,"turns":3},{"damage":9,"enemies":"3 Cultists","floor":22,"turns":3},{"damage":23,"enemies":"Gremlin Leader","floor":23,"turns":7},{"damage":12,"enemies":"Snecko","floor":24,"turns":4},{"damage":39,"enemies":"Slavers","floor":25,"turns":5},{"damage":12,"enemies":"Shelled Parasite and Fungi","floor":27,"turns":5},{"damage":14,"enemies":"Snake Plant","floor":30,"turns":3},{"damage":0,"enemies":"Cultist and Chosen","floor":31,"turns":4},{"damage":48,"enemies":"Automaton","floor":33,"turns":7},{"damage":0,"enemies":"3 Shapes","floor":35,"turns":1},{"damage":0,"enemies":"Orb Walker","floor":36,"turns":2},{"damage":2,"enemies":"Writhing Mass","floor":38,"turns":7},{"damage":7,"enemies":"Jaw Worm Horde","floor":39,"turns":4},{"damage":13,"enemies":"Giant Head","floor":41,"turns":3},{"damage":0,"enemies":"Maw","floor":44,"turns":4},{"damage":0,"enemies":"Mind Bloom Boss Battle","floor":45,"turns":2},{"damage":24,"enemies":"Nemesis","floor":47,"turns":3},{"damage":0,"enemies":"Transient","floor":48,"turns":5},{"damage":72,"enemies":"Donu and Deca","floor":50,"turns":7}],"seed_played":"953963356731587165","potions_obtained":[{"floor":1,"key":"AttackPotion"},{"floor":4,"key":"PowerPotion"},{"floor":4,"key":"Explosive Potion"},{"floor":7,"key":"Strength Potion"},{"floor":13,"key":"EssenceOfSteel"},{"floor":16,"key":"Swift Potion"}],"is_trial":false,"path_per_floor":["M","$","M","?","M","R","E","R","T","M","M","$","E","?","R","B",null,"M","$","?","M","M","E","M","E","T","M","?","R","M","M","R","B",null,"M","M","$","M","M","R","E","R","T","M","?","R","E","M","R","B",null],"character_chosen":"IRONCLAD","items_purchased":["Armaments","True Grit","Metallicize","Armaments","Inflame","Feel No Pain","Uppercut+1"],"campfire_rested":0,"item_purchase_floors":[2,2,12,12,19,37,37],"current_hp_per_floor":[88,88,88,88,88,88,84,84,84,88,88,88,70,75,75,73,93,93,93,87,86,83,73,67,34,34,28,61,61,53,59,59,17,100,100,100,100,100,99,99,92,92,92,98,100,100,82,88,88,26],"gold":423,"neow_bonus":"TEN_PERCENT_HP_BONUS","is_prod":false,"is_daily":false,"chose_seed":false,"campfire_upgraded":6,"win_rate":1,"timestamp":1554841802,"path_taken":["M","$","M","?","M","R","E","R","T","M","?","$","E","?","R","BOSS","M","$","?","M","M","E","M","E","T","M","?","R","M","M","R","BOSS","M","M","$","M","M","R","E","R","T","M","?","R","E","M","R","BOSS"],"build_version":"2019-01-23","purchased_purges":2,"victory":true,"max_hp_per_floor":[88,88,88,88,88,88,88,88,88,88,88,88,88,93,93,93,93,93,93,93,93,93,100,100,100,100,100,100,100,100,100,100,100,100,100,100,100,100,100,100,100,100,100,100,100,100,100,100,100,104],"card_choices":[{"not_picked":["Infernal Blade","Havoc"],"picked":"Clothesline","floor":1},{"not_picked":["Havoc","True Grit"],"picked":"Uppercut","floor":3},{"not_picked":["Dropkick","Corruption"],"picked":"Disarm","floor":5},{"not_picked":["Dual Wield","Fire Breathing"],"picked":"Flex","floor":7},{"not_picked":["Heavy Blade+1","Infernal Blade"],"picked":"Shockwave","floor":10},{"not_picked":["Fiend Fire+1","Twin Strike+1"],"picked":"Whirlwind+1","floor":11},{"not_picked":["Clash+1","Havoc"],"picked":"Whirlwind+1","floor":13},{"not_picked":["Offering","Reaper+1"],"picked":"Limit Break","floor":16},{"not_picked":["Wild Strike+1","Searing Blow+1"],"picked":"Twin Strike+1","floor":18},{"not_picked":["Heavy Blade+1","Perfected Strike+1"],"picked":"Twin Strike+1","floor":21},{"not_picked":["Combust","Barricade"],"picked":"Pommel Strike+1","floor":22},{"not_picked":["Twin Strike+1","Armaments","Body Slam+1"],"picked":"SKIP","floor":23},{"not_picked":["Heavy Blade+1","Sentinel"],"picked":"Sword Boomerang+1","floor":24},{"not_picked":["Sword Boomerang+1","Seeing Red+1"],"picked":"Rage","floor":25},{"not_picked":["Flex","Thunderclap+1","Warcry"],"picked":"SKIP","floor":27},{"not_picked":["Clash+1","Perfected Strike+1"],"picked":"True Grit+1","floor":30},{"not_picked":["Shrug It Off","Thunderclap+1"],"picked":"Limit Break","floor":31},{"not_picked":["Barricade","Dark Embrace"],"picked":"Impervious","floor":33},{"not_picked":["Flex+1","Warcry"],"picked":"Inflame","floor":35},{"not_picked":["Rampage+1","Twin Strike+1"],"picked":"Iron Wave+1","floor":36},{"not_picked":["Iron Wave+1","Pummel+1"],"picked":"Spot Weakness","floor":38},{"not_picked":["Havoc+1","Twin Strike+1"],"picked":"Feel No Pain","floor":39},{"not_picked":["Twin Strike+1","Thunderclap+1"],"picked":"Feed+1","floor":41},{"not_picked":["Twin Strike+1","Flex"],"picked":"Shrug It Off+1","floor":44},{"not_picked":["Bloodletting+1","Rampage+1"],"picked":"Warcry+1","floor":45},{"not_picked":["Combust","Cleave+1","Flex+1"],"picked":"SKIP","floor":47},{"not_picked":["Thunderclap+1","Iron Wave+1"],"picked":"Impervious","floor":48}],"player_experience":242960,"relics_obtained":[{"floor":7,"key":"Ornamental Fan"},{"floor":9,"key":"Molten Egg 2"},{"floor":13,"key":"Tiny Chest"},{"floor":23,"key":"Strawberry"},{"floor":25,"key":"The Courier"},{"floor":26,"key":"Girya"},{"floor":41,"key":"Turnip"},{"floor":43,"key":"Bottled Flame"},{"floor":45,"key":"Nunchaku"},{"floor":47,"key":"Mercury Hourglass"}],"event_choices":[{"damage_healed":0,"gold_gain":0,"player_choice":"Got Potions","damage_taken":0,"max_hp_gain":0,"max_hp_loss":0,"event_name":"Lab","floor":4,"gold_loss":0},{"damage_healed":0,"gold_gain":0,"player_choice":"Donut","damage_taken":0,"max_hp_gain":5,"max_hp_loss":0,"event_name":"Big Fish","floor":14,"gold_loss":0},{"damage_healed":0,"gold_gain":0,"player_choice":"Joined the Cult","damage_taken":6,"max_hp_gain":0,"max_hp_loss":0,"event_name":"Nest","floor":20,"gold_loss":0,"cards_obtained":["RitualDagger"]},{"damage_healed":33,"gold_gain":0,"player_choice":"Heal","damage_taken":0,"max_hp_gain":0,"max_hp_loss":0,"event_name":"The Library","floor":28,"gold_loss":0},{"damage_healed":0,"gold_gain":0,"player_choice":"Fight","damage_taken":0,"max_hp_gain":0,"max_hp_loss":0,"event_name":"MindBloom","floor":45,"gold_loss":0}],"is_beta":false,"boss_relics":[{"not_picked":["Fusion Hammer","Runic Cube"],"picked":"Sozu"},{"not_picked":["Empty Cage","Mark of Pain"],"picked":"Snecko Eye"}],"items_purged_floors":[19,37],"is_endless":false,"potions_floor_spawned":[1,7,13,16,21,23,30,31,35,39,41,45,47],"ascension_level":0}