{"gold_per_floor":[113,113,113,128,128,164,184,184,207,221,244,287,308,273,273,402,402,420,441,441,441,465,509,509,509],"floor_reached":25,"playtime":1382,"items_purged":[],"score":233,"play_id":"f7c9747d-a9bd-4a81-a002-c86d09feec68","local_time":"20181231030921","is_ascension_mode":false,"campfire_choices":[{"floor":8,"key":"REST"},{"floor":15,"key":"REST"},{"floor":24,"key":"REST"}],"neow_cost":"NONE","seed_source_timestamp":261119563753231,"circlet_count":0,"master_deck":["Strike_R","Strike_R","Strike_R","Strike_R","Defend_R","Defend_R","Defend_R","Defend_R","Bash+1","Pommel Strike+1","Inflame","Reaper","Rupture","Pommel Strike","Inflame","Armaments","Ghostly Armor","Offering","Battle Trance","Pommel Strike","Heavy Blade","Blood for Blood","Rage","Carnage+1"],"relics":["Burning Blood","Golden Idol","Whetstone","Anchor","Potion Belt","Cursed Key","Darkstone Periapt"],"potions_floor_usage":[6,6,12,12,16,16],"damage_taken":[{"damage":8,"enemies":"2 Louse","floor":1,"turns":3},{"damage":7,"enemies":"Small Slimes","floor":4,"turns":4},{"damage":31,"enemies":"3 Sentries","floor":6,"turns":6},{"damage":1,"enemies":"Cultist","floor":7,"turns":3},{"damage":12,"enemies":"3 Louse","floor":10,"turns":4},{"damage":10,"enemies":"Looter","floor":11,"turns":3},{"damage":41,"enemies":"Gremlin Nob","floor":12,"turns":5},{"damage":9,"enemies":"Blue Slaver","floor":13,"turns":3},{"damage":76,"enemies":"Hexaghost","floor":16,"turns":12},{"damage":15,"enemies":"Chosen","floor":18,"turns":5},{"damage":19,"enemies":"3 Byrds","floor":19,"turns":5},{"damage":28,"enemies":"Shelled Parasite and Fungi","floor":22,"turns":4},{"damage":38,"enemies":"Book of Stabbing","floor":23,"turns":5},{"damage":62,"enemies":"Gremlin Leader","floor":25,"turns":6}],"seed_played":"-6796226661915770548","potions_obtained":[{"floor":3,"key":"Dexterity Potion"},{"floor":3,"key":"PowerPotion"},{"floor":3,"key":"FearPotion"},{"floor":7,"key":"Dexterity Potion"},{"floor":10,"key":"LiquidBronze"},{"floor":11,"key":"Regen Potion"},{"floor":13,"key":"Energy Potion"},{"floor":23,"key":"FearPotion"}],"is_trial":false,"path_per_floor":["M","?","?","M","$","E","M","R","T","M","M","E","M","?","R","B",null,"M","M","?","?","M","E","R","E"],"character_chosen":"IRONCLAD","items_purchased":[],"campfire_rested":3,"item_purchase_floors":[],"current_hp_per_floor":[78,58,58,57,57,32,37,61,61,60,56,35,38,58,80,16,80,80,73,73,73,51,28,52,0],"gold":509,"neow_bonus":"THREE_SMALL_POTIONS","is_prod":false,"is_daily":false,"chose_seed":false,"campfire_upgraded":0,"win_rate":0,"timestamp":1546254561,"path_taken":["M","?","?","M","$","E","M","R","T","?","M","E","M","?","R","BOSS","M","M","?","?","?","E","R","E"],"build_version":"2018-12-20","purchased_purges":0,"victory":false,"max_hp_per_floor":[80,80,80,80,80,80,80,80,80,80,80,80,80,80,80,80,80,80,80,80,80,80,80,80,80],"card_choices":[{"not_picked":["Anger","Warcry"],"picked":"Pommel Strike","floor":1},{"not_picked":["Clash","Pommel Strike"],"picked":"Inflame","floor":4},{"not_picked":["Dark Embrace","Infernal Blade"],"picked":"Reaper","floor":6},{"not_picked":["Thunderclap","Iron Wave"],"picked":"Rupture","floor":7},{"not_picked":["True Grit","Cleave"],"picked":"Pommel Strike","floor":10},{"not_picked":["Pommel Strike","Perfected Strike"],"picked":"Inflame","floor":11},{"not_picked":["Burning Pact","Sever Soul"],"picked":"Armaments","floor":12},{"not_picked":["Thunderclap","Flex"],"picked":"Ghostly Armor","floor":13},{"not_picked":["Dark Embrace","Barricade"],"picked":"Offering","floor":16},{"not_picked":["Intimidate","Pommel Strike"],"picked":"Battle Trance","floor":18},{"not_picked":["Pummel","Flex"],"picked":"Pommel Strike","floor":19},{"not_picked":["Seeing Red+1","Inflame"],"picked":"Rage","floor":22},{"not_picked":["Dual Wield","Fire Breathing"],"picked":"Carnage+1","floor":23}],"player_experience":48021,"relics_obtained":[{"floor":6,"key":"Whetstone"},{"floor":9,"key":"Anchor"},{"floor":12,"key":"Potion Belt"},{"floor":23,"key":"Darkstone Periapt"}],"event_choices":[{"damage_healed":0,"gold_gain":0,"player_choice":"Take Damage","damage_taken":20,"relics_obtained":["Golden Idol"],"max_hp_gain":0,"max_hp_loss":0,"event_name":"Golden Idol","floor":2,"gold_loss":0},{"damage_healed":0,"gold_gain":0,"player_choice":"Got Potions","damage_taken":0,"max_hp_gain":0,"max_hp_loss":0,"event_name":"Lab","floor":3,"gold_loss":0},{"damage_healed":20,"gold_gain":0,"player_choice":"Healed","damage_taken":0,"max_hp_gain":0,"max_hp_loss":0,"event_name":"The Cleric","floor":14,"gold_loss":35},{"damage_healed":0,"gold_gain":0,"player_choice":"Read","damage_taken":0,"max_hp_gain":0,"max_hp_loss":0,"event_name":"The Library","floor":20,"gold_loss":0,"cards_obtained":["Heavy Blade"]},{"damage_healed":0,"gold_gain":0,"cards_transformed":["Strike_R"],"player_choice":"Transformed","damage_taken":0,"max_hp_gain":0,"max_hp_loss":0,"event_name":"Transmorgrifier","floor":21,"gold_loss":0,"cards_obtained":["Blood for Blood"]}],"is_beta":false,"boss_relics":[{"not_picked":["Astrolabe","Calling Bell"],"picked":"Cursed Key"}],"items_purged_floors":[],"is_endless":false,"potions_floor_spawned":[7,10,11,13,23],"killed_by":"Gremlin Leader","ascension_level":0}