{"gold_per_floor":[113,124,142,142,157,157,185,185,233,243,257,271,290,8,8,112,112,132,57,57,57,72,72,103,103,178,178,190,202,202,231,231,330,330,347,55,155,62,72,72,105,105,159,159,193,244,244,260,260,260],"floor_reached":51,"playtime":2332,"items_purged":[],"score":770,"play_id":"754d66af-917e-4254-95be-146a5c982cb5","local_time":"20190415174219","is_ascension_mode":false,"campfire_choices":[{"data":"Shockwave","floor":6,"key":"SMITH"},{"data":"Armaments","floor":8,"key":"SMITH"},{"data":"Corruption","floor":15,"key":"SMITH"},{"data":"Demon Form","floor":23,"key":"SMITH"},{"data":"Offering","floor":25,"key":"SMITH"},{"data":"Inflame","floor":27,"key":"SMITH"},{"data":"True Grit","floor":30,"key":"SMITH"},{"data":"Iron Wave","floor":32,"key":"SMITH"},{"floor":40,"key":"RECALL"},{"floor":42,"key":"REST"},{"data":"1","floor":47,"key":"LIFT"},{"floor":49,"key":"REST"}],"neow_cost":"PERCENT_DAMAGE","seed_source_timestamp":282548115261000,"circlet_count":0,"master_deck":["Strike_R+1","Strike_R+1","Defend_R+1","Defend_R+1","Bash+1","Thunderclap","Armaments+1","Shrug It Off","Shockwave+1","Headbutt","Shrug It Off","True Grit+1","Offering+1","Corruption+1","Iron Wave+1","Demon Form+1","Clash","Wild Strike","Anger","Inflame+1","Dark Embrace","Metallicize","Double Tap","Discovery","Shrug It Off+1","Pommel Strike+1","Disarm","Armaments"],"relics":["Burning Blood","Pear","Pen Nib","Lantern","Velvet Choker","Omamori","Bottled Flame","Incense Burner","Fusion Hammer","FossilizedHelix","Pocketwatch","Ice Cream","Potion Belt","Mango","Girya"],"potions_floor_usage":[33,45,48],"damage_taken":[{"damage":2,"enemies":"2 Louse","floor":1,"turns":4},{"damage":1,"enemies":"Cultist","floor":2,"turns":3},{"damage":0,"enemies":"Small Slimes","floor":3,"turns":3},{"damage":4,"enemies":"3 Louse","floor":5,"turns":4},{"damage":35,"enemies":"Lagavulin","floor":7,"turns":9},{"damage":4,"enemies":"Looter","floor":10,"turns":3},{"damage":0,"enemies":"Large Slime","floor":11,"turns":4},{"damage":7,"enemies":"Exordium Wildlife","floor":12,"turns":5},{"damage":0,"enemies":"Blue Slaver","floor":13,"turns":5},{"damage":12,"enemies":"Slime Boss","floor":16,"turns":9},{"damage":6,"enemies":"Shell Parasite","floor":18,"turns":4},{"damage":6,"enemies":"3 Byrds","floor":22,"turns":4},{"damage":11,"enemies":"Slavers","floor":24,"turns":5},{"damage":0,"enemies":"Snecko","floor":28,"turns":4},{"damage":6,"enemies":"Snake Plant","floor":29,"turns":4},{"damage":8,"enemies":"Book of Stabbing","floor":31,"turns":5},{"damage":15,"enemies":"Automaton","floor":33,"turns":7},{"damage":10,"enemies":"Orb Walker","floor":35,"turns":4},{"damage":0,"enemies":"Mind Bloom Boss Battle","floor":37,"turns":5},{"damage":0,"enemies":"3 Shapes","floor":39,"turns":4},{"damage":4,"enemies":"Nemesis","floor":41,"turns":5},{"damage":24,"enemies":"Reptomancer","floor":45,"turns":5},{"damage":43,"enemies":"2 Orb Walkers","floor":46,"turns":5},{"damage":0,"enemies":"Spire Growth","floor":48,"turns":4},{"damage":11,"enemies":"Time Eater","floor":50,"turns":7}],"seed_played":"1801633790612287242","potions_obtained":[{"floor":1,"key":"Ancient Potion"},{"floor":7,"key":"EssenceOfSteel"},{"floor":12,"key":"FearPotion"},{"floor":22,"key":"Fire Potion"},{"floor":33,"key":"Fire Potion"},{"floor":39,"key":"Weak Potion"},{"floor":41,"key":"FearPotion"},{"floor":46,"key":"SteroidPotion"},{"floor":48,"key":"Swift Potion"}],"is_trial":false,"path_per_floor":["M","M","M","?","M","R","E","R","T","M","M","M","M","$","R","B",null,"M","?","?","?","M","R","E","R","T","R","M","M","R","E","R","B",null,"M","$","?","$","M","R","E","R","T","?","E","?","R","M","R","B",null],"character_chosen":"IRONCLAD","items_purchased":["Lantern","Corruption","Iron Wave","FossilizedHelix","Discovery"],"campfire_rested":2,"item_purchase_floors":[14,14,14,36,38],"current_hp_per_floor":[60,65,71,71,73,73,54,54,54,56,62,61,67,67,67,61,90,90,90,90,90,90,90,85,85,85,85,90,90,90,88,88,79,90,86,86,90,90,90,90,90,90,90,90,86,49,49,55,86,81],"gold":260,"neow_bonus":"REMOVE_TWO","is_prod":false,"is_daily":false,"chose_seed":false,"campfire_upgraded":8,"win_rate":1,"timestamp":1555375339,"path_taken":["M","M","M","?","M","R","E","R","T","M","M","M","M","$","R","BOSS","M","?","?","?","M","R","E","R","T","R","M","M","R","E","R","BOSS","M","$","?","$","M","R","E","R","T","?","E","?","R","M","R","BOSS"],"build_version":"2019-01-23","purchased_purges":0,"victory":true,"max_hp_per_floor":[80,80,80,80,80,80,90,90,90,90,90,90,90,90,90,90,90,90,90,90,90,90,90,90,90,90,90,90,90,90,90,90,90,90,90,90,90,90,90,90,90,90,90,90,104,104,104,104,104,104],"card_choices":[{"not_picked":["Sentinel","Body Slam"],"picked":"Thunderclap","floor":1},{"not_picked":["Anger","Flex"],"picked":"Armaments","floor":2},{"not_picked":["Flex","Flame Barrier"],"picked":"Shrug It Off","floor":3},{"not_picked":["Sword Boomerang","Clothesline"],"picked":"Shockwave","floor":5},{"not_picked":["Clash","Wild Strike"],"picked":"Headbutt","floor":7},{"not_picked":["Cleave","Twin Strike"],"picked":"Shrug It Off","floor":10},{"not_picked":["Cleave","Sever Soul"],"picked":"True Grit","floor":11},{"not_picked":["Perfected Strike","Second Wind","Searing Blow"],"picked":"SKIP","floor":12},{"not_picked":["Clothesline","Flex"],"picked":"Offering","floor":13},{"not_picked":["Reaper","Bludgeon"],"picked":"Demon Form","floor":16},{"not_picked":["Corruption","Pommel Strike"],"picked":"Dropkick+1","floor":18},{"not_picked":["Heavy Blade","Sever Soul"],"picked":"Anger","floor":22},{"not_picked":["Dropkick","Wild Strike"],"picked":"Inflame","floor":24},{"not_picked":["Flex","Thunderclap+1","Evolve+1"],"picked":"SKIP","floor":28},{"not_picked":["Sentinel","Havoc+1"],"picked":"Dark Embrace","floor":29},{"not_picked":["True Grit","Pommel Strike"],"picked":"Metallicize","floor":31},{"not_picked":["Fiend Fire","Bludgeon"],"picked":"Double Tap","floor":33},{"not_picked":["Seeing Red","Sword Boomerang","Thunderclap+1"],"picked":"SKIP","floor":35},{"not_picked":["True Grit+1","Anger+1"],"picked":"Shrug It Off+1","floor":39},{"not_picked":["Demon Form","Flex+1"],"picked":"Pommel Strike+1","floor":41},{"not_picked":["Clash","Perfected Strike+1"],"picked":"Disarm","floor":45},{"not_picked":["Perfected Strike","Blood for Blood"],"picked":"Armaments","floor":48}],"player_experience":372093,"relics_obtained":[{"floor":7,"key":"Pear"},{"floor":9,"key":"Pen Nib"},{"floor":24,"key":"Omamori"},{"floor":26,"key":"Bottled Flame"},{"floor":31,"key":"Incense Burner"},{"floor":37,"key":"Pocketwatch"},{"floor":41,"key":"Ice Cream"},{"floor":43,"key":"Potion Belt"},{"floor":45,"key":"Mango"},{"floor":46,"key":"Girya"}],"event_choices":[{"damage_healed":0,"gold_gain":0,"player_choice":"Upgraded","damage_taken":0,"max_hp_gain":0,"max_hp_loss":0,"event_name":"Upgrade Shrine","floor":4,"gold_loss":0,"cards_upgraded":["Bash"]},{"cards_removed":["Strike_R"],"damage_healed":0,"gold_gain":0,"player_choice":"Gave Gold","damage_taken":0,"max_hp_gain":0,"max_hp_loss":0,"event_name":"Beggar","floor":19,"gold_loss":75},{"damage_healed":0,"gold_gain":0,"cards_transformed":["Defend_R","Strike_R"],"player_choice":"Became Test Subject","damage_taken":0,"max_hp_gain":0,"max_hp_loss":0,"event_name":"Drug Dealer","floor":20,"gold_loss":0,"cards_obtained":["Clash","Wild Strike"]},{"damage_healed":0,"gold_gain":0,"player_choice":"Simplicity","damage_taken":0,"max_hp_gain":0,"max_hp_loss":0,"event_name":"Back to Basics","floor":21,"gold_loss":0,"cards_upgraded":["Strike_R","Strike_R","Defend_R","Defend_R"]},{"damage_healed":0,"gold_gain":0,"player_choice":"Fight","damage_taken":0,"max_hp_gain":0,"max_hp_loss":0,"event_name":"MindBloom","floor":37,"gold_loss":0},{"cards_removed":["Dropkick"],"damage_healed":0,"gold_gain":0,"player_choice":"Removed Attack","damage_taken":0,"max_hp_gain":0,"max_hp_loss":0,"event_name":"Falling","floor":44,"gold_loss":0},{"damage_healed":0,"gold_gain":0,"player_choice":"Fight","damage_taken":0,"max_hp_gain":0,"max_hp_loss":0,"event_name":"Mysterious Sphere","floor":46,"gold_loss":0}],"is_beta":false,"boss_relics":[{"not_picked":["Tiny House","Runic Pyramid"],"picked":"Velvet Choker"},{"not_picked":["Calling Bell","Lizard Tail"],"picked":"Fusion Hammer"}],"items_purged_floors":[],"is_endless":false,"potions_floor_spawned":[1,7,12,13,22,31,33,37,39,41,46,48],"ascension_level":0}