{"gold_per_floor":[118,118,135,210,229,257,257,257,283,283,312,323,336,347,347,347],"floor_reached":16,"playtime":604,"items_purged":[],"score":118,"play_id":"57b7897d-040c-4d72-bcbc-36fa7148495e","local_time":"20190305044703","is_ascension_mode":true,"campfire_choices":[{"floor":10,"key":"REST"},{"floor":15,"key":"REST"}],"neow_cost":"NONE","seed_source_timestamp":309471935845900,"circlet_count":0,"master_deck":["Strike_R","Strike_R","Strike_R","Strike_R","Defend_R","Defend_R+1","Defend_R","Defend_R","Bash+1","Trip","Thunderclap","Thunderclap","Sever Soul","Pummel","Feel No Pain","Dropkick","Fire Breathing","Havoc","Fire Breathing"],"relics":["Burning Blood","Dream Catcher","Matryoshka","Gremlin Horn","Orichalcum"],"potions_floor_usage":[6,11,13],"damage_taken":[{"damage":7,"enemies":"Small Slimes","floor":1,"turns":4},{"damage":6,"enemies":"Jaw Worm","floor":3,"turns":3},{"damage":4,"enemies":"2 Louse","floor":5,"turns":3},{"damage":40,"enemies":"3 Sentries","floor":6,"turns":7},{"damage":24,"enemies":"Gremlin Nob","floor":11,"turns":5},{"damage":11,"enemies":"Gremlin Gang","floor":12,"turns":2},{"damage":7,"enemies":"3 Louse","floor":13,"turns":2},{"damage":7,"enemies":"2 Fungi Beasts","floor":14,"turns":3},{"damage":40,"enemies":"Slime Boss","floor":16,"turns":6}],"seed_played":"-8070950854080416581","potions_obtained":[{"floor":3,"key":"Explosive Potion"},{"floor":6,"key":"SkillPotion"},{"floor":12,"key":"BloodPotion"}],"is_trial":false,"path_per_floor":["M","?","M","?","M","E","?","?","T","R","E","M","M","M","R","B"],"character_chosen":"IRONCLAD","items_purchased":[],"campfire_rested":2,"item_purchase_floors":[],"current_hp_per_floor":[79,63,63,52,54,20,8,8,8,32,14,9,16,15,39,0],"gold":347,"neow_bonus":"RANDOM_COLORLESS","is_prod":false,"is_daily":false,"chose_seed":false,"campfire_upgraded":0,"win_rate":0,"timestamp":1551790023,"path_taken":["M","?","M","?","?","E","?","?","T","R","E","M","M","M","R","BOSS"],"build_version":"2019-01-23","purchased_purges":0,"victory":false,"max_hp_per_floor":[80,80,80,80,80,80,80,80,80,80,80,80,80,80,80,80],"card_choices":[{"not_picked":["Searing Blow","Combust"],"picked":"Thunderclap","floor":1},{"not_picked":["Flex","Pommel Strike"],"picked":"Thunderclap","floor":3},{"not_picked":["Pommel Strike","Battle Trance"],"picked":"Sever Soul","floor":5},{"not_picked":["Thunderclap","Double Tap"],"picked":"Pummel","floor":6},{"not_picked":["Clash","Shrug It Off"],"picked":"Feel No Pain","floor":10},{"not_picked":["Reaper","Fire Breathing"],"picked":"Dropkick","floor":11},{"not_picked":["Blood for Blood","Anger"],"picked":"Fire Breathing","floor":12},{"not_picked":["Headbutt","Warcry"],"picked":"Havoc","floor":13},{"not_picked":["Cleave","Perfected Strike","Searing Blow"],"picked":"SKIP","floor":14},{"not_picked":["Shockwave","Pommel Strike"],"picked":"Fire Breathing","floor":15}],"player_experience":106512,"relics_obtained":[{"floor":6,"key":"Dream Catcher"},{"floor":9,"key":"Gremlin Horn"},{"floor":11,"key":"Orichalcum"}],"event_choices":[{"damage_healed":0,"gold_gain":0,"player_choice":"Entered Light","damage_taken":16,"max_hp_gain":0,"max_hp_loss":0,"event_name":"Shining Light","floor":2,"gold_loss":0,"cards_upgraded":["Bash","Defend_R"]},{"damage_healed":0,"gold_gain":75,"player_choice":"Gather Gold","damage_taken":11,"max_hp_gain":0,"max_hp_loss":0,"event_name":"World of Goop","floor":4,"gold_loss":0},{"damage_healed":0,"gold_gain":0,"player_choice":"Success","damage_taken":12,"relics_obtained":["Matryoshka"],"max_hp_gain":0,"max_hp_loss":0,"event_name":"Scrap Ooze","floor":7,"gold_loss":0},{"cards_removed":["Strike_R"],"damage_healed":0,"gold_gain":0,"player_choice":"Card Removal","damage_taken":0,"max_hp_gain":0,"max_hp_loss":0,"event_name":"Wheel of Change","floor":8,"gold_loss":0}],"is_beta":false,"boss_relics":[],"items_purged_floors":[],"is_endless":false,"potions_floor_spawned":[3,6,12],"killed_by":"Slime Boss","ascension_level":1}