{"gold_per_floor":[114,127,52,66,66,97,114,129,129,140,140],"floor_reached":11,"playtime":460,"items_purged":["Strike_R"],"score":77,"play_id":"ec2bf9be-46b7-496f-95ab-dce34bd16b26","local_time":"20190410224628","is_ascension_mode":false,"campfire_choices":[],"neow_cost":"NONE","seed_source_timestamp":269188680345166,"circlet_count":0,"master_deck":["Strike_R","Strike_R","Strike_R","Defend_R","Defend_R","Defend_R","Defend_R","Bash"],"relics":["Burning Blood","Paper Frog","Unceasing Top"],"potions_floor_usage":[8,8],"damage_taken":[{"damage":1,"enemies":"Cultist","floor":1,"turns":3},{"damage":6,"enemies":"2 Louse","floor":2,"turns":2},{"damage":0,"enemies":"Small Slimes","floor":4,"turns":5},{"damage":77,"enemies":"Lagavulin","floor":6,"turns":13},{"damage":7,"enemies":"Looter","floor":7,"turns":5},{"damage":0,"enemies":"Large Slime","floor":8,"turns":5},{"damage":6,"enemies":"2 Fungi Beasts","floor":10,"turns":5},{"damage":24,"enemies":"Gremlin Gang","floor":11,"turns":3}],"seed_played":"3774424034327469904","potions_obtained":[{"floor":1,"key":"FearPotion"},{"floor":4,"key":"Block Potion"},{"floor":7,"key":"PowerPotion"}],"is_trial":false,"path_per_floor":["M","M","$","M","$","E","M","M","T","M","M"],"character_chosen":"IRONCLAD","items_purchased":[],"campfire_rested":0,"item_purchase_floors":[],"current_hp_per_floor":[80,80,80,80,80,9,8,14,14,14,0],"gold":140,"neow_bonus":"REMOVE_CARD","is_prod":false,"is_daily":false,"chose_seed":false,"campfire_upgraded":0,"win_rate":0,"timestamp":1554961588,"path_taken":["M","?","$","M","$","E","M","M","T","M","M"],"build_version":"2019-01-23","purchased_purges":1,"victory":false,"max_hp_per_floor":[80,80,80,80,80,80,80,80,80,80,80],"card_choices":[{"not_picked":["Second Wind","Armaments","Infernal Blade"],"picked":"SKIP","floor":1},{"not_picked":["Anger","Thunderclap","Havoc"],"picked":"SKIP","floor":2},{"not_picked":["Flex","Whirlwind","Spot Weakness"],"picked":"SKIP","floor":4},{"not_picked":["Flame Barrier","Clothesline","Twin Strike"],"picked":"SKIP","floor":6},{"not_picked":["Bloodletting","Heavy Blade","Infernal Blade"],"picked":"SKIP","floor":7},{"not_picked":["Searing Blow","Twin Strike","Wild Strike"],"picked":"SKIP","floor":8},{"not_picked":["Wild Strike","Metallicize","Seeing Red"],"picked":"SKIP","floor":10}],"player_experience":546357,"relics_obtained":[{"floor":6,"key":"Paper Frog"},{"floor":9,"key":"Unceasing Top"}],"event_choices":[],"is_beta":false,"boss_relics":[],"items_purged_floors":[3],"is_endless":false,"potions_floor_spawned":[1,4,7],"killed_by":"Gremlin Gang","ascension_level":0}