{"gold_per_floor":[12,87,97,107,131,131,160,174,174,174,193,205,205,220,220,321,321,332,332,116,46,61,86,86,1,1,20,20,35,50,61,61,164,164,178,190,190,205,63,95,95,107,107,107,124,124,141,141,141,141],"floor_reached":51,"playtime":3000,"items_purged":[],"score":703,"play_id":"615bda6e-2815-4629-8268-14a33f7714af","local_time":"20190418111732","is_ascension_mode":false,"campfire_choices":[{"data":"Bash","floor":6.0,"key":"SMITH"},{"data":"True Grit","floor":10.0,"key":"SMITH"},{"data":"Rage","floor":13.0,"key":"SMITH"},{"data":"Wild Strike","floor":15.0,"key":"SMITH"},{"data":"Shockwave","floor":24.0,"key":"SMITH"},{"data":"Juggernaut","floor":28.0,"key":"SMITH"},{"data":"Havoc","floor":32.0,"key":"SMITH"},{"data":"Limit Break","floor":41,"key":"SMITH"},{"floor":44,"key":"REST"},{"data":"Shockwave","floor":46,"key":"SMITH"},{"floor":49,"key":"REST"}],"neow_cost":"NO_GOLD","seed_source_timestamp":0,"circlet_count":0,"master_deck":["Strike_R","Strike_R","Strike_R","Strike_R","Defend_R","Defend_R","Defend_R","Defend_R","Bash+1","Battle Trance","True Grit+1","Shrug It Off","Cleave","Pommel Strike","Wild Strike+1","Rage+1","Seeing Red","Juggernaut+1","Spot Weakness","Second Wind","Carnage","Havoc+1","Flame Barrier","Shockwave+1","PanicButton","Inflame","Anger","Feel No Pain","Disarm","Burning Pact+1","Flex+1","Spot Weakness","Infernal Blade","Limit Break+1","Feel No Pain","Feel No Pain+1","Madness","Madness","Parasite","Shockwave+1","Twin Strike+1","Shockwave"],"special_seed":0,"relics":["Burning Blood","Bird Faced Urn","Pen Nib","Mango","Vajra","Orrery","Potion Belt","Orichalcum","The Courier","Mark of Pain","Art of War","Mummified Hand"],"potions_floor_usage":[35,38,40,40,40,50,50,50],"damage_taken":[{"damage":2.0,"enemies":"Small Slimes","floor":1.0,"turns":4.0},{"damage":6.0,"enemies":"Jaw Worm","floor":3.0,"turns":4.0},{"damage":0.0,"enemies":"2 Louse","floor":4.0,"turns":4.0},{"damage":27.0,"enemies":"3 Sentries","floor":7.0,"turns":11.0},{"damage":3.0,"enemies":"Exordium Thugs","floor":8.0,"turns":4.0},{"damage":3.0,"enemies":"Red Slaver","floor":11.0,"turns":4.0},{"damage":3.0,"enemies":"Large Slime","floor":12.0,"turns":7.0},{"damage":0.0,"enemies":"3 Louse","floor":14.0,"turns":2.0},{"damage":67.0,"enemies":"Hexaghost","floor":16.0,"turns":10.0},{"damage":20.0,"enemies":"2 Thieves","floor":18.0,"turns":4.0},{"damage":0.0,"enemies":"Chosen","floor":22.0,"turns":3.0},{"damage":28.0,"enemies":"Book of Stabbing","floor":23.0,"turns":6.0},{"damage":20.0,"enemies":"Shelled Parasite and Fungi","floor":27.0,"turns":6.0},{"damage":7.0,"enemies":"Snecko","floor":29.0,"turns":5.0},{"damage":10.0,"enemies":"Centurion and Healer","floor":30.0,"turns":7.0},{"damage":1.0,"enemies":"Cultist and Chosen","floor":31.0,"turns":5.0},{"damage":75.0,"enemies":"Collector","floor":33.0,"turns":11.0},{"damage":39,"enemies":"3 Darklings","floor":35,"turns":5},{"damage":0,"enemies":"3 Shapes","floor":36,"turns":11},{"damage":14,"enemies":"Writhing Mass","floor":38,"turns":5},{"damage":13,"enemies":"Nemesis","floor":40,"turns":5},{"damage":27,"enemies":"3 Darklings","floor":42,"turns":5},{"damage":5,"enemies":"Spire Growth","floor":45,"turns":4},{"damage":37,"enemies":"Jaw Worm Horde","floor":47,"turns":6},{"damage":61,"enemies":"Awakened One","floor":50,"turns":10}],"seed_played":"-4454176306517600764","potions_obtained":[{"floor":3.0,"key":"Swift Potion"},{"floor":8.0,"key":"SpeedPotion"},{"floor":14.0,"key":"BloodPotion"},{"floor":16.0,"key":"Weak Potion"},{"floor":27.0,"key":"EssenceOfSteel"},{"floor":29.0,"key":"Energy Potion"},{"floor":30.0,"key":"SkillPotion"},{"floor":31.0,"key":"GamblersBrew"},{"floor":35,"key":"LiquidBronze"},{"floor":38,"key":"Swift Potion"},{"floor":40,"key":"SpeedPotion"},{"floor":45,"key":"SteroidPotion"}],"is_trial":false,"path_per_floor":["M","?","M","M","T","R","E","M","T","R","M","M","R","M","R","B",null,"M","?","$","$","M","E","R","?","T","M","R","M","M","M","R","B",null,"M","M","?","M","$","E","R","M","T","R","M","R","M","?","R","B",null],"character_chosen":"IRONCLAD","items_purchased":["PanicButton","Inflame","Anger","Energy Potion","Feel No Pain","Shockwave","Strength Potion","Block Potion"],"campfire_rested":2,"item_purchase_floors":[20,20,20,20,21,39,39,39],"current_hp_per_floor":[80,69,69,75,75,75,68,71,71,71,74,77,77,83,83,22,94,80,80,80,80,88,79,79,79,79,69,69,74,74,83,83,20,94,63,75,63,59,59,56,56,41,41,69,78,78,57,57,85,36],"gold":141,"neow_bonus":"ONE_RARE_RELIC","is_prod":false,"is_daily":false,"chose_seed":false,"campfire_upgraded":9,"win_rate":1,"timestamp":1555611452,"path_taken":["M","?","M","M","?","R","E","M","T","R","M","M","R","M","R","BOSS","M","?","?","$","?","E","R","?","T","M","R","M","M","M","R","BOSS","M","M","?","M","$","E","R","M","T","R","M","R","M","?","R","BOSS"],"build_version":"2019-01-23","purchased_purges":0,"victory":true,"max_hp_per_floor":[80,80,80,80,80,80,94,94,94,94,94,94,94,94,94,94,94,94,94,94,94,94,94,94,94,94,94,94,94,94,94,94,94,94,94,94,94,94,94,94,94,94,94,94,94,94,94,94,94,94],"card_choices":[{"not_picked":["Wild Strike","Pommel Strike"],"picked":"Battle Trance","floor":1.0},{"not_picked":["Flex","Sword Boomerang"],"picked":"True Grit","floor":3.0},{"not_picked":["Warcry","Intimidate"],"picked":"Shrug It Off","floor":4.0},{"not_picked":["True Grit","Intimidate"],"picked":"Cleave","floor":7.0},{"not_picked":["Sever Soul","Body Slam"],"picked":"Pommel Strike","floor":8.0},{"not_picked":["Brutality","Heavy Blade"],"picked":"Wild Strike","floor":11.0},{"not_picked":["Perfected Strike","Sentinel"],"picked":"Rage","floor":12.0},{"not_picked":["Body Slam","Wild Strike"],"picked":"Seeing Red","floor":14.0},{"not_picked":["Berserk","Limit Break"],"picked":"Juggernaut","floor":16.0},{"not_picked":["Thunderclap","Wild Strike"],"picked":"Spot Weakness","floor":17.0},{"not_picked":["Sever Soul","Havoc"],"picked":"Second Wind","floor":17.0},{"not_picked":["Cleave","Dropkick"],"picked":"Carnage","floor":17.0},{"not_picked":["Warcry","Reckless Charge"],"picked":"Havoc","floor":17.0},{"not_picked":["Havoc","Exhume"],"picked":"Flame Barrier","floor":18.0},{"not_picked":["Shockwave+1","Cleave"],"picked":"Disarm","floor":22.0},{"not_picked":["Cleave","Clash"],"picked":"Burning Pact+1","floor":23.0},{"not_picked":["True Grit","Anger"],"picked":"Flex+1","floor":27.0},{"not_picked":["Clothesline","Wild Strike"],"picked":"Spot Weakness","floor":29.0},{"not_picked":["Sword Boomerang","Combust","Fiend Fire"],"picked":"SKIP","floor":30.0},{"not_picked":["Twin Strike","Rupture"],"picked":"Infernal Blade","floor":31.0},{"not_picked":["Offering","Demon Form"],"picked":"Limit Break","floor":33.0},{"not_picked":["True Grit+1","Havoc"],"picked":"Feel No Pain","floor":35},{"not_picked":["Reckless Charge","Rupture+1"],"picked":"Feel No Pain+1","floor":36},{"not_picked":["Hemokinesis","Cleave","Clash+1"],"picked":"SKIP","floor":38},{"not_picked":["Twin Strike","Bloodletting+1","Heavy Blade"],"picked":"SKIP","floor":40},{"not_picked":["Combust","Hemokinesis+1","Anger"],"picked":"SKIP","floor":42},{"not_picked":["Flex+1","Wild Strike+1"],"picked":"Twin Strike+1","floor":45},{"not_picked":["Seeing Red+1","Shockwave","Body Slam+1"],"picked":"SKIP","floor":47},{"not_picked":["Seeing Red+1","Body Slam+1"],"picked":"Shockwave","floor":47}],"player_experience":431812,"relics_obtained":[{"floor":5.0,"key":"Pen Nib"},{"floor":7.0,"key":"Mango"},{"floor":9.0,"key":"Vajra"},{"floor":23.0,"key":"Potion Belt"},{"floor":26.0,"key":"The Courier"},{"floor":40,"key":"Art of War"},{"floor":43,"key":"Mummified Hand"}],"event_choices":[{"damage_healed":0.0,"max_hp_gain":0.0,"max_hp_loss":0.0,"gold_gain":75.0,"event_name":"World of Goop","player_choice":"Gather Gold","floor":2.0,"gold_loss":0.0,"damage_taken":11.0},{"damage_healed":0.0,"max_hp_gain":0.0,"max_hp_loss":0.0,"gold_gain":0.0,"cards_transformed":["Strike_R"],"event_name":"Transmorgrifier","player_choice":"Transformed","floor":19.0,"gold_loss":0.0,"damage_taken":0.0,"cards_obtained":["Shockwave"]},{"damage_healed":0.0,"max_hp_gain":0.0,"max_hp_loss":0.0,"gold_gain":0.0,"event_name":"Addict","player_choice":"Obtained Relic","floor":25.0,"gold_loss":85.0,"damage_taken":0.0,"relics_obtained":["Orichalcum"]},{"damage_healed":0,"gold_gain":0,"player_choice":"Embrace Madness","damage_taken":12,"max_hp_gain":0,"max_hp_loss":0,"event_name":"Winding Halls","floor":37,"gold_loss":0,"cards_obtained":["Madness","Madness"]},{"damage_healed":0,"gold_gain":0,"player_choice":"Ignored","damage_taken":0,"max_hp_gain":0,"max_hp_loss":0,"event_name":"Mysterious Sphere","floor":48,"gold_loss":0}],"is_beta":false,"boss_relics":[{"not_picked":["Calling Bell","Tiny House"],"picked":"Orrery"},{"not_picked":["Coffee Dripper","Eternal Feather"],"picked":"Mark of Pain"}],"items_purged_floors":[],"is_endless":false,"potions_floor_spawned":[3,8,14,16,22,27,29,30,31,35,38,40,45],"ascension_level":0}