{"gold_per_floor":[114,189,40,57,57,57,89,89,89,117,136,153,53,53,53,155,155,170,203,223,98,118,144,144,156,182,195,213,213,63,63,63,166,166,177,2,22,42,59,59,71,71,96,113,127,127],"floor_reached":46,"playtime":2221,"items_purged":["Strike_R","Defend_R","Strike_R","Defend_R","Strike_R"],"score":503,"play_id":"dba0cdea-7566-4c43-8e87-cc2739b8cf23","local_time":"20190417122729","is_ascension_mode":true,"campfire_choices":[{"data":"Bash","floor":6,"key":"SMITH"},{"data":"Dropkick","floor":8,"key":"SMITH"},{"data":"Defend_R","floor":15,"key":"SMITH"},{"data":"Defend_R","floor":24,"key":"SMITH"},{"floor":29,"key":"REST"},{"floor":32,"key":"REST"},{"floor":40,"key":"REST"},{"floor":42,"key":"REST"}],"neow_cost":"NONE","seed_source_timestamp":62884345061065,"circlet_count":0,"master_deck":["Strike_R","Strike_R","Defend_R+1","Defend_R+1","Bash+1","Dropkick+1","Clash+1","Shrug It Off+1","Demon Form","Double Tap+1"],"relics":["Burning Blood","NeowsBlessing","Self Forming Clay","Turnip","Molten Egg 2","Mercury Hourglass","Orrery","Red Mask","Toxic Egg 2","Centennial Puzzle","Orichalcum","Snecko Eye","Lantern"],"potions_floor_usage":[10,12,16,16,19,23,28,28,45],"damage_taken":[{"damage":0,"enemies":"Small Slimes","floor":1,"turns":1},{"damage":0,"enemies":"Jaw Worm","floor":4,"turns":1},{"damage":0,"enemies":"Gremlin Nob","floor":7,"turns":1},{"damage":14,"enemies":"Lagavulin","floor":10,"turns":7},{"damage":1,"enemies":"Cultist","floor":11,"turns":3},{"damage":7,"enemies":"Blue Slaver","floor":12,"turns":3},{"damage":38,"enemies":"The Guardian","floor":16,"turns":11},{"damage":2,"enemies":"Shell Parasite","floor":18,"turns":3},{"damage":9,"enemies":"Masked Bandits","floor":19,"turns":4},{"damage":0,"enemies":"Chosen","floor":20,"turns":3},{"damage":17,"enemies":"Snecko","floor":22,"turns":4},{"damage":33,"enemies":"Gremlin Leader","floor":23,"turns":5},{"damage":2,"enemies":"Snake Plant","floor":25,"turns":3},{"damage":13,"enemies":"Cultist and Chosen","floor":27,"turns":5},{"damage":41,"enemies":"Snecko","floor":28,"turns":7},{"damage":68,"enemies":"Champ","floor":33,"turns":15},{"damage":7,"enemies":"3 Darklings","floor":35,"turns":5},{"damage":12,"enemies":"3 Shapes","floor":37,"turns":4},{"damage":38,"enemies":"3 Darklings","floor":38,"turns":6},{"damage":29,"enemies":"Writhing Mass","floor":39,"turns":5},{"damage":11,"enemies":"Sphere and 2 Shapes","floor":41,"turns":7},{"damage":25,"enemies":"Spire Growth","floor":44,"turns":4},{"damage":0,"enemies":"Transient","floor":45,"turns":5},{"damage":0,"enemies":"Giant Head","floor":46,"turns":4}],"seed_played":"-8537356593650549678","potions_obtained":[{"floor":4,"key":"Poison Potion"},{"floor":11,"key":"EntropicBrew"},{"floor":16,"key":"LiquidBronze"},{"floor":18,"key":"Explosive Potion"},{"floor":22,"key":"FairyPotion"},{"floor":25,"key":"PowerPotion"},{"floor":38,"key":"Regen Potion"},{"floor":39,"key":"Fire Potion"},{"floor":44,"key":"SkillPotion"}],"is_trial":false,"path_per_floor":["M","?","$","M","?","R","E","R","T","E","M","M","$","?","R","B",null,"M","?","M","$","M","E","R","M","T","M","M","R","$","?","R","B",null,"M","$","M","M","M","R","M","R","T","M","M","E"],"character_chosen":"IRONCLAD","items_purchased":["Dropkick"],"campfire_rested":4,"item_purchase_floors":[3],"current_hp_per_floor":[80,69,69,75,72,72,78,78,78,70,75,74,74,74,74,42,80,80,77,80,80,69,42,42,46,46,39,12,36,36,36,60,14,80,79,79,73,41,18,42,37,61,61,42,48,48],"gold":127,"neow_bonus":"THREE_ENEMY_KILL","is_prod":false,"is_daily":false,"chose_seed":false,"campfire_upgraded":4,"win_rate":0,"timestamp":1555529249,"path_taken":["M","?","$","M","?","R","E","R","T","E","M","M","$","?","R","BOSS","M","?","M","$","M","E","R","M","T","M","M","R","$","?","R","BOSS","M","$","?","M","M","R","M","R","T","M","M","E"],"build_version":"2019-01-23","purchased_purges":5,"victory":false,"max_hp_per_floor":[80,80,80,80,80,80,80,80,80,80,80,80,80,80,80,80,80,80,80,80,80,80,80,80,80,80,80,80,80,80,80,80,80,80,80,80,80,80,80,80,80,80,80,80,80,80],"card_choices":[{"not_picked":["Iron Wave","True Grit","Warcry"],"picked":"SKIP","floor":1},{"not_picked":["Armaments","Flame Barrier","Perfected Strike"],"picked":"SKIP","floor":4},{"not_picked":["Whirlwind","Reaper","Sever Soul"],"picked":"SKIP","floor":7},{"not_picked":["Iron Wave+1","Thunderclap+1","Berserk"],"picked":"SKIP","floor":10},{"not_picked":["Rupture","Clothesline+1","Intimidate"],"picked":"SKIP","floor":11},{"not_picked":["Sever Soul+1","Headbutt+1","Reckless Charge+1"],"picked":"SKIP","floor":12},{"not_picked":["Shockwave","Anger+1"],"picked":"Pommel Strike+1","floor":17},{"not_picked":["Body Slam+1","Perfected Strike+1"],"picked":"Clash+1","floor":17},{"not_picked":["Havoc","Searing Blow+1","Flex"],"picked":"SKIP","floor":18},{"not_picked":["Sentinel","Disarm","Burning Pact"],"picked":"SKIP","floor":20},{"not_picked":["Sword Boomerang+1","Anger+1","Fire Breathing"],"picked":"SKIP","floor":22},{"not_picked":["Barricade","Cleave+1","Searing Blow+1"],"picked":"SKIP","floor":23},{"not_picked":["Sword Boomerang+1","Twin Strike+1","True Grit+1"],"picked":"SKIP","floor":25},{"not_picked":["Havoc+1","Perfected Strike+1"],"picked":"Shrug It Off+1","floor":27},{"not_picked":["Pommel Strike+1","Immolate+1","Twin Strike+1"],"picked":"SKIP","floor":28},{"not_picked":["Immolate+1","Fiend Fire+1"],"picked":"Demon Form","floor":33},{"not_picked":["Carnage+1","Flex+1","Ghostly Armor+1"],"picked":"SKIP","floor":35},{"not_picked":["Warcry+1","Cleave+1","Inflame"],"picked":"SKIP","floor":37},{"not_picked":["True Grit+1","Hemokinesis+1","Twin Strike+1"],"picked":"SKIP","floor":38},{"not_picked":["Feel No Pain","Flex+1","Flame Barrier+1"],"picked":"SKIP","floor":39},{"not_picked":["Fire Breathing+1","Cleave+1","Clash+1"],"picked":"SKIP","floor":41},{"not_picked":["Feel No Pain","Perfected Strike+1","Sentinel+1"],"picked":"SKIP","floor":44},{"not_picked":["Ghostly Armor+1","Iron Wave+1"],"picked":"Double Tap+1","floor":45}],"player_experience":559129,"relics_obtained":[{"floor":7,"key":"Turnip"},{"floor":9,"key":"Molten Egg 2"},{"floor":10,"key":"Mercury Hourglass"},{"floor":19,"key":"Red Mask"},{"floor":23,"key":"Toxic Egg 2"},{"floor":26,"key":"Centennial Puzzle"},{"floor":43,"key":"Lantern"}],"event_choices":[{"damage_healed":0,"gold_gain":75,"player_choice":"Gather Gold","damage_taken":11,"max_hp_gain":0,"max_hp_loss":0,"event_name":"World of Goop","floor":2,"gold_loss":0},{"damage_healed":0,"gold_gain":0,"player_choice":"Success","damage_taken":3,"relics_obtained":["Self Forming Clay"],"max_hp_gain":0,"max_hp_loss":0,"event_name":"Scrap Ooze","floor":5,"gold_loss":0},{"damage_healed":0,"gold_gain":0,"player_choice":"Got Potions","damage_taken":0,"max_hp_gain":0,"max_hp_loss":0,"event_name":"Lab","floor":14,"gold_loss":0},{"damage_healed":0,"gold_gain":0,"player_choice":"Fought Bandits","damage_taken":0,"max_hp_gain":0,"max_hp_loss":0,"event_name":"Masked Bandits","floor":19,"gold_loss":0},{"cards_removed":["Pommel Strike"],"damage_healed":0,"gold_gain":0,"player_choice":"Gave Card","damage_taken":0,"relics_obtained":["Orichalcum"],"max_hp_gain":0,"max_hp_loss":0,"event_name":"WeMeetAgain","floor":31,"gold_loss":0}],"is_beta":false,"boss_relics":[{"not_picked":["Lizard Tail","White Beast Statue"],"picked":"Orrery"},{"not_picked":["Velvet Choker","Mark of Pain"],"picked":"Snecko Eye"}],"items_purged_floors":[3,13,21,30,36],"is_endless":false,"potions_floor_spawned":[4,11,12,16,18,22,25,38,39,44],"killed_by":"Giant Head","ascension_level":1}