{"gold_per_floor":[112,126,146,158,233,233,244,244,244,273,300,347,309,321,333,448,460,487,512,539,174,174,174,204,220,220,238,253,253,128,158,158,253,253,264,264,278,296,158,158,158,186,186,114,126,143,163,181,181,181],"floor_reached":51,"playtime":2357,"items_purged":["Strike_R","Iron Wave"],"score":800,"play_id":"0b539446-3a92-48c7-bd4e-059e36cf2e03","local_time":"20190329175837","is_ascension_mode":false,"campfire_choices":[{"data":"1","floor":6,"key":"LIFT"},{"data":"Bash","floor":8,"key":"SMITH"},{"data":"Immolate","floor":15,"key":"SMITH"},{"data":"2","floor":23,"key":"LIFT"},{"data":"3","floor":29,"key":"LIFT"},{"floor":32,"key":"RECALL"},{"floor":40,"key":"REST"},{"floor":49,"key":"REST"}],"neow_cost":"PERCENT_DAMAGE","seed_source_timestamp":720664488586300,"circlet_count":0,"master_deck":["Strike_R","Strike_R+1","Strike_R+1","Defend_R","Defend_R","Defend_R","Defend_R","Bash+1","Twin Strike","Shrug It Off","Inflame","Shrug It Off","Anger","Headbutt","Immolate+1","Iron Wave","Feed","Headbutt+1","Whirlwind","Apotheosis","Combust","Havoc+1","Flame Barrier+1","Clothesline","Shockwave","Shrug It Off+1","Limit Break","Armaments+1","Headbutt+1","Metallicize","Armaments","Shrug It Off","Master of Strategy","PanicButton","Flash of Steel","Ghostly Armor+1","Uppercut+1","Flex+1"],"relics":["Burning Blood","Girya","MawBank","Oddly Smooth Stone","Fusion Hammer","Lantern","MutagenicStrength","Question Card","The Courier","Whetstone","Busted Crown","Art of War","Molten Egg 2"],"potions_floor_usage":[12,24,31,42,50,50,50],"damage_taken":[{"damage":14,"enemies":"Small Slimes","floor":1,"turns":4},{"damage":1,"enemies":"Jaw Worm","floor":2,"turns":3},{"damage":0,"enemies":"2 Louse","floor":3,"turns":4},{"damage":8,"enemies":"Red Slaver","floor":4,"turns":6},{"damage":2,"enemies":"Looter","floor":7,"turns":2},{"damage":0,"enemies":"Large Slime","floor":10,"turns":5},{"damage":4,"enemies":"2 Fungi Beasts","floor":11,"turns":3},{"damage":5,"enemies":"3 Sentries","floor":12,"turns":4},{"damage":43,"enemies":"Hexaghost","floor":16,"turns":10},{"damage":10,"enemies":"2 Thieves","floor":18,"turns":2},{"damage":0,"enemies":"Chosen","floor":19,"turns":4},{"damage":12,"enemies":"3 Cultists","floor":20,"turns":4},{"damage":1,"enemies":"Slavers","floor":24,"turns":2},{"damage":4,"enemies":"Chosen and Byrds","floor":25,"turns":3},{"damage":0,"enemies":"Snecko","floor":27,"turns":3},{"damage":0,"enemies":"Centurion and Healer","floor":28,"turns":3},{"damage":12,"enemies":"Book of Stabbing","floor":31,"turns":2},{"damage":40,"enemies":"Collector","floor":33,"turns":7},{"damage":1,"enemies":"3 Shapes","floor":35,"turns":2},{"damage":0,"enemies":"3 Darklings","floor":37,"turns":1},{"damage":3,"enemies":"4 Shapes","floor":38,"turns":2},{"damage":16,"enemies":"Reptomancer","floor":42,"turns":4},{"damage":7,"enemies":"Sphere and 2 Shapes","floor":45,"turns":3},{"damage":0,"enemies":"3 Darklings","floor":46,"turns":1},{"damage":1,"enemies":"Writhing Mass","floor":47,"turns":7},{"damage":1,"enemies":"Jaw Worm Horde","floor":48,"turns":4},{"damage":14,"enemies":"Awakened One","floor":50,"turns":10}],"seed_played":"-7024172159517945538","potions_obtained":[{"floor":1,"key":"Fire Potion"},{"floor":3,"key":"Strength Potion"},{"floor":4,"key":"Swift Potion"},{"floor":18,"key":"Fire Potion"},{"floor":24,"key":"Strength Potion"},{"floor":33,"key":"Explosive Potion"},{"floor":46,"key":"Weak Potion"}],"is_trial":false,"path_per_floor":["M","M","M","M","?","R","M","R","T","M","M","E","?","$","R","B",null,"M","M","M","$","?","R","E","M","T","M","M","R","$","E","R","B",null,"M","?","M","M","$","R","?","E","T","$","M","M","M","M","R","B",null],"character_chosen":"IRONCLAD","items_purchased":["Apotheosis","Lantern","Combust","Shockwave","Armaments","Shrug It Off","Uppercut+1","SkillPotion"],"campfire_rested":2,"item_purchase_floors":[21,21,21,30,39,39,44,44],"current_hp_per_floor":[48,53,59,57,46,46,50,50,50,56,58,59,59,59,59,22,80,79,86,83,83,83,83,91,95,95,95,99,99,99,93,93,59,99,99,99,99,102,102,102,92,82,82,82,84,90,95,104,109,101],"gold":181,"neow_bonus":"ONE_RARE_RELIC","is_prod":false,"is_daily":false,"chose_seed":false,"campfire_upgraded":2,"win_rate":1,"timestamp":1553907517,"path_taken":["M","M","M","M","?","R","M","R","T","M","M","E","?","?","R","BOSS","M","M","M","$","?","R","E","M","T","M","M","R","$","E","R","BOSS","M","?","M","?","$","R","?","E","T","$","M","M","M","M","R","BOSS"],"build_version":"2019-01-23","purchased_purges":2,"victory":true,"max_hp_per_floor":[80,80,80,80,80,80,80,80,80,80,80,80,80,80,80,80,80,83,86,89,89,89,89,92,95,95,95,99,99,99,99,99,99,99,99,99,99,102,102,102,102,102,102,102,105,105,105,109,109,109],"card_choices":[{"not_picked":["Shockwave","Entrench"],"picked":"Twin Strike","floor":1},{"not_picked":["Warcry","Headbutt"],"picked":"Shrug It Off","floor":2},{"not_picked":["Thunderclap","Wild Strike"],"picked":"Inflame","floor":3},{"not_picked":["Iron Wave","Rupture"],"picked":"Shrug It Off","floor":4},{"not_picked":["Cleave","Rupture"],"picked":"Anger","floor":7},{"not_picked":["Feel No Pain","Iron Wave"],"picked":"Headbutt","floor":10},{"not_picked":["Seeing Red","Power Through"],"picked":"Immolate","floor":11},{"not_picked":["Searing Blow","Pummel"],"picked":"Iron Wave","floor":12},{"not_picked":["Double Tap","Juggernaut"],"picked":"Feed","floor":16},{"not_picked":["Flex","Corruption","Wild Strike"],"picked":"SKIP","floor":18},{"not_picked":["Havoc","Sentinel"],"picked":"Headbutt+1","floor":19},{"not_picked":["Sentinel+1","Twin Strike"],"picked":"Whirlwind","floor":20},{"not_picked":["Barricade","Sword Boomerang"],"picked":"Havoc+1","floor":24},{"not_picked":["Dropkick","Sword Boomerang","Pummel"],"picked":"Shrug It Off+1","floor":25},{"not_picked":["Iron Wave+1","Twin Strike+1","Heavy Blade"],"picked":"Flame Barrier+1","floor":27},{"not_picked":["Twin Strike","Body Slam","Thunderclap"],"picked":"Clothesline","floor":28},{"not_picked":["Blood for Blood+1","Clash+1","Combust"],"picked":"Shrug It Off+1","floor":31},{"not_picked":["Dark Embrace","Juggernaut","Offering"],"picked":"Limit Break","floor":33},{"not_picked":["Pommel Strike+1"],"picked":"Armaments+1","floor":35},{"not_picked":["Dual Wield+1"],"picked":"Headbutt+1","floor":37},{"not_picked":["Searing Blow+1"],"picked":"Metallicize","floor":38},{"not_picked":["Panacea"],"picked":"Master of Strategy","floor":41},{"not_picked":["Secret Weapon"],"picked":"PanicButton","floor":41},{"not_picked":["Enlightenment"],"picked":"Flash of Steel","floor":41},{"not_picked":["Immolate"],"picked":"Ghostly Armor+1","floor":42},{"not_picked":["Thunderclap+1","Body Slam+1"],"picked":"SKIP","floor":45},{"not_picked":["Thunderclap+1","Body Slam+1"],"picked":"SKIP","floor":45},{"not_picked":["Dual Wield","True Grit"],"picked":"SKIP","floor":46},{"not_picked":["Bloodletting+1","Seeing Red"],"picked":"SKIP","floor":47},{"not_picked":["Sword Boomerang+1"],"picked":"Flex+1","floor":48}],"player_experience":160079,"relics_obtained":[{"floor":9,"key":"MawBank"},{"floor":12,"key":"Oddly Smooth Stone"},{"floor":24,"key":"Question Card"},{"floor":26,"key":"The Courier"},{"floor":31,"key":"Whetstone"},{"floor":42,"key":"Art of War"},{"floor":43,"key":"Molten Egg 2"}],"event_choices":[{"damage_healed":0,"gold_gain":75,"player_choice":"Gather Gold","damage_taken":11,"max_hp_gain":0,"max_hp_loss":0,"event_name":"World of Goop","floor":5,"gold_loss":0},{"cards_removed":["Strike_R"],"damage_healed":0,"gold_gain":0,"player_choice":"Card Removal","damage_taken":0,"max_hp_gain":0,"max_hp_loss":0,"event_name":"The Cleric","floor":13,"gold_loss":50},{"damage_healed":0,"gold_gain":0,"player_choice":"Inject Mutagens","damage_taken":0,"relics_obtained":["MutagenicStrength"],"max_hp_gain":0,"max_hp_loss":0,"event_name":"Drug Dealer","floor":22,"gold_loss":0},{"cards_removed":["Shrug It Off"],"damage_healed":0,"gold_gain":0,"player_choice":"Took Card","damage_taken":0,"max_hp_gain":0,"max_hp_loss":0,"event_name":"NoteForYourself","floor":36,"gold_loss":0,"cards_obtained":["Iron Wave"]},{"damage_healed":0,"gold_gain":0,"player_choice":"Memory 3","damage_taken":10,"max_hp_gain":0,"max_hp_loss":0,"event_name":"SensoryStone","floor":41,"gold_loss":0}],"is_beta":false,"boss_relics":[{"not_picked":["Black Star","White Beast Statue"],"picked":"Fusion Hammer"},{"not_picked":["Eternal Feather","Pandora\u0027s Box"],"picked":"Busted Crown"}],"items_purged_floors":[30,39],"is_endless":false,"potions_floor_spawned":[1,3,4,10,18,24,27,33,35,37,38,46,48],"ascension_level":0}