{"gold_per_floor":[119,119,139,104,119,119,136,11,11,43,60,60,60,73,73,172,172,182,6,6,16,35,35,35],"floor_reached":24,"playtime":696,"items_purged":["Strike_B","Defend_B"],"score":198,"play_id":"e2968196-d9df-4b53-8edd-3edd47dcefb7","local_time":"20181129162547","is_ascension_mode":false,"campfire_choices":[{"data":"Zap","floor":6,"key":"SMITH"},{"floor":13,"key":"REST"},{"floor":15,"key":"REST"},{"floor":23,"key":"REST"}],"neow_cost":"NONE","seed_source_timestamp":1095085366579856,"circlet_count":0,"master_deck":["Strike_B","Strike_B","Defend_B","Defend_B","Defend_B","Zap+1","Dualcast","Impatience","Conserve Battery","Storm","Darkness","Capacitor","Ball Lightning","Capacitor","Lockon","Leap","Thunder Strike","Go for the Eyes","Stack","Redo","Leap","Steam Power","Compile Driver","Defragment","Conserve Battery+1","Steam"],"relics":["Cracked Core","PreservedInsect","Kunai","Orrery"],"potions_floor_usage":[16,16,24,24],"damage_taken":[{"damage":11,"enemies":"Jaw Worm","floor":1,"turns":2},{"damage":5,"enemies":"2 Louse","floor":3,"turns":3},{"damage":0,"enemies":"Cultist","floor":5,"turns":3},{"damage":9,"enemies":"Exordium Wildlife","floor":7,"turns":4},{"damage":22,"enemies":"3 Sentries","floor":10,"turns":5},{"damage":6,"enemies":"3 Louse","floor":11,"turns":3},{"damage":10,"enemies":"Looter","floor":14,"turns":3},{"damage":47,"enemies":"Hexaghost","floor":16,"turns":8},{"damage":17,"enemies":"Chosen","floor":18,"turns":5},{"damage":23,"enemies":"Shell Parasite","floor":21,"turns":6},{"damage":34,"enemies":"Snake Plant","floor":22,"turns":4},{"damage":28,"enemies":"Sentry and Sphere","floor":24,"turns":5}],"seed_played":"2871754900414941057","potions_obtained":[{"floor":3,"key":"FocusPotion"},{"floor":7,"key":"SpeedPotion"},{"floor":14,"key":"FocusPotion"},{"floor":21,"key":"Regen Potion"}],"is_trial":false,"path_per_floor":["M","?","M","?","M","R","M","$","T","E","M","$","R","M","R","B",null,"M","$","?","M","M","R","M"],"character_chosen":"DEFECT","items_purchased":["Ball Lightning","Defragment"],"campfire_rested":3,"item_purchase_floors":[8,19],"current_hp_per_floor":[64,57,52,70,70,70,61,61,61,39,33,33,55,45,67,20,75,58,58,58,35,1,23,0],"gold":35,"neow_bonus":"RANDOM_COLORLESS","is_prod":false,"is_daily":false,"chose_seed":false,"campfire_upgraded":1,"win_rate":0.0,"timestamp":1543530347,"path_taken":["M","?","M","?","M","R","M","?","T","E","M","$","R","M","R","BOSS","M","$","?","M","M","R","M"],"build_version":"2018-11-15","purchased_purges":2,"victory":false,"max_hp_per_floor":[75,75,75,75,75,75,75,75,75,75,75,75,75,75,75,75,75,75,75,75,75,75,75,75],"card_choices":[{"not_picked":["Force Field","Hologram"],"picked":"Conserve Battery","floor":1},{"not_picked":["Lockon","Coolheaded"],"picked":"Storm","floor":3},{"not_picked":["Go for the Eyes","Gash"],"picked":"Darkness","floor":5},{"not_picked":["Streamline","Rainbow"],"picked":"Capacitor","floor":7},{"not_picked":["Melter","Force Field"],"picked":"Capacitor","floor":10},{"not_picked":["Sunder","Aggregate"],"picked":"Lockon","floor":11},{"not_picked":["Steam","Sunder"],"picked":"Leap","floor":14},{"not_picked":["Core Surge","Multi-Cast"],"picked":"Thunder Strike","floor":16},{"not_picked":["Undo","Lockon"],"picked":"Go for the Eyes","floor":17},{"not_picked":["Redo","Beam Cell"],"picked":"Stack","floor":17},{"not_picked":["Beam Cell","Coolheaded"],"picked":"Redo","floor":17},{"not_picked":["Barrage","Chaos"],"picked":"Leap","floor":17},{"not_picked":["Coolheaded","Loop"],"picked":"Steam Power","floor":17},{"not_picked":["Sunder","Beam Cell"],"picked":"Compile Driver","floor":18},{"not_picked":["Auto Shields","Reprogram+1"],"picked":"Conserve Battery+1","floor":21},{"not_picked":["Chaos","Hologram+1"],"picked":"Steam","floor":22}],"player_experience":95354,"relics_obtained":[{"floor":9,"key":"PreservedInsect"},{"floor":10,"key":"Kunai"}],"event_choices":[{"cards_removed":["Strike_B"],"damage_healed":0,"gold_gain":0,"player_choice":"Card Removal","damage_taken":7,"max_hp_gain":0,"max_hp_loss":0,"event_name":"Golden Wing","floor":2,"gold_loss":0},{"damage_healed":18,"gold_gain":0,"player_choice":"Healed","damage_taken":0,"max_hp_gain":0,"max_hp_loss":0,"event_name":"The Cleric","floor":4,"gold_loss":35},{"damage_healed":0,"gold_gain":0,"player_choice":"Ignored","damage_taken":0,"max_hp_gain":0,"max_hp_loss":0,"event_name":"NoteForYourself","floor":20,"gold_loss":0}],"is_beta":false,"boss_relics":[{"not_picked":["Sozu","Philosopher\u0027s Stone"],"picked":"Orrery"}],"items_purged_floors":[8,19],"is_endless":false,"potions_floor_spawned":[3,7,14,21],"killed_by":"Sentry and Sphere","ascension_level":0}