{"gold_per_floor":[113,130,143,143,159,191,191,216,216,216,186,205,36,50,50,123,123,134,134,144,169,169,169,169],"floor_reached":24,"playtime":933,"items_purged":[],"score":402,"play_id":"cbf2f631-5f22-43de-b1b0-e1dea7135184","local_time":"20190406114848","is_ascension_mode":true,"campfire_choices":[{"floor":7,"key":"REST"},{"data":"Zap","floor":10,"key":"SMITH"},{"floor":15,"key":"REST"},{"floor":23,"key":"REST"}],"neow_cost":"NONE","seed_source_timestamp":147966917950308,"circlet_count":0,"master_deck":["AscendersBane","Strike_B+1","Strike_B+1","Strike_B+1","Strike_B+1","Defend_B+1","Defend_B+1","Defend_B+1","Defend_B+1","Zap+1","Dualcast","Go for the Eyes+1","Scrape","Hologram","Go for the Eyes","Capacitor","Conserve Battery","Cold Snap","Cold Snap","Echo Form","Cold Snap","FTL","FTL"],"relics":["Cracked Core","Vajra","Bottled Flame","Letter Opener","Ornamental Fan","Regal Pillow","Fusion Hammer","Red Mask"],"potions_floor_usage":[8,8,16,16,18,21,21],"damage_taken":[{"damage":4,"enemies":"Small Slimes","floor":1,"turns":3},{"damage":0,"enemies":"Cultist","floor":2,"turns":3},{"damage":0,"enemies":"Jaw Worm","floor":3,"turns":3},{"damage":0,"enemies":"2 Fungi Beasts","floor":5,"turns":4},{"damage":12,"enemies":"Lagavulin","floor":6,"turns":7},{"damage":22,"enemies":"Gremlin Nob","floor":8,"turns":4},{"damage":0,"enemies":"Looter","floor":12,"turns":3},{"damage":2,"enemies":"3 Louse","floor":14,"turns":2},{"damage":16,"enemies":"The Guardian","floor":16,"turns":11},{"damage":14,"enemies":"2 Thieves","floor":18,"turns":4},{"damage":7,"enemies":"Shell Parasite","floor":20,"turns":4},{"damage":33,"enemies":"Masked Bandits","floor":21,"turns":5},{"damage":53,"enemies":"Slavers","floor":24,"turns":6}],"seed_played":"-3724643469542420808","potions_obtained":[{"floor":3,"key":"EssenceOfSteel"},{"floor":5,"key":"Poison Potion"},{"floor":11,"key":"GamblersBrew"},{"floor":11,"key":"Poison Potion"},{"floor":12,"key":"EssenceOfSteel"},{"floor":16,"key":"Swift Potion"},{"floor":18,"key":"EssenceOfSteel"},{"floor":20,"key":"Energy Potion"}],"is_trial":false,"path_per_floor":["M","M","M","?","M","E","R","E","T","R","?","M","$","M","R","B",null,"M","?","M","?","?","R","E"],"character_chosen":"DEFECT","items_purchased":["Regal Pillow"],"campfire_rested":3,"item_purchase_floors":[13],"current_hp_per_floor":[60,60,60,39,39,27,48,26,26,26,26,26,26,24,60,44,64,50,50,43,10,10,46,0],"gold":169,"neow_bonus":"RANDOM_COMMON_RELIC","is_prod":false,"is_daily":false,"chose_seed":false,"campfire_upgraded":1,"win_rate":0,"timestamp":1554518928,"path_taken":["M","M","M","?","M","E","R","E","T","R","?","?","$","M","R","BOSS","M","?","M","?","?","R","E"],"build_version":"2019-01-23","purchased_purges":0,"victory":false,"max_hp_per_floor":[71,71,71,71,71,71,71,71,71,71,71,71,71,71,71,71,71,71,71,71,71,71,71,71],"card_choices":[{"not_picked":["Doom and Gloom","Rebound"],"picked":"Go for the Eyes","floor":1},{"not_picked":["Beam Cell","Stack"],"picked":"Scrape","floor":2},{"not_picked":["Reprogram","Aggregate"],"picked":"Hologram","floor":3},{"not_picked":["Leap","Chaos"],"picked":"Go for the Eyes","floor":5},{"not_picked":["Coolheaded","Multi-Cast"],"picked":"Capacitor","floor":6},{"not_picked":["Beam Cell","Stack"],"picked":"Conserve Battery","floor":8},{"not_picked":["Chill","Auto Shields"],"picked":"Cold Snap","floor":12},{"not_picked":["Compile Driver","Auto Shields"],"picked":"Cold Snap","floor":14},{"not_picked":["Creative AI","Seek"],"picked":"Echo Form","floor":16},{"not_picked":["Ball Lightning","Barrage"],"picked":"Cold Snap","floor":18},{"not_picked":["Streamline","Rip and Tear"],"picked":"FTL","floor":20},{"not_picked":["Compile Driver","Coolheaded"],"picked":"FTL","floor":21}],"player_experience":484538,"relics_obtained":[{"floor":6,"key":"Bottled Flame"},{"floor":8,"key":"Letter Opener"},{"floor":9,"key":"Ornamental Fan"},{"floor":21,"key":"Red Mask"}],"event_choices":[{"damage_healed":0,"gold_gain":0,"player_choice":"Entered Light","damage_taken":21,"max_hp_gain":0,"max_hp_loss":0,"event_name":"Shining Light","floor":4,"gold_loss":0,"cards_upgraded":["Defend_B","Go for the Eyes"]},{"damage_healed":0,"gold_gain":0,"player_choice":"Bought 2 Potions","damage_taken":0,"max_hp_gain":0,"max_hp_loss":0,"event_name":"The Woman in Blue","floor":11,"gold_loss":0},{"damage_healed":0,"gold_gain":0,"player_choice":"Simplicity","damage_taken":0,"max_hp_gain":0,"max_hp_loss":0,"event_name":"Back to Basics","floor":19,"gold_loss":0,"cards_upgraded":["Strike_B","Strike_B","Strike_B","Strike_B","Defend_B","Defend_B","Defend_B"]},{"damage_healed":0,"gold_gain":0,"player_choice":"Fought Bandits","damage_taken":0,"max_hp_gain":0,"max_hp_loss":0,"event_name":"Masked Bandits","floor":21,"gold_loss":0},{"damage_healed":0,"gold_gain":0,"player_choice":"Ignored","damage_taken":0,"max_hp_gain":0,"max_hp_loss":0,"event_name":"The Mausoleum","floor":22,"gold_loss":0}],"is_beta":false,"boss_relics":[{"not_picked":["Astrolabe","Eternal Feather"],"picked":"Fusion Hammer"}],"items_purged_floors":[],"is_endless":false,"potions_floor_spawned":[3,5,12,16,18,20],"killed_by":"Slavers","ascension_level":19}