{"gold_per_floor":[118,43,43,53,63,63,73,84,109,109,9,23,48,68,68,167,167,177,177,52,48,48,48,48],"floor_reached":24,"playtime":1115,"items_purged":["Strike_R","Defend_R","Strike_R"],"score":198,"play_id":"13b68b7f-f389-4443-b627-fcb0e29ba982","local_time":"20190410230514","is_ascension_mode":false,"campfire_choices":[{"data":"Bash","floor":6,"key":"SMITH"},{"data":"Shrug It Off","floor":10,"key":"SMITH"},{"data":"Dropkick","floor":15,"key":"SMITH"},{"data":"Clash","floor":23,"key":"SMITH"}],"neow_cost":"NONE","seed_source_timestamp":269659352889860,"circlet_count":0,"master_deck":["Strike_R","Strike_R","Strike_R","Defend_R","Defend_R","Defend_R","Bash+1","Dropkick+1","Shrug It Off+1","Dropkick","Clash+1"],"relics":["Burning Blood","NeowsBlessing","Omamori","Lantern","Red Skull","Orrery"],"potions_floor_usage":[7,12,13,24,24,24,24,24],"damage_taken":[{"damage":0,"enemies":"Jaw Worm","floor":1,"turns":1},{"damage":0,"enemies":"Cultist","floor":4,"turns":1},{"damage":0,"enemies":"Small Slimes","floor":5,"turns":1},{"damage":8,"enemies":"Gremlin Gang","floor":7,"turns":10},{"damage":0,"enemies":"2 Fungi Beasts","floor":8,"turns":3},{"damage":3,"enemies":"Blue Slaver","floor":12,"turns":4},{"damage":21,"enemies":"3 Sentries","floor":13,"turns":12},{"damage":4,"enemies":"Gremlin Gang","floor":14,"turns":4},{"damage":53,"enemies":"Hexaghost","floor":16,"turns":11},{"damage":13,"enemies":"3 Byrds","floor":18,"turns":8},{"damage":9,"enemies":"2 Thieves","floor":21,"turns":4},{"damage":98,"enemies":"Gremlin Leader","floor":24,"turns":9}],"seed_played":"1935887785188635257","potions_obtained":[{"floor":1,"key":"SkillPotion"},{"floor":4,"key":"Dexterity Potion"},{"floor":12,"key":"Fruit Juice"},{"floor":16,"key":"FearPotion"},{"floor":18,"key":"Regen Potion"},{"floor":19,"key":"EntropicBrew"}],"is_trial":false,"path_per_floor":["M","$","?","M","M","R","M","M","T","R","$","M","E","M","R","B",null,"M","?","$","M","?","R","E"],"character_chosen":"IRONCLAD","items_purchased":[],"campfire_rested":0,"item_purchase_floors":[],"current_hp_per_floor":[80,80,80,80,80,80,78,80,80,80,80,85,70,72,72,25,85,78,78,78,75,75,75,0],"gold":48,"neow_bonus":"THREE_ENEMY_KILL","is_prod":false,"is_daily":false,"chose_seed":false,"campfire_upgraded":4,"win_rate":0,"timestamp":1554962714,"path_taken":["M","$","?","M","?","R","?","M","T","R","?","M","E","M","R","BOSS","M","?","$","?","?","R","E"],"build_version":"2019-01-23","purchased_purges":3,"victory":false,"max_hp_per_floor":[80,80,80,80,80,80,80,80,80,80,80,85,85,85,85,85,85,85,85,85,85,85,85,85],"card_choices":[{"not_picked":["Body Slam","Anger"],"picked":"Dropkick","floor":1},{"not_picked":["Combust","Intimidate"],"picked":"Shrug It Off","floor":4},{"not_picked":["Wild Strike","Rampage","Sever Soul"],"picked":"SKIP","floor":5},{"not_picked":["Wild Strike","Metallicize","Hemokinesis"],"picked":"SKIP","floor":7},{"not_picked":["Juggernaut","Seeing Red"],"picked":"Dropkick","floor":8},{"not_picked":["Perfected Strike","Anger","Warcry"],"picked":"SKIP","floor":12},{"not_picked":["Rage","Shrug It Off","True Grit"],"picked":"SKIP","floor":13},{"not_picked":["Perfected Strike","Cleave","Headbutt"],"picked":"SKIP","floor":14},{"not_picked":["Uppercut","Dual Wield","Spot Weakness"],"picked":"SKIP","floor":18},{"not_picked":["Body Slam","Flex","Iron Wave"],"picked":"SKIP","floor":21}],"player_experience":546817,"relics_obtained":[{"floor":3,"key":"Omamori"},{"floor":9,"key":"Lantern"},{"floor":13,"key":"Red Skull"}],"event_choices":[{"damage_healed":0,"gold_gain":0,"player_choice":"Relic","damage_taken":0,"max_hp_gain":0,"max_hp_loss":0,"event_name":"Wheel of Change","floor":3,"gold_loss":0},{"damage_healed":0,"gold_gain":0,"player_choice":"Got Potions","damage_taken":0,"max_hp_gain":0,"max_hp_loss":0,"event_name":"Lab","floor":19,"gold_loss":0},{"damage_healed":0,"gold_gain":0,"player_choice":"Read","damage_taken":0,"max_hp_gain":0,"max_hp_loss":0,"event_name":"The Library","floor":22,"gold_loss":0,"cards_obtained":["Clash"]}],"is_beta":false,"boss_relics":[{"not_picked":["Coffee Dripper","Snecko Eye"],"picked":"Orrery"}],"items_purged_floors":[2,11,20],"is_endless":false,"potions_floor_spawned":[1,4,12,16,18,21],"killed_by":"Gremlin Leader","ascension_level":0}