{"gold_per_floor":[114,129,147,50,125,125,139,139,139,164,114,132,132,149,149,149],"floor_reached":16,"playtime":531,"items_purged":[],"score":102,"play_id":"52ef1c91-ba25-41c0-b0f5-69213900f6bb","local_time":"20181123234155","is_ascension_mode":false,"campfire_choices":[{"data":"Anger","floor":6,"key":"SMITH"},{"floor":8,"key":"REST"},{"floor":15,"key":"REST"}],"neow_cost":"NONE","seed_source_timestamp":603024552644070,"circlet_count":0,"master_deck":["Strike_R","Strike_R","Strike_R","Strike_R","Strike_R","Defend_R","Defend_R","Defend_R","Bash","Anger","Anger+1","Heavy Blade","Enlightenment","Iron Wave","Impervious+1","Armaments+1","Armaments+1"],"relics":["Burning Blood","Incense Burner","Toxic Egg 2","Oddly Smooth Stone"],"potions_floor_usage":[],"damage_taken":[{"damage":10,"enemies":"Cultist","floor":1,"turns":6},{"damage":6,"enemies":"2 Louse","floor":2,"turns":3},{"damage":5,"enemies":"Small Slimes","floor":3,"turns":3},{"damage":37,"enemies":"Gremlin Gang","floor":7,"turns":6},{"damage":35,"enemies":"Lagavulin","floor":10,"turns":7},{"damage":12,"enemies":"Exordium Thugs","floor":12,"turns":5},{"damage":8,"enemies":"Exordium Wildlife","floor":14,"turns":4},{"damage":64,"enemies":"The Guardian","floor":16,"turns":10}],"seed_played":"-8736791151531139319","potions_obtained":[{"floor":7,"key":"BloodPotion"},{"floor":10,"key":"Fruit Juice"},{"floor":14,"key":"SpeedPotion"}],"is_trial":false,"path_per_floor":["M","M","M","$","?","R","M","R","T","E","?","M","?","M","R","B"],"character_chosen":"IRONCLAD","items_purchased":["Enlightenment"],"campfire_rested":2,"item_purchase_floors":[4],"current_hp_per_floor":[84,84,85,85,74,74,43,69,69,40,40,34,34,32,58,0],"gold":149,"neow_bonus":"TEN_PERCENT_HP_BONUS","is_prod":false,"is_daily":false,"chose_seed":false,"campfire_upgraded":1,"win_rate":0.0,"timestamp":1543038115,"path_taken":["M","M","?","$","?","R","M","R","T","E","?","M","?","M","R","BOSS"],"build_version":"2018-11-15","purchased_purges":0,"victory":false,"max_hp_per_floor":[88,88,88,88,88,88,88,88,88,88,88,88,88,88,88,88],"card_choices":[{"not_picked":["Headbutt","Iron Wave"],"picked":"Anger","floor":1},{"not_picked":["Sword Boomerang","Combust"],"picked":"Anger","floor":2},{"not_picked":["Headbutt","Whirlwind"],"picked":"Heavy Blade","floor":3},{"not_picked":["Sword Boomerang","Body Slam"],"picked":"Iron Wave","floor":7},{"not_picked":["Iron Wave","True Grit"],"picked":"Impervious","floor":10},{"not_picked":["Pommel Strike","Pummel"],"picked":"Armaments+1","floor":12},{"not_picked":["Intimidate+1","Battle Trance+1"],"picked":"Armaments+1","floor":14}],"player_experience":15316,"relics_obtained":[{"floor":9,"key":"Incense Burner"},{"floor":10,"key":"Toxic Egg 2"}],"event_choices":[{"damage_healed":0,"gold_gain":75,"player_choice":"Gather Gold","damage_taken":11,"max_hp_gain":0,"max_hp_loss":0,"event_name":"World of Goop","floor":5,"gold_loss":0},{"cards_removed":["Defend_R"],"damage_healed":0,"gold_gain":0,"player_choice":"Card Removal","damage_taken":0,"max_hp_gain":0,"max_hp_loss":0,"event_name":"The Cleric","floor":11,"gold_loss":50},{"damage_healed":0,"gold_gain":0,"player_choice":"Gave Potion","damage_taken":0,"relics_obtained":["Oddly Smooth Stone"],"max_hp_gain":0,"max_hp_loss":0,"event_name":"WeMeetAgain","floor":13,"gold_loss":0}],"is_beta":false,"boss_relics":[],"items_purged_floors":[],"is_endless":false,"potions_floor_spawned":[7,10,14],"killed_by":"The Guardian","ascension_level":0}