{"gold_per_floor":[113,113,188,200,253,287,307,327,351,351,363,426,426,455,455,455],"floor_reached":16,"playtime":440,"items_purged":[],"score":263,"play_id":"10edcf53-3e8a-448a-8f3f-1a6b30bbbdcf","local_time":"20190405213612","is_ascension_mode":true,"campfire_choices":[{"data":"Zap","floor":10.0,"key":"SMITH"},{"floor":15.0,"key":"REST"}],"neow_cost":"NONE","seed_source_timestamp":0,"circlet_count":0,"master_deck":["AscendersBane","Strike_B","Strike_B","Strike_B","Strike_B","Defend_B","Defend_B","Defend_B","Defend_B","Zap+1","Undo","Ball Lightning","Ball Lightning","Creative AI","Hologram","BootSequence","Coolheaded"],"special_seed":0,"relics":["Cracked Core","NeowsBlessing","Bag of Preparation","PreservedInsect","Omamori","Smiling Mask","Letter Opener","Anchor"],"potions_floor_usage":[],"damage_taken":[{"damage":0.0,"enemies":"Cultist","floor":1.0,"turns":1.0},{"damage":0.0,"enemies":"Small Slimes","floor":4.0,"turns":1.0},{"damage":0.0,"enemies":"Lagavulin","floor":6.0,"turns":1.0},{"damage":0.0,"enemies":"Jaw Worm","floor":7.0,"turns":3.0},{"damage":1.0,"enemies":"Looter","floor":8.0,"turns":2.0},{"damage":11.0,"enemies":"3 Louse","floor":11.0,"turns":3.0},{"damage":15.0,"enemies":"Lagavulin Event","floor":12.0,"turns":4.0},{"damage":3.0,"enemies":"Gremlin Nob","floor":14.0,"turns":3.0},{"damage":33,"enemies":"Hexaghost","floor":16,"turns":9}],"seed_played":"-6806380682983293094","potions_obtained":[{"floor":1.0,"key":"Energy Potion"},{"floor":4.0,"key":"Weak Potion"},{"floor":7.0,"key":"AttackPotion"},{"floor":12.0,"key":"Weak Potion"}],"is_trial":false,"path_per_floor":["M","?","?","M","T","E","M","M","T","R","M","?","?","E","R","B"],"character_chosen":"DEFECT","items_purchased":[],"campfire_rested":1,"item_purchase_floors":[],"current_hp_per_floor":[64,53,42,42,42,42,42,41,41,41,30,15,15,12,33,0],"gold":455,"neow_bonus":"THREE_ENEMY_KILL","is_prod":false,"is_daily":false,"chose_seed":false,"campfire_upgraded":1,"win_rate":0,"timestamp":1554467772,"path_taken":["M","?","?","M","?","E","M","M","T","R","M","?","?","E","R","BOSS"],"build_version":"2019-01-23","purchased_purges":0,"victory":false,"max_hp_per_floor":[71,71,71,71,71,71,71,71,71,71,71,71,71,71,71,71],"card_choices":[{"not_picked":["Go for the Eyes","Force Field"],"picked":"Undo","floor":1.0},{"not_picked":["Steam Power","Double Energy"],"picked":"Ball Lightning","floor":4.0},{"not_picked":["Tempest","Redo"],"picked":"Ball Lightning","floor":6.0},{"not_picked":["Rebound","Chaos"],"picked":"Creative AI","floor":7.0},{"not_picked":["Steam Power","Streamline"],"picked":"Hologram","floor":8.0},{"not_picked":["Streamline","Auto Shields"],"picked":"BootSequence","floor":11.0},{"not_picked":["Barrage","Aggregate"],"picked":"Coolheaded","floor":12.0},{"not_picked":["Undo","Stack","Turbo"],"picked":"SKIP","floor":14.0}],"player_experience":477180,"relics_obtained":[{"floor":5.0,"key":"PreservedInsect"},{"floor":6.0,"key":"Omamori"},{"floor":9.0,"key":"Smiling Mask"},{"floor":12.0,"key":"Letter Opener"},{"floor":14.0,"key":"Anchor"}],"event_choices":[{"damage_healed":0.0,"max_hp_gain":0.0,"max_hp_loss":0.0,"gold_gain":0.0,"event_name":"Scrap Ooze","player_choice":"Success","floor":2.0,"gold_loss":0.0,"damage_taken":11.0,"relics_obtained":["Bag of Preparation"]},{"damage_healed":0.0,"max_hp_gain":0.0,"max_hp_loss":0.0,"gold_gain":75.0,"event_name":"World of Goop","player_choice":"Gather Gold","floor":3.0,"gold_loss":0.0,"damage_taken":11.0},{"damage_healed":0.0,"max_hp_gain":0.0,"max_hp_loss":0.0,"gold_gain":30.0,"event_name":"Dead Adventurer","player_choice":"Searched \u00272\u0027 times","floor":12.0,"gold_loss":0.0,"damage_taken":0.0},{"cards_removed":["Dualcast"],"damage_healed":0.0,"max_hp_gain":0.0,"max_hp_loss":0.0,"gold_gain":0.0,"event_name":"Living Wall","player_choice":"Forget","floor":13.0,"gold_loss":0.0,"damage_taken":0.0}],"is_beta":false,"boss_relics":[],"items_purged_floors":[],"is_endless":false,"potions_floor_spawned":[1,4,7,12],"killed_by":"Hexaghost","ascension_level":19}