{"gold_per_floor":[111,128,139,155,168,168,198,198,198,123,151,151],"floor_reached":12,"playtime":405,"items_purged":["Defend_B"],"score":90,"play_id":"4cfee0a9-73d5-43e5-917b-887eb00040b0","local_time":"20190410005636","is_ascension_mode":false,"campfire_choices":[{"data":"Zap","floor":6,"key":"SMITH"},{"data":"Hologram","floor":8,"key":"SMITH"}],"neow_cost":"PERCENT_DAMAGE","seed_source_timestamp":251136718830006,"circlet_count":0,"master_deck":["Strike_B","Strike_B","Strike_B","Defend_B","Defend_B","Defend_B","Zap+1","Hologram+1","FTL","Machine Learning"],"relics":["Cracked Core","Shuriken","Bottled Flame","Sundial"],"potions_floor_usage":[5,7,11],"damage_taken":[{"damage":1,"enemies":"Cultist","floor":1,"turns":4},{"damage":0,"enemies":"2 Louse","floor":2,"turns":3},{"damage":3,"enemies":"Jaw Worm","floor":3,"turns":4},{"damage":0,"enemies":"Looter","floor":4,"turns":4},{"damage":6,"enemies":"2 Fungi Beasts","floor":5,"turns":5},{"damage":18,"enemies":"3 Sentries","floor":7,"turns":5},{"damage":23,"enemies":"Gremlin Nob","floor":11,"turns":4},{"damage":8,"enemies":"Exordium Wildlife","floor":12,"turns":1}],"seed_played":"-4069078239585620396","potions_obtained":[{"floor":1,"key":"FocusPotion"},{"floor":5,"key":"Fruit Juice"},{"floor":7,"key":"Dexterity Potion"}],"is_trial":false,"path_per_floor":["M","M","M","M","M","R","E","R","T","$","E","M"],"character_chosen":"DEFECT","items_purchased":[],"campfire_rested":0,"item_purchase_floors":[],"current_hp_per_floor":[53,53,50,50,49,49,31,31,31,31,8,0],"gold":151,"neow_bonus":"REMOVE_TWO","is_prod":false,"is_daily":false,"chose_seed":false,"campfire_upgraded":2,"win_rate":0,"timestamp":1554882996,"path_taken":["M","M","M","M","?","R","E","R","T","$","E","M"],"build_version":"2019-01-23","purchased_purges":1,"victory":false,"max_hp_per_floor":[75,75,75,75,80,80,80,80,80,80,80,80],"card_choices":[{"not_picked":["Blizzard","Tempest"],"picked":"Hologram","floor":1},{"not_picked":["Leap","Hologram","Steam"],"picked":"SKIP","floor":2},{"not_picked":["Sunder","Chaos","Compile Driver"],"picked":"SKIP","floor":3},{"not_picked":["Sunder","Stack","Redo"],"picked":"SKIP","floor":4},{"not_picked":["Recycle","Leap"],"picked":"FTL","floor":5},{"not_picked":["Reprogram","Ball Lightning","Chaos"],"picked":"SKIP","floor":7},{"not_picked":["Turbo","Rebound"],"picked":"Machine Learning","floor":11}],"player_experience":541851,"relics_obtained":[{"floor":7,"key":"Shuriken"},{"floor":9,"key":"Bottled Flame"},{"floor":11,"key":"Sundial"}],"event_choices":[],"is_beta":false,"boss_relics":[],"items_purged_floors":[10],"is_endless":false,"potions_floor_spawned":[1,5,7],"killed_by":"Exordium Wildlife","ascension_level":0}