{"gold_per_floor":[111,111,111,111,128,128,138,138,215,233,233,259,279,302,302,400,400,414,433,144,154,154,154],"floor_reached":23,"playtime":2053,"items_purged":[],"score":191,"play_id":"0821c268-9a94-4953-ab7c-07fd2f6b338c","local_time":"20181104034000","is_ascension_mode":false,"campfire_choices":[{"floor":15,"key":"REST"}],"neow_cost":"","seed_source_timestamp":107047045310954,"circlet_count":0,"master_deck":["Strike_R","Strike_R","Strike_R","Strike_R","Strike_R","Defend_R","Defend_R","Defend_R","Defend_R","Bash","Anger","Pommel Strike","Warcry","Shrug It Off","Rage","Warcry","Offering","Anger","Sword Boomerang+1","Inflame","Acrobatics+1"],"relics":["Burning Blood","Bottled Lightning","Unceasing Top","Kunai","Strawberry","Centennial Puzzle","Eternal Feather","PrismaticShard","MutagenicStrength"],"potions_floor_usage":[16,16,16],"damage_taken":[{"damage":5,"enemies":"Cultist","floor":1,"turns":4},{"damage":6,"enemies":"Jaw Worm","floor":5,"turns":2},{"damage":5,"enemies":"2 Louse","floor":7,"turns":3},{"damage":11,"enemies":"Exordium Wildlife","floor":10,"turns":3},{"damage":34,"enemies":"Gremlin Nob","floor":12,"turns":5},{"damage":4,"enemies":"2 Fungi Beasts","floor":13,"turns":4},{"damage":33,"enemies":"The Guardian","floor":16,"turns":11},{"damage":32,"enemies":"Spheric Guardian","floor":18,"turns":6},{"damage":6,"enemies":"Chosen","floor":19,"turns":3},{"damage":20,"enemies":"Centurion and Healer","floor":21,"turns":5},{"damage":48,"enemies":"Slavers","floor":23,"turns":3}],"seed_played":"2582794757916904681","potions_obtained":[{"floor":5,"key":"AttackPotion"},{"floor":10,"key":"PowerPotion"},{"floor":12,"key":"AttackPotion"},{"floor":21,"key":"Fire Potion"}],"is_trial":false,"path_per_floor":["M","$","T","?","M","$","M","$","T","M","?","E","M","T","R","B",null,"M","M","$","M","?","E"],"character_chosen":"IRONCLAD","items_purchased":["Inflame","PrismaticShard"],"campfire_rested":1,"item_purchase_floors":[20,20],"current_hp_per_floor":[80,80,80,77,77,77,78,78,78,73,73,52,54,54,80,53,87,61,61,61,47,47,0],"gold":154,"neow_bonus":"","is_prod":false,"is_daily":false,"chose_seed":false,"campfire_upgraded":0,"win_rate":0.0,"timestamp":1541331600,"path_taken":["M","$","?","?","M","?","M","$","T","?","?","E","M","?","R","BOSS","M","M","$","M","?","E"],"build_version":"2018-11-01","purchased_purges":0,"victory":false,"max_hp_per_floor":[80,80,80,80,80,80,80,80,80,80,80,87,87,87,87,87,87,87,87,87,87,87,87],"card_choices":[{"not_picked":["Body Slam","Shrug It Off"],"picked":"Anger","floor":1},{"not_picked":["Sword Boomerang","Clothesline"],"picked":"Pommel Strike","floor":5},{"not_picked":["Intimidate","Pommel Strike"],"picked":"Warcry","floor":7},{"not_picked":["Reckless Charge","Iron Wave"],"picked":"Shrug It Off","floor":10},{"not_picked":["Double Tap","Combust"],"picked":"Rage","floor":12},{"not_picked":["Burning Pact","Clash"],"picked":"Warcry","floor":13},{"not_picked":["Dark Embrace","Double Tap"],"picked":"Offering","floor":16},{"not_picked":["Pommel Strike","Iron Wave"],"picked":"Anger","floor":18},{"not_picked":["Headbutt","Entrench"],"picked":"Sword Boomerang+1","floor":19},{"not_picked":["Sword Boomerang","Calculated Gamble"],"picked":"Acrobatics+1","floor":21}],"player_experience":0,"relics_obtained":[{"floor":3,"key":"Bottled Lightning"},{"floor":9,"key":"Kunai"},{"floor":12,"key":"Strawberry"},{"floor":14,"key":"Centennial Puzzle"}],"event_choices":[{"damage_healed":0,"gold_gain":0,"player_choice":"Success","damage_taken":3,"relics_obtained":["Unceasing Top"],"max_hp_gain":0,"max_hp_loss":0,"event_name":"Scrap Ooze","floor":4,"gold_loss":0},{"damage_healed":0,"gold_gain":0,"player_choice":"Ignored","damage_taken":0,"max_hp_gain":0,"max_hp_loss":0,"event_name":"Liars Game","floor":11,"gold_loss":0},{"damage_healed":0,"gold_gain":0,"player_choice":"Inject Mutagens","damage_taken":0,"relics_obtained":["MutagenicStrength"],"max_hp_gain":0,"max_hp_loss":0,"event_name":"Drug Dealer","floor":22,"gold_loss":0}],"is_beta":false,"boss_relics":[{"not_picked":["Cursed Key","Philosopher\u0027s Stone"],"picked":"Eternal Feather"}],"items_purged_floors":[],"is_endless":false,"potions_floor_spawned":[5,10,12,13,21],"killed_by":"Slavers","ascension_level":0}