{"gold_per_floor":[367,377,397,476,486,486,499,499,499,499,513,108,108,137,137,242,242,261,274,291,302,312,344,37,37,62,62,80,115,127,152,152,257,257,270,289,302,314,328,361,374,374,426,426,426,440,470,486,486,486],"floor_reached":51,"playtime":4119,"items_purged":[],"score":890,"play_id":"7f6ee3d9-ce9b-4599-81d9-d94ffe33cda5","local_time":"20190318141427","is_ascension_mode":true,"campfire_choices":[{"data":"Bash","floor":6,"key":"SMITH"},{"data":"Clothesline","floor":8,"key":"SMITH"},{"data":"True Grit","floor":10,"key":"SMITH"},{"data":"Flame Barrier","floor":15,"key":"SMITH"},{"data":"Pommel Strike","floor":25,"key":"SMITH"},{"data":"Feel No Pain","floor":27,"key":"SMITH"},{"data":"Juggernaut","floor":32,"key":"SMITH"},{"data":"Dark Embrace","floor":42,"key":"SMITH"},{"floor":44,"key":"REST"},{"floor":49,"key":"REST"}],"neow_cost":"PERCENT_DAMAGE","seed_source_timestamp":153624654831700,"circlet_count":0,"master_deck":["Strike_R","Strike_R","Strike_R","Strike_R","Strike_R","Defend_R","Defend_R","Defend_R","Defend_R","Bash+1","Clothesline+1","Pommel Strike+1","True Grit+1","Cleave","Carnage+1","Feel No Pain+1","Flame Barrier+1","Feed","Impervious","Spot Weakness+1","Iron Wave+1","Thunderclap","Warcry+1","Shrug It Off","Shrug It Off+1","Juggernaut+1","Shrug It Off+1","Headbutt","Dark Embrace+1","Inflame","Headbutt","Anger+1","Armaments+1","Warcry+1","Pummel+1","Feed"],"relics":["Burning Blood","Dodecahedron","Mummified Hand","Bottled Flame","Velvet Choker","Nunchaku","Toxic Egg 2","Bag of Marbles","Question Card","Letter Opener","Mark of Pain","Kunai","Omamori","Frozen Egg 2","Potion Belt"],"potions_floor_usage":[23,41,50,50,50,50],"damage_taken":[{"damage":1,"enemies":"Cultist","floor":1,"turns":4},{"damage":6,"enemies":"Small Slimes","floor":2,"turns":3},{"damage":0,"enemies":"2 Louse","floor":3,"turns":3},{"damage":14,"enemies":"Exordium Wildlife","floor":5,"turns":5},{"damage":10,"enemies":"Red Slaver","floor":7,"turns":3},{"damage":5,"enemies":"3 Louse","floor":11,"turns":3},{"damage":9,"enemies":"3 Sentries","floor":14,"turns":7},{"damage":47,"enemies":"Hexaghost","floor":16,"turns":10},{"damage":6,"enemies":"2 Thieves","floor":18,"turns":4},{"damage":0,"enemies":"3 Byrds","floor":19,"turns":4},{"damage":6,"enemies":"Cultist and Chosen","floor":20,"turns":6},{"damage":4,"enemies":"Snake Plant","floor":21,"turns":4},{"damage":12,"enemies":"Snecko","floor":22,"turns":7},{"damage":6,"enemies":"Slavers","floor":23,"turns":5},{"damage":0,"enemies":"3 Cultists","floor":28,"turns":4},{"damage":0,"enemies":"Gremlin Leader","floor":29,"turns":4},{"damage":0,"enemies":"Shelled Parasite and Fungi","floor":30,"turns":3},{"damage":16,"enemies":"Slavers","floor":31,"turns":5},{"damage":1,"enemies":"Automaton","floor":33,"turns":12},{"damage":0,"enemies":"3 Shapes","floor":35,"turns":2},{"damage":5,"enemies":"3 Darklings","floor":36,"turns":3},{"damage":8,"enemies":"Jaw Worm Horde","floor":37,"turns":5},{"damage":2,"enemies":"Sphere and 2 Shapes","floor":38,"turns":5},{"damage":0,"enemies":"Transient","floor":39,"turns":5},{"damage":36,"enemies":"Giant Head","floor":40,"turns":8},{"damage":14,"enemies":"Maw","floor":41,"turns":7},{"damage":0,"enemies":"Spire Growth","floor":46,"turns":4},{"damage":24,"enemies":"Reptomancer","floor":47,"turns":6},{"damage":2,"enemies":"Writhing Mass","floor":48,"turns":5},{"damage":41,"enemies":"Donu and Deca","floor":50,"turns":7}],"seed_played":"6378239299651470407","potions_obtained":[{"floor":1,"key":"FearPotion"},{"floor":11,"key":"Regen Potion"},{"floor":16,"key":"SteroidPotion"},{"floor":19,"key":"PowerPotion"},{"floor":23,"key":"FearPotion"},{"floor":28,"key":"Swift Potion"},{"floor":41,"key":"Regen Potion"},{"floor":48,"key":"PowerPotion"}],"is_trial":false,"path_per_floor":["M","M","M","?","M","R","M","R","T","R","M","$","?","E","R","B",null,"M","M","M","M","M","E","$","R","T","R","M","E","M","E","R","B",null,"M","M","M","M","M","E","M","R","T","R","T","M","E","M","R","B",null],"character_chosen":"IRONCLAD","items_purchased":["Mummified Hand","Feel No Pain","Flame Barrier","Shrug It Off","Toxic Egg 2"],"campfire_rested":2,"item_purchase_floors":[12,12,12,24,24],"current_hp_per_floor":[61,61,67,67,59,59,55,55,55,55,56,56,56,53,53,15,83,86,89,92,92,89,92,92,92,92,92,101,101,101,94,94,102,107,107,110,111,116,116,86,78,78,78,112,112,116,98,102,116,112],"gold":486,"neow_bonus":"TWO_FIFTY_GOLD","is_prod":false,"is_daily":false,"chose_seed":false,"campfire_upgraded":8,"win_rate":1,"timestamp":1552943667,"path_taken":["M","M","M","?","M","R","M","R","T","R","M","$","?","E","R","BOSS","M","M","M","M","M","E","$","R","T","R","?","E","M","E","R","BOSS","M","M","M","M","M","E","M","R","T","R","?","M","E","M","R","BOSS"],"build_version":"2019-01-23","purchased_purges":0,"victory":true,"max_hp_per_floor":[80,80,80,80,80,80,80,80,80,80,80,80,80,80,80,83,83,86,89,92,92,95,98,98,98,98,98,101,101,101,104,104,107,107,107,110,113,116,116,116,116,116,116,116,116,116,116,116,116,119],"card_choices":[{"not_picked":["Whirlwind","Sword Boomerang"],"picked":"Clothesline","floor":1},{"not_picked":["Hemokinesis","Pummel"],"picked":"Pommel Strike","floor":2},{"not_picked":["Pommel Strike","Entrench"],"picked":"True Grit","floor":3},{"not_picked":["Clothesline","Warcry","Hemokinesis"],"picked":"SKIP","floor":5},{"not_picked":["Flex","Sword Boomerang"],"picked":"Cleave","floor":7},{"not_picked":["Armaments","Clothesline"],"picked":"Carnage","floor":11},{"not_picked":["Clash","Sword Boomerang"],"picked":"Feed","floor":14},{"not_picked":["Bludgeon","Offering"],"picked":"Impervious","floor":16},{"not_picked":["Iron Wave","Twin Strike+1"],"picked":"Spot Weakness+1","floor":18},{"not_picked":["Dropkick+1","Clash+1","Flex"],"picked":"SKIP","floor":19},{"not_picked":["Seeing Red","Fire Breathing+1"],"picked":"Iron Wave+1","floor":20},{"not_picked":["Cleave","Flex","Power Through"],"picked":"SKIP","floor":21},{"not_picked":["Sword Boomerang","Second Wind"],"picked":"Thunderclap","floor":22},{"not_picked":["Rage","Thunderclap"],"picked":"Warcry+1","floor":23},{"not_picked":["Sword Boomerang","Clothesline"],"picked":"Shrug It Off+1","floor":28},{"not_picked":["Perfected Strike","Flex+1"],"picked":"Juggernaut","floor":29},{"not_picked":["Thunderclap","Sword Boomerang","Searing Blow"],"picked":"Shrug It Off+1","floor":30},{"not_picked":["Iron Wave","Anger","Cleave"],"picked":"Headbutt","floor":31},{"not_picked":["Berserk","Juggernaut","Reaper"],"picked":"Dark Embrace","floor":33},{"not_picked":["Clothesline+1","Flame Barrier+1","Blood for Blood+1"],"picked":"Inflame","floor":35},{"not_picked":["Power Through+1","Anger","Pommel Strike","Twin Strike"],"picked":"SKIP","floor":36},{"not_picked":["Rampage","Pommel Strike","Sever Soul"],"picked":"Headbutt","floor":37},{"not_picked":["Carnage","Rampage","Sever Soul"],"picked":"Anger+1","floor":38},{"not_picked":["Pummel","Clothesline+1","Twin Strike+1","Second Wind+1"],"picked":"SKIP","floor":39},{"not_picked":["Pummel","Clothesline+1","Twin Strike+1","Second Wind+1"],"picked":"SKIP","floor":39},{"not_picked":["Thunderclap+1","Clash+1","Anger+1","Brutality"],"picked":"SKIP","floor":40},{"not_picked":["Headbutt+1","Sword Boomerang+1","Clash+1"],"picked":"Armaments+1","floor":41},{"not_picked":["Flex+1","Sword Boomerang+1","Reckless Charge+1"],"picked":"Warcry+1","floor":46},{"not_picked":["Armaments+1","Entrench+1","Iron Wave"],"picked":"Pummel+1","floor":47},{"not_picked":["Heavy Blade","Cleave","Perfected Strike+1"],"picked":"Feed","floor":48}],"player_experience":3773,"relics_obtained":[{"floor":9,"key":"Dodecahedron"},{"floor":14,"key":"Bottled Flame"},{"floor":23,"key":"Nunchaku"},{"floor":26,"key":"Bag of Marbles"},{"floor":29,"key":"Question Card"},{"floor":31,"key":"Letter Opener"},{"floor":40,"key":"Kunai"},{"floor":43,"key":"Omamori"},{"floor":45,"key":"Frozen Egg 2"},{"floor":47,"key":"Potion Belt"}],"event_choices":[{"damage_healed":0,"gold_gain":79,"player_choice":"Gained Gold","damage_taken":0,"max_hp_gain":0,"max_hp_loss":0,"event_name":"Golden Wing","floor":4,"gold_loss":0},{"damage_healed":0,"gold_gain":0,"player_choice":"Forge","damage_taken":0,"max_hp_gain":0,"max_hp_loss":0,"event_name":"Accursed Blacksmith","floor":13,"gold_loss":0,"cards_upgraded":["Carnage"]}],"is_beta":false,"boss_relics":[{"not_picked":["Coffee Dripper","Empty Cage"],"picked":"Velvet Choker"},{"not_picked":["Orrery","Runic Pyramid"],"picked":"Mark of Pain"}],"items_purged_floors":[],"is_endless":false,"potions_floor_spawned":[1,11,16,19,21,23,28,29,31,38,39,41,48],"ascension_level":1}