{"gold_per_floor":[111,121,133,153,167,200,200,215,215,270,270,282,301,320,320,394,394,405,405,422,432,126,126,136,171,194,208,208,242,66,98,98,170,170,180,180,199,219,234,261,52,78,104,204,217,42,89,108,108,108],"floor_reached":51,"playtime":3669,"items_purged":["Strike_B","Parasite","Shame"],"score":1463,"play_id":"a8df7b72-ef19-4388-8e91-5b47798b48f2","local_time":"20190406134556","is_ascension_mode":true,"campfire_choices":[{"floor":7,"key":"REST"},{"floor":15,"key":"REST"},{"data":"Defragment","floor":23,"key":"SMITH"},{"floor":28,"key":"REST"},{"data":"Defragment","floor":32,"key":"SMITH"},{"data":"Defragment","floor":49,"key":"SMITH"}],"neow_cost":"NONE","seed_source_timestamp":148913270898520,"circlet_count":0,"master_deck":["AscendersBane","Strike_B","Strike_B","Defend_B","Defend_B","Defend_B","Defend_B","Zap","Dualcast","FTL","Glacier","Sunder","Cold Snap","Leap","Self Repair","Conserve Battery","Gash","Defragment+1","Hologram","Storm","Echo Form","Blizzard","Reinforced Body","Heatsinks+1","Static Discharge","Reinforced Body+1","Defragment+1","Seek","Creative AI","Chill+1","Defragment+1","Capacitor"],"relics":["Nuclear Battery","Shuriken","Mummified Hand","Peace Pipe","Cursed Key","Membership Card","Kunai","Pen Nib","Bottled Tornado","PreservedInsect","Anchor","Busted Crown","Bag of Preparation","Runic Capacitor","Lantern","Smiling Mask","Calipers","Strawberry","Bird Faced Urn"],"potions_floor_usage":[4,10,13,16,16,24,25,25,33,40,42,44,50,50],"damage_taken":[{"damage":8,"enemies":"Cultist","floor":1,"turns":5},{"damage":7,"enemies":"Jaw Worm","floor":2,"turns":3},{"damage":4,"enemies":"Small Slimes","floor":3,"turns":4},{"damage":10,"enemies":"Gremlin Gang","floor":4,"turns":6},{"damage":5,"enemies":"Exordium Wildlife","floor":5,"turns":6},{"damage":20,"enemies":"Gremlin Nob","floor":6,"turns":5},{"damage":4,"enemies":"3 Louse","floor":8,"turns":3},{"damage":19,"enemies":"3 Sentries","floor":10,"turns":7},{"damage":12,"enemies":"Large Slime","floor":12,"turns":6},{"damage":1,"enemies":"Exordium Thugs","floor":13,"turns":4},{"damage":3,"enemies":"3 Louse","floor":14,"turns":2},{"damage":25,"enemies":"The Guardian","floor":16,"turns":15},{"damage":21,"enemies":"3 Byrds","floor":18,"turns":4},{"damage":11,"enemies":"Shell Parasite","floor":20,"turns":5},{"damage":17,"enemies":"Centurion and Healer","floor":21,"turns":6},{"damage":6,"enemies":"Snecko","floor":24,"turns":5},{"damage":51,"enemies":"Gremlin Leader","floor":25,"turns":8},{"damage":1,"enemies":"3 Cultists","floor":27,"turns":6},{"damage":4,"enemies":"Book of Stabbing","floor":29,"turns":5},{"damage":0,"enemies":"Gremlin Leader","floor":31,"turns":7},{"damage":22,"enemies":"Champ","floor":33,"turns":13},{"damage":0,"enemies":"Orb Walker","floor":35,"turns":4},{"damage":1,"enemies":"3 Shapes","floor":37,"turns":5},{"damage":42,"enemies":"Jaw Worm Horde","floor":38,"turns":5},{"damage":3,"enemies":"Maw","floor":39,"turns":6},{"damage":19,"enemies":"Giant Head","floor":40,"turns":5},{"damage":5,"enemies":"Nemesis","floor":42,"turns":5},{"damage":0,"enemies":"Mind Bloom Boss Battle","floor":44,"turns":4},{"damage":0,"enemies":"4 Shapes","floor":45,"turns":5},{"damage":0,"enemies":"2 Orb Walkers","floor":47,"turns":4},{"damage":3,"enemies":"Transient","floor":48,"turns":6},{"damage":65,"enemies":"Awakened One","floor":50,"turns":6}],"seed_played":"-6633164524134429494","potions_obtained":[{"floor":2,"key":"SkillPotion"},{"floor":8,"key":"AttackPotion"},{"floor":10,"key":"Fire Potion"},{"floor":12,"key":"Explosive Potion"},{"floor":13,"key":"Weak Potion"},{"floor":18,"key":"Fire Potion"},{"floor":24,"key":"GamblersBrew"},{"floor":29,"key":"Poison Potion"},{"floor":33,"key":"FearPotion"},{"floor":39,"key":"PowerPotion"},{"floor":40,"key":"EssenceOfSteel"},{"floor":42,"key":"Regen Potion"},{"floor":48,"key":"FearPotion"}],"is_trial":false,"path_per_floor":["M","M","M","M","M","E","R","M","T","?","?","M","M","M","R","B",null,"M","?","M","M","$","R","M","E","T","M","R","E","$","E","R","B",null,"M","?","M","M","M","E","$","E","T","?","M","$","?","M","R","B",null],"character_chosen":"DEFECT","items_purchased":["Membership Card","Regen Potion","PreservedInsect","Defragment","Runic Capacitor","Defragment","Lantern","Capacitor","Strawberry"],"campfire_rested":3,"item_purchase_floors":[22,22,30,30,41,41,41,46,46],"current_hp_per_floor":[56,49,45,35,30,10,31,34,34,22,22,17,16,13,34,16,57,50,50,46,43,43,43,56,12,12,18,39,49,49,56,56,41,61,61,61,67,39,43,38,38,40,40,52,52,59,66,75,75,45],"gold":108,"neow_bonus":"BOSS_RELIC","is_prod":false,"is_daily":false,"chose_seed":false,"campfire_upgraded":3,"win_rate":0,"timestamp":1554525956,"path_taken":["M","M","M","M","M","E","R","M","T","?","?","M","M","M","R","BOSS","M","?","?","M","$","R","M","E","T","M","R","E","$","E","R","BOSS","M","?","M","M","M","E","$","E","T","?","M","$","?","?","R","BOSS"],"build_version":"2019-01-23","purchased_purges":3,"victory":true,"max_hp_per_floor":[71,71,71,71,71,71,71,71,71,71,71,71,71,71,71,71,71,71,71,71,71,71,71,71,71,71,71,71,71,68,68,68,68,68,68,68,68,68,68,68,68,68,68,68,68,75,75,75,75,75],"card_choices":[{"not_picked":["Stack","Melter"],"picked":"FTL","floor":1},{"not_picked":["White Noise","Capacitor"],"picked":"Glacier","floor":2},{"not_picked":["Capacitor","Steam"],"picked":"Sunder","floor":3},{"not_picked":["Steam Power","Redo"],"picked":"Cold Snap","floor":4},{"not_picked":["Tempest","Streamline"],"picked":"Leap","floor":5},{"not_picked":["Hologram","Coolheaded"],"picked":"Self Repair","floor":6},{"not_picked":["Melter","Blizzard"],"picked":"Conserve Battery","floor":8},{"not_picked":["Thunder Strike","Stack"],"picked":"Gash","floor":10},{"not_picked":["Cold Snap","Barrage"],"picked":"Defragment","floor":12},{"not_picked":["Compile Driver","Gash"],"picked":"Hologram","floor":13},{"not_picked":["Ball Lightning","Static Discharge"],"picked":"Storm","floor":14},{"not_picked":["Fission","Electrodynamics"],"picked":"Echo Form","floor":16},{"not_picked":["Undo","Beam Cell"],"picked":"Blizzard","floor":18},{"not_picked":["Steam","Sweeping Beam","Leap"],"picked":"SKIP","floor":20},{"not_picked":["Sunder","Melter"],"picked":"Reinforced Body","floor":21},{"not_picked":["Hologram","Sweeping Beam"],"picked":"Heatsinks+1","floor":24},{"not_picked":["Steam","Sweeping Beam"],"picked":"Static Discharge","floor":25},{"not_picked":["Streamline","Sweeping Beam"],"picked":"Reinforced Body+1","floor":27},{"not_picked":["Tempest","Rebound","Beam Cell"],"picked":"SKIP","floor":29},{"not_picked":["Barrage","Sweeping Beam"],"picked":"Seek","floor":31},{"not_picked":["Reboot","Seek"],"picked":"Creative AI","floor":33},{"not_picked":["Genetic Algorithm+1"],"picked":"SKIP","floor":35},{"not_picked":["Steam"],"picked":"SKIP","floor":37},{"not_picked":["Ball Lightning"],"picked":"SKIP","floor":38},{"not_picked":["Ball Lightning"],"picked":"SKIP","floor":39},{"not_picked":[],"picked":"Chill+1","floor":40},{"not_picked":["Cold Snap"],"picked":"SKIP","floor":42},{"not_picked":["Coolheaded"],"picked":"SKIP","floor":45},{"not_picked":["Aggregate"],"picked":"SKIP","floor":48}],"player_experience":485471,"relics_obtained":[{"floor":6,"key":"Shuriken"},{"floor":9,"key":"Mummified Hand"},{"floor":25,"key":"Kunai"},{"floor":26,"key":"Pen Nib"},{"floor":29,"key":"Bottled Tornado"},{"floor":31,"key":"Anchor"},{"floor":40,"key":"Bag of Preparation"},{"floor":42,"key":"Smiling Mask"},{"floor":44,"key":"Calipers"},{"floor":47,"key":"Bird Faced Urn"}],"event_choices":[{"damage_healed":0,"gold_gain":0,"player_choice":"Searched \u00273\u0027 times","damage_taken":0,"relics_obtained":["Peace Pipe"],"max_hp_gain":0,"max_hp_loss":0,"event_name":"Dead Adventurer","floor":10,"gold_loss":0},{"damage_healed":0,"gold_gain":0,"player_choice":"Ignored","damage_taken":0,"max_hp_gain":0,"max_hp_loss":0,"event_name":"Shining Light","floor":11,"gold_loss":0},{"cards_removed":["Strike_B"],"damage_healed":0,"gold_gain":0,"player_choice":"Purged","damage_taken":0,"max_hp_gain":0,"max_hp_loss":0,"event_name":"Purifier","floor":19,"gold_loss":0},{"damage_healed":0,"gold_gain":0,"player_choice":"Memory 1","damage_taken":0,"max_hp_gain":0,"max_hp_loss":0,"event_name":"SensoryStone","floor":36,"gold_loss":0},{"damage_healed":0,"gold_gain":0,"player_choice":"Fight","damage_taken":0,"max_hp_gain":0,"max_hp_loss":0,"event_name":"MindBloom","floor":44,"gold_loss":0},{"damage_healed":0,"gold_gain":0,"player_choice":"Fight","damage_taken":0,"max_hp_gain":0,"max_hp_loss":0,"event_name":"Mysterious Sphere","floor":47,"gold_loss":0}],"is_beta":false,"boss_relics":[{"not_picked":["Runic Pyramid","Runic Dome"],"picked":"Cursed Key"},{"not_picked":["Coffee Dripper","Velvet Choker"],"picked":"Busted Crown"}],"items_purged_floors":[22,30,46],"is_endless":false,"potions_floor_spawned":[2,8,10,12,13,18,24,29,33,39,40,42,48],"ascension_level":19}