{"gold_per_floor":[116,127,137,137,160,160,191,191,191,33,47,47,67,82,82,183,183,200,214,144,67,79,79,30,61,84,101,101,120,47,59,59,160,160,178,195,243,263,277,277,287,287,311,42,42,61,72,88,88,88],"floor_reached":51,"playtime":3863,"items_purged":["Strike_R"],"score":750,"play_id":"702dfc6d-aa7e-440b-8d33-646a4c20f218","local_time":"20190409102406","is_ascension_mode":false,"campfire_choices":[{"data":"Uppercut","floor":6,"key":"SMITH"},{"data":"Bash","floor":8,"key":"SMITH"},{"data":"Enlightenment","floor":12,"key":"SMITH"},{"data":"Clothesline","floor":15,"key":"SMITH"},{"data":"Bludgeon","floor":23,"key":"SMITH"},{"data":"Flex","floor":28,"key":"SMITH"},{"data":"Bloodletting","floor":32,"key":"SMITH"},{"floor":40,"key":"REST"},{"data":"Limit Break","floor":42,"key":"SMITH"},{"floor":49,"key":"REST"}],"neow_cost":"NONE","seed_source_timestamp":329462731317000,"circlet_count":0,"master_deck":["Strike_R","Strike_R","Strike_R","Strike_R","Defend_R","Defend_R","Defend_R","Defend_R","Bash+1","Battle Trance","Uppercut+1","Clothesline+1","Intimidate","Enlightenment+1","Headbutt","Feed","Rage+1","Shockwave","Battle Trance","Bludgeon+1","Rage","Flex+1","Juggernaut","Second Wind","Bloodletting+1","Shrug It Off","Limit Break+1","Headbutt+1","Sentinel","Pommel Strike+1","Metallicize","PanicButton","Transmutation","Violence","Ghostly Armor"],"relics":["Burning Blood","Strawberry","Pen Nib","Gremlin Horn","Runic Pyramid","Happy Flower","Smiling Mask","Velvet Choker","Pocketwatch","Orichalcum","Cauldron"],"potions_floor_usage":[7,33,50],"damage_taken":[{"damage":1,"enemies":"Cultist","floor":1,"turns":4},{"damage":0,"enemies":"Small Slimes","floor":2,"turns":3},{"damage":1,"enemies":"Jaw Worm","floor":3,"turns":5},{"damage":20,"enemies":"Lagavulin","floor":7,"turns":7},{"damage":3,"enemies":"Gremlin Gang","floor":11,"turns":4},{"damage":4,"enemies":"Red Slaver","floor":13,"turns":2},{"damage":14,"enemies":"Exordium Thugs","floor":14,"turns":4},{"damage":50,"enemies":"The Guardian","floor":16,"turns":10},{"damage":14,"enemies":"2 Thieves","floor":18,"turns":3},{"damage":8,"enemies":"Shell Parasite","floor":19,"turns":4},{"damage":7,"enemies":"Centurion and Healer","floor":22,"turns":3},{"damage":0,"enemies":"Gremlin Leader","floor":25,"turns":5},{"damage":1,"enemies":"Snecko","floor":27,"turns":3},{"damage":11,"enemies":"Sentry and Sphere","floor":29,"turns":4},{"damage":16,"enemies":"Snake Plant","floor":31,"turns":4},{"damage":10,"enemies":"Automaton","floor":33,"turns":9},{"damage":15,"enemies":"3 Darklings","floor":35,"turns":6},{"damage":13,"enemies":"Orb Walker","floor":36,"turns":3},{"damage":59,"enemies":"2 Orb Walkers","floor":37,"turns":6},{"damage":4,"enemies":"Maw","floor":38,"turns":7},{"damage":2,"enemies":"Sphere and 2 Shapes","floor":39,"turns":4},{"damage":24,"enemies":"Jaw Worm Horde","floor":41,"turns":3},{"damage":0,"enemies":"Maw","floor":46,"turns":6},{"damage":0,"enemies":"Spire Growth","floor":47,"turns":3},{"damage":9,"enemies":"Writhing Mass","floor":48,"turns":5},{"damage":36,"enemies":"Donu and Deca","floor":50,"turns":9}],"seed_played":"5415696103145693027","potions_obtained":[{"floor":1,"key":"EssenceOfSteel"},{"floor":7,"key":"Dexterity Potion"},{"floor":13,"key":"SkillPotion"},{"floor":18,"key":"SpeedPotion"},{"floor":19,"key":"Dexterity Potion"},{"floor":35,"key":"SmokeBomb"},{"floor":44,"key":"FearPotion"},{"floor":47,"key":"Energy Potion"}],"is_trial":false,"path_per_floor":["M","M","M","?","T","R","E","R","T","$","M","R","M","M","R","B",null,"M","M","$","$","M","R","$","E","T","M","R","M","$","M","R","B",null,"M","M","?","M","M","R","M","R","T","$","?","M","M","M","R","B",null],"character_chosen":"IRONCLAD","items_purchased":["Enlightenment","Battle Trance","Bludgeon","Flex","Bloodletting","Cauldron","Metallicize"],"campfire_rested":2,"item_purchase_floors":[10,20,21,24,30,44,44],"current_hp_per_floor":[88,88,88,88,95,95,81,81,81,81,84,84,86,78,78,34,95,90,91,91,91,93,93,93,99,99,107,107,105,105,98,98,97,116,107,103,53,58,65,103,88,88,88,88,78,87,93,93,134,104],"gold":88,"neow_bonus":"TEN_PERCENT_HP_BONUS","is_prod":false,"is_daily":false,"chose_seed":false,"campfire_upgraded":8,"win_rate":1,"timestamp":1554830646,"path_taken":["M","M","?","?","?","R","E","R","T","$","M","R","M","?","R","BOSS","M","?","?","$","M","R","$","E","T","M","R","M","?","M","R","BOSS","M","?","?","M","M","R","M","R","T","$","?","M","M","M","R","BOSS"],"build_version":"2019-01-23","purchased_purges":1,"victory":true,"max_hp_per_floor":[88,88,88,88,95,95,95,95,95,95,95,95,95,95,95,95,95,98,101,101,101,104,104,104,104,104,107,107,110,110,113,113,116,116,116,119,122,125,128,128,131,131,131,131,131,134,134,137,137,137],"card_choices":[{"not_picked":["Blood for Blood","Fire Breathing"],"picked":"Battle Trance","floor":1},{"not_picked":["Clash","Anger"],"picked":"Uppercut","floor":2},{"not_picked":["Cleave","Thunderclap"],"picked":"Clothesline","floor":3},{"not_picked":["Second Wind","Reckless Charge"],"picked":"Intimidate","floor":7},{"not_picked":["Seeing Red","Clothesline","Bloodletting"],"picked":"SKIP","floor":11},{"not_picked":["Heavy Blade","Havoc","Flex"],"picked":"SKIP","floor":13},{"not_picked":["Searing Blow","Corruption"],"picked":"Headbutt","floor":14},{"not_picked":["Impervious","Double Tap"],"picked":"Feed","floor":16},{"not_picked":["Clash","Whirlwind"],"picked":"Rage+1","floor":18},{"not_picked":["Sword Boomerang","Havoc"],"picked":"Shockwave","floor":19},{"not_picked":["Sentinel+1","Intimidate"],"picked":"Rage","floor":22},{"not_picked":["Shockwave+1","Pommel Strike"],"picked":"Juggernaut","floor":25},{"not_picked":["Reckless Charge","Thunderclap+1"],"picked":"Second Wind","floor":27},{"not_picked":["Warcry","Shockwave","Entrench"],"picked":"SKIP","floor":29},{"not_picked":["Heavy Blade","Wild Strike"],"picked":"Shrug It Off","floor":31},{"not_picked":["Feed","Reaper"],"picked":"Limit Break","floor":33},{"not_picked":["Ghostly Armor","Clash"],"picked":"Headbutt+1","floor":35},{"not_picked":["Power Through+1","Twin Strike+1","Pommel Strike"],"picked":"SKIP","floor":36},{"not_picked":["Rage","Headbutt"],"picked":"Sentinel","floor":37},{"not_picked":["Flex","Warcry+1"],"picked":"Pommel Strike+1","floor":38},{"not_picked":["Thunderclap","Dark Embrace","Iron Wave"],"picked":"SKIP","floor":39},{"not_picked":["Combust","Headbutt","Uppercut+1"],"picked":"SKIP","floor":41},{"not_picked":["Transmutation","Magnetism"],"picked":"PanicButton","floor":45},{"not_picked":["Deep Breath","Jack Of All Trades"],"picked":"Transmutation","floor":45},{"not_picked":["Finesse","Bandage Up"],"picked":"Violence","floor":45},{"not_picked":["Uppercut","Burning Pact"],"picked":"Ghostly Armor","floor":46},{"not_picked":["Clothesline","Clash","Pummel"],"picked":"SKIP","floor":47},{"not_picked":["Perfected Strike+1","Sever Soul+1","Headbutt"],"picked":"SKIP","floor":48}],"player_experience":234691,"relics_obtained":[{"floor":5,"key":"Strawberry"},{"floor":7,"key":"Pen Nib"},{"floor":9,"key":"Gremlin Horn"},{"floor":25,"key":"Happy Flower"},{"floor":26,"key":"Smiling Mask"},{"floor":37,"key":"Pocketwatch"},{"floor":43,"key":"Orichalcum"}],"event_choices":[{"damage_healed":0,"gold_gain":0,"player_choice":"Ignored","damage_taken":0,"max_hp_gain":0,"max_hp_loss":0,"event_name":"Liars Game","floor":4,"gold_loss":0},{"damage_healed":0,"gold_gain":0,"player_choice":"Fight","damage_taken":0,"max_hp_gain":0,"max_hp_loss":0,"event_name":"Mysterious Sphere","floor":37,"gold_loss":0},{"damage_healed":0,"gold_gain":0,"player_choice":"Memory 3","damage_taken":10,"max_hp_gain":0,"max_hp_loss":0,"event_name":"SensoryStone","floor":45,"gold_loss":0}],"is_beta":false,"boss_relics":[{"not_picked":["Orrery","Black Star"],"picked":"Runic Pyramid"},{"not_picked":["Calling Bell","Runic Dome"],"picked":"Velvet Choker"}],"items_purged_floors":[10],"is_endless":false,"potions_floor_spawned":[1,7,13,18,19,27,29,35,41,47],"ascension_level":0}