{"gold_per_floor":[110,128,146,158,170,204,221,221,300,316,316,346,346,346,346,346],"floor_reached":16,"playtime":468,"items_purged":[],"score":125,"play_id":"66ff6c60-dfa4-4d2e-91f8-a585ba065480","local_time":"20190227000411","is_ascension_mode":true,"campfire_choices":[{"floor":8,"key":"REST"},{"floor":11,"key":"REST"},{"floor":15,"key":"REST"}],"neow_cost":"NONE","seed_source_timestamp":298418459678200,"circlet_count":0,"master_deck":["Strike_B","Strike_B","Strike_B","Strike_B","Defend_B","Defend_B","Defend_B","Defend_B","Zap","Dualcast","Dramatic Entrance","Turbo","Recycle","Compile Driver","Double Energy","Storm","Lockon","Sweeping Beam","Hologram","Fission"],"relics":["Cracked Core","Bronze Scales","Potion Belt"],"potions_floor_usage":[6,7,12],"damage_taken":[{"damage":3,"enemies":"2 Louse","floor":1,"turns":2},{"damage":7,"enemies":"Jaw Worm","floor":2,"turns":3},{"damage":5,"enemies":"Small Slimes","floor":3,"turns":2},{"damage":1,"enemies":"Looter","floor":4,"turns":2},{"damage":13,"enemies":"Blue Slaver","floor":5,"turns":3},{"damage":35,"enemies":"Lagavulin","floor":6,"turns":6},{"damage":8,"enemies":"Exordium Wildlife","floor":7,"turns":4},{"damage":8,"enemies":"3 Louse","floor":10,"turns":2},{"damage":27,"enemies":"3 Sentries","floor":12,"turns":4},{"damage":55,"enemies":"Hexaghost","floor":16,"turns":8}],"seed_played":"-7668973547277523470","potions_obtained":[{"floor":2,"key":"SmokeBomb"},{"floor":5,"key":"Poison Potion"},{"floor":6,"key":"SteroidPotion"},{"floor":10,"key":"SteroidPotion"}],"is_trial":false,"path_per_floor":["M","M","M","M","M","E","M","R","T","M","R","E","?","?","R","B"],"character_chosen":"DEFECT","items_purchased":[],"campfire_rested":3,"item_purchase_floors":[],"current_hp_per_floor":[72,65,60,59,46,11,3,25,25,17,39,12,30,30,51,0],"gold":346,"neow_bonus":"RANDOM_COLORLESS","is_prod":false,"is_daily":false,"chose_seed":false,"campfire_upgraded":0,"win_rate":0,"timestamp":1551254651,"path_taken":["M","M","M","M","M","E","M","R","T","M","R","E","?","?","R","BOSS"],"build_version":"2019-01-23","purchased_purges":0,"victory":false,"max_hp_per_floor":[75,75,75,75,75,75,75,75,75,75,75,75,75,72,72,72],"card_choices":[{"not_picked":["Lockon","Defragment"],"picked":"Turbo","floor":1},{"not_picked":["Streamline","Rebound"],"picked":"Recycle","floor":2},{"not_picked":["Cold Snap","Gash"],"picked":"Compile Driver","floor":3},{"not_picked":["Sweeping Beam","Reprogram"],"picked":"Double Energy","floor":4},{"not_picked":["Loop","Genetic Algorithm"],"picked":"Storm","floor":5},{"not_picked":["Chaos","Barrage"],"picked":"Lockon","floor":6},{"not_picked":["Redo","Streamline"],"picked":"Sweeping Beam","floor":7},{"not_picked":["Go for the Eyes","Leap"],"picked":"Hologram","floor":10},{"not_picked":["Gash","Stack"],"picked":"Fission","floor":12}],"player_experience":79321,"relics_obtained":[{"floor":6,"key":"Bronze Scales"},{"floor":12,"key":"Potion Belt"}],"event_choices":[{"damage_healed":18,"gold_gain":0,"player_choice":"Healed and dodged fight","damage_taken":0,"max_hp_gain":0,"max_hp_loss":0,"event_name":"Mushrooms","floor":13,"gold_loss":0,"cards_obtained":["Parasite"]},{"cards_removed":["Parasite"],"damage_healed":0,"gold_gain":0,"player_choice":"Forget","damage_taken":0,"max_hp_gain":0,"max_hp_loss":0,"event_name":"Living Wall","floor":14,"gold_loss":0}],"is_beta":false,"boss_relics":[],"items_purged_floors":[],"is_endless":false,"potions_floor_spawned":[2,5,6,10],"killed_by":"Hexaghost","ascension_level":2}