{"gold_per_floor":[117,135,135,135,155,189,189,215,215,245,258,289,304,317,317,391,391,402,402,29,40,40,71,91,91,91,116,135,152,178,178,178,252,252,263,263,203,558,113,113,113,113,113,145,245,278,296,296,296,296],"floor_reached":50,"playtime":2528,"items_purged":[],"score":1282,"play_id":"0ea5c0d3-10ac-4dbd-b883-023f69375f52","local_time":"20190406192614","is_ascension_mode":true,"campfire_choices":[{"data":"Sunder","floor":7.0,"key":"SMITH"},{"floor":15.0,"key":"REST"},{"data":"Loop","floor":25.0,"key":"SMITH"},{"floor":32.0,"key":"REST"},{"floor":40.0,"key":"REST"},{"floor":49.0,"key":"RECALL"}],"neow_cost":"NONE","seed_source_timestamp":0,"circlet_count":0,"master_deck":["AscendersBane","Strike_B+1","Strike_B+1","Strike_B+1","Defend_B+1","Defend_B+1","Defend_B+1","Defend_B+1","Zap","Dualcast","Conserve Battery","Cold Snap","Sunder+1","Biased Cognition","BootSequence","Echo Form","Hologram","Undo","Rainbow","Compile Driver+1","Self Repair","Loop+1","Loop","Storm","Cold Snap","Cold Snap","Coolheaded+1","Ball Lightning","Storm","Echo Form","Creative AI","The Bomb","Panacea","Magnetism","Storm","Conserve Battery+1","Madness","Madness","Steam Power","Chaos+1"],"special_seed":0,"relics":["Cracked Core","NeowsBlessing","DataDisk","The Courier","Regal Pillow","Vajra","Letter Opener","FossilizedHelix","Oddly Smooth Stone","Nuclear Battery","Anchor","Thread and Needle","Omamori","Centennial Puzzle","Sozu","Old Coin","ClockworkSouvenir","Art of War","Bronze Scales","Potion Belt","Pear","Gambling Chip","Ginger"],"potions_floor_usage":[],"damage_taken":[{"damage":0.0,"enemies":"2 Louse","floor":1.0,"turns":1.0},{"damage":0.0,"enemies":"Jaw Worm","floor":2.0,"turns":1.0},{"damage":0.0,"enemies":"Cultist","floor":5.0,"turns":1.0},{"damage":11.0,"enemies":"3 Sentries","floor":6.0,"turns":6.0},{"damage":11.0,"enemies":"Gremlin Nob","floor":8.0,"turns":3.0},{"damage":17.0,"enemies":"Lagavulin","floor":10.0,"turns":6.0},{"damage":0.0,"enemies":"Looter","floor":11.0,"turns":2.0},{"damage":0.0,"enemies":"3 Sentries","floor":12.0,"turns":6.0},{"damage":0.0,"enemies":"Blue Slaver","floor":13.0,"turns":2.0},{"damage":0.0,"enemies":"Exordium Thugs","floor":14.0,"turns":3.0},{"damage":20.0,"enemies":"Slime Boss","floor":16.0,"turns":12.0},{"damage":7.0,"enemies":"Shell Parasite","floor":18.0,"turns":5.0},{"damage":0.0,"enemies":"Spheric Guardian","floor":21.0,"turns":3.0},{"damage":30.0,"enemies":"Slavers","floor":23.0,"turns":5.0},{"damage":0.0,"enemies":"Snake Plant","floor":24.0,"turns":4.0},{"damage":0.0,"enemies":"Chosen and Byrds","floor":28.0,"turns":6.0},{"damage":2.0,"enemies":"Shelled Parasite and Fungi","floor":29.0,"turns":4.0},{"damage":31.0,"enemies":"Gremlin Leader","floor":30.0,"turns":6.0},{"damage":23.0,"enemies":"Champ","floor":33.0,"turns":7.0},{"damage":0.0,"enemies":"3 Darklings","floor":35.0,"turns":4.0},{"damage":28.0,"enemies":"2 Orb Walkers","floor":38.0,"turns":4.0},{"damage":0.0,"enemies":"Nemesis","floor":44.0,"turns":5.0},{"damage":0.0,"enemies":"Mind Bloom Boss Battle","floor":45.0,"turns":3.0},{"damage":55.0,"enemies":"Reptomancer","floor":46.0,"turns":5.0},{"damage":0.0,"enemies":"3 Shapes","floor":47.0,"turns":3.0},{"damage":29,"enemies":"Awakened One","floor":50,"turns":5}],"seed_played":"7662628326544466753","potions_obtained":[{"floor":2.0,"key":"Strength Potion"},{"floor":6.0,"key":"Poison Potion"},{"floor":10.0,"key":"SneckoOil"},{"floor":13.0,"key":"EssenceOfSteel"},{"floor":16.0,"key":"Poison Potion"},{"floor":21.0,"key":"Dexterity Potion"},{"floor":23.0,"key":"Poison Potion"},{"floor":30.0,"key":"FocusPotion"},{"floor":33.0,"key":"FocusPotion"}],"is_trial":false,"path_per_floor":["M","M","?","T","M","E","R","E","T","E","M","E","M","M","R","B",null,"M","?","$","M","?","E","M","R","T","T","M","M","E","?","R","B",null,"M","?","$","?","$","R","?","?","T","E","?","E","M","?","R","B"],"character_chosen":"DEFECT","items_purchased":["Anchor","Self Repair","Loop","Loop","Storm","Storm","ClockworkSouvenir","Art of War","Bronze Scales"],"campfire_rested":3,"item_purchase_floors":[20,20,20,20,20,37,39,39,39],"current_hp_per_floor":[64,64,59,59,59,48,48,37,37,20,20,20,20,20,56,36,62,55,55,55,55,55,32,32,32,32,32,39,44,20,20,56,40,63,63,53,53,39,39,71,71,58,58,75,81,26,26,26,26,0],"gold":296,"neow_bonus":"THREE_ENEMY_KILL","is_prod":false,"is_daily":false,"chose_seed":false,"campfire_upgraded":2,"win_rate":0,"timestamp":1554603974,"path_taken":["M","M","?","?","?","E","R","E","T","E","M","E","M","M","R","BOSS","M","?","$","M","?","E","M","R","T","?","M","?","E","?","R","BOSS","M","?","$","?","$","R","?","?","T","E","?","E","M","?","R","BOSS"],"build_version":"2019-01-23","purchased_purges":0,"victory":false,"max_hp_per_floor":[71,71,71,71,71,71,71,71,71,71,71,71,71,71,71,71,71,71,71,71,71,71,71,71,71,71,71,71,71,71,71,71,71,71,71,71,71,71,71,71,71,71,71,81,81,81,81,81,81,81],"card_choices":[{"not_picked":["Sweeping Beam","Barrage"],"picked":"Conserve Battery","floor":1.0},{"not_picked":["Leap","Force Field"],"picked":"Cold Snap","floor":2.0},{"not_picked":["White Noise","Gash"],"picked":"Sunder","floor":5.0},{"not_picked":["Meteor Strike","Barrage","Blizzard"],"picked":"SKIP","floor":6.0},{"not_picked":["Aggregate","Stack"],"picked":"Biased Cognition","floor":8.0},{"not_picked":["Genetic Algorithm","Sunder"],"picked":"BootSequence","floor":10.0},{"not_picked":["Aggregate","Sweeping Beam","Compile Driver"],"picked":"SKIP","floor":11.0},{"not_picked":["Hologram","Redo"],"picked":"Echo Form","floor":12.0},{"not_picked":["Coolheaded","Stack"],"picked":"Hologram","floor":13.0},{"not_picked":["Scrape","Steam Power"],"picked":"Undo","floor":14.0},{"not_picked":["Meteor Strike","Reboot"],"picked":"Rainbow","floor":16.0},{"not_picked":["Rebound+1","Leap"],"picked":"Compile Driver+1","floor":18.0},{"not_picked":["Redo+1","Conserve Battery"],"picked":"Cold Snap","floor":21.0},{"not_picked":["Chaos","Compile Driver"],"picked":"Cold Snap","floor":23.0},{"not_picked":["Rebound","Compile Driver"],"picked":"Coolheaded+1","floor":24.0},{"not_picked":["Doom and Gloom","Biased Cognition"],"picked":"Ball Lightning","floor":28.0},{"not_picked":["Sunder","Doom and Gloom"],"picked":"Storm","floor":29.0},{"not_picked":["Barrage","Hologram"],"picked":"Echo Form","floor":30.0},{"not_picked":["Machine Learning","Multi-Cast"],"picked":"Creative AI","floor":33.0},{"not_picked":["Lockon","Beam Cell+1","Doom and Gloom+1"],"picked":"SKIP","floor":35.0},{"not_picked":["Mind Blast","Trip"],"picked":"The Bomb","floor":36.0},{"not_picked":["Transmutation","Good Instincts"],"picked":"Panacea","floor":36.0},{"not_picked":["Blind","Madness"],"picked":"Magnetism","floor":36.0},{"not_picked":["Rip and Tear","Leap"],"picked":"Conserve Battery+1","floor":38.0},{"not_picked":["Recycle","Conserve Battery"],"picked":"Steam Power","floor":44.0},{"not_picked":["Reboot","Fusion","Tempest"],"picked":"SKIP","floor":46.0},{"not_picked":["Compile Driver","Force Field"],"picked":"Chaos+1","floor":47.0}],"player_experience":505689,"relics_obtained":[{"floor":4.0,"key":"The Courier"},{"floor":6.0,"key":"Regal Pillow"},{"floor":8.0,"key":"Vajra"},{"floor":9.0,"key":"Letter Opener"},{"floor":10.0,"key":"FossilizedHelix"},{"floor":12.0,"key":"Oddly Smooth Stone"},{"floor":23.0,"key":"Thread and Needle"},{"floor":26.0,"key":"Omamori"},{"floor":30.0,"key":"Centennial Puzzle"},{"floor":38.0,"key":"Old Coin"},{"floor":43.0,"key":"Potion Belt"},{"floor":44.0,"key":"Pear"},{"floor":45.0,"key":"Gambling Chip"},{"floor":46.0,"key":"Ginger"}],"event_choices":[{"damage_healed":0.0,"max_hp_gain":0.0,"max_hp_loss":0.0,"gold_gain":0.0,"event_name":"Scrap Ooze","player_choice":"Success","floor":3.0,"gold_loss":0.0,"damage_taken":5.0,"relics_obtained":["DataDisk"]},{"damage_healed":0.0,"max_hp_gain":0.0,"max_hp_loss":0.0,"gold_gain":0.0,"event_name":"Back to Basics","player_choice":"Simplicity","floor":19.0,"gold_loss":0.0,"damage_taken":0.0,"cards_upgraded":["Strike_B","Strike_B","Strike_B","Strike_B","Defend_B","Defend_B","Defend_B","Defend_B"]},{"damage_healed":0.0,"max_hp_gain":0.0,"max_hp_loss":0.0,"gold_gain":0.0,"event_name":"Ghosts","player_choice":"Ignored","floor":22.0,"gold_loss":0.0,"damage_taken":0.0},{"damage_healed":0.0,"max_hp_gain":0.0,"max_hp_loss":0.0,"gold_gain":0.0,"event_name":"Forgotten Altar","player_choice":"Smashed Altar","floor":31.0,"gold_loss":0.0,"damage_taken":0.0,"cards_obtained":["Decay"]},{"damage_healed":0.0,"max_hp_gain":0.0,"max_hp_loss":0.0,"gold_gain":0.0,"event_name":"SensoryStone","player_choice":"Memory 3","floor":36.0,"gold_loss":0.0,"damage_taken":10.0},{"damage_healed":0.0,"max_hp_gain":0.0,"max_hp_loss":0.0,"gold_gain":0.0,"event_name":"Mysterious Sphere","player_choice":"Fight","floor":38.0,"gold_loss":0.0,"damage_taken":0.0},{"cards_removed":["Strike_B"],"damage_healed":0.0,"max_hp_gain":0.0,"max_hp_loss":0.0,"gold_gain":0.0,"event_name":"Falling","player_choice":"Removed Attack","floor":41.0,"gold_loss":0.0,"damage_taken":0.0},{"damage_healed":0.0,"max_hp_gain":0.0,"max_hp_loss":0.0,"gold_gain":0.0,"event_name":"Winding Halls","player_choice":"Embrace Madness","floor":42.0,"gold_loss":0.0,"damage_taken":13.0,"cards_obtained":["Madness","Madness"]},{"damage_healed":0.0,"max_hp_gain":0.0,"max_hp_loss":0.0,"gold_gain":0.0,"event_name":"MindBloom","player_choice":"Fight","floor":45.0,"gold_loss":0.0,"damage_taken":0.0},{"damage_healed":0.0,"max_hp_gain":0.0,"max_hp_loss":0.0,"gold_gain":0.0,"event_name":"Tomb of Lord Red Mask","player_choice":"Ignored","floor":48.0,"gold_loss":0.0,"damage_taken":0.0}],"is_beta":false,"boss_relics":[{"not_picked":["Calling Bell","Runic Pyramid"],"picked":"Nuclear Battery"},{"not_picked":["Eternal Feather","Black Star"],"picked":"Sozu"}],"items_purged_floors":[],"is_endless":false,"potions_floor_spawned":[2,6,10,13,16,21,23,30,33,45,47],"killed_by":"Awakened One","ascension_level":20}