{"gold_per_floor":[117,117,117,137,151,151,167,194,220,230,230,230,265,285,285,380,380,390,406,175,275,285,285,314,314,390,197,225,253,253,273,273,374,374,392,403,422,432,442,442,454,454,507,507,17,17,27,39,39,39],"floor_reached":51,"playtime":2241,"items_purged":["Strike_R","Strike_R","Strike_R"],"score":821,"play_id":"dc887cd0-c46b-4a7f-85c2-344ebcec942a","local_time":"20190409144120","is_ascension_mode":false,"campfire_choices":[{"data":"Battle Trance","floor":6.0,"key":"SMITH"},{"data":"Clothesline","floor":11.0,"key":"SMITH"},{"data":"Armaments","floor":15.0,"key":"SMITH"},{"data":"Immolate","floor":23.0,"key":"SMITH"},{"data":"Disarm","floor":25.0,"key":"SMITH"},{"data":"Blind","floor":30.0,"key":"SMITH"},{"data":"Inflame","floor":32.0,"key":"SMITH"},{"data":"Limit Break","floor":42,"key":"SMITH"},{"data":"Limit Break","floor":44,"key":"SMITH"},{"data":"Burning Pact","floor":46,"key":"SMITH"},{"data":"Pommel Strike","floor":49,"key":"SMITH"}],"neow_cost":"TEN_PERCENT_HP_LOSS","seed_source_timestamp":346319392303100,"circlet_count":0,"master_deck":["Strike_R","Strike_R","Defend_R","Defend_R","Defend_R","Defend_R","Bash+1","Battle Trance+1","Metallicize","Clothesline+1","Double Tap","Disarm+1","Inflame+1","Armaments+1","Immolate+1","Cleave","True Grit","Metallicize","Twin Strike","Intimidate","Flex+1","Ghostly Armor+1","Juggernaut","Headbutt","Blind+1","Burning Pact+1","Feed","Limit Break+1","Pommel Strike+1","Spot Weakness+1","Feel No Pain+1","Parasite","Shrug It Off+1","Limit Break+1","Corruption+1","Reaper","Battle Trance+1","Ghostly Armor"],"special_seed":0,"relics":["Burning Blood","FossilizedHelix","Anchor","Smiling Mask","Bronze Scales","Runic Dome","WingedGreaves","Mercury Hourglass","Vajra","Frozen Egg 2","Paper Frog","Dream Catcher","Velvet Choker","Oddly Smooth Stone","DollysMirror"],"potions_floor_usage":[33,50,50],"damage_taken":[{"damage":0.0,"enemies":"Jaw Worm","floor":1.0,"turns":3.0},{"damage":0.0,"enemies":"Small Slimes","floor":4.0,"turns":3.0},{"damage":0.0,"enemies":"2 Louse","floor":5.0,"turns":2.0},{"damage":0.0,"enemies":"2 Fungi Beasts","floor":7.0,"turns":3.0},{"damage":5.0,"enemies":"3 Sentries","floor":8.0,"turns":9.0},{"damage":13.0,"enemies":"Exordium Thugs","floor":10.0,"turns":5.0},{"damage":5.0,"enemies":"Gremlin Nob","floor":13.0,"turns":4.0},{"damage":6.0,"enemies":"3 Louse","floor":14.0,"turns":2.0},{"damage":11.0,"enemies":"Hexaghost","floor":16.0,"turns":9.0},{"damage":0.0,"enemies":"Shell Parasite","floor":18.0,"turns":5.0},{"damage":0.0,"enemies":"Chosen","floor":19.0,"turns":3.0},{"damage":0.0,"enemies":"Colosseum Slavers","floor":21.0,"turns":2.0},{"damage":10.0,"enemies":"Colosseum Nobs","floor":21.0,"turns":4.0},{"damage":0.0,"enemies":"Snecko","floor":22.0,"turns":5.0},{"damage":4.0,"enemies":"Book of Stabbing","floor":24.0,"turns":5.0},{"damage":0.0,"enemies":"Gremlin Leader","floor":28.0,"turns":5.0},{"damage":0.0,"enemies":"Slavers","floor":29.0,"turns":2.0},{"damage":0.0,"enemies":"Cultist and Chosen","floor":31.0,"turns":2.0},{"damage":37,"enemies":"Collector","floor":33,"turns":10},{"damage":0,"enemies":"Orb Walker","floor":35,"turns":3},{"damage":0,"enemies":"3 Shapes","floor":36,"turns":3},{"damage":0,"enemies":"3 Darklings","floor":37,"turns":1},{"damage":0,"enemies":"Writhing Mass","floor":38,"turns":4},{"damage":0,"enemies":"Spire Growth","floor":39,"turns":4},{"damage":0,"enemies":"3 Darklings","floor":41,"turns":3},{"damage":4,"enemies":"4 Shapes","floor":47,"turns":4},{"damage":12,"enemies":"Maw","floor":48,"turns":7},{"damage":43,"enemies":"Time Eater","floor":50,"turns":9}],"seed_played":"6837010235801401781","potions_obtained":[{"floor":4.0,"key":"Poison Potion"},{"floor":5.0,"key":"EssenceOfSteel"},{"floor":7.0,"key":"SteroidPotion"},{"floor":14.0,"key":"EntropicBrew"},{"floor":16.0,"key":"Block Potion"},{"floor":18.0,"key":"Dexterity Potion"},{"floor":21.0,"key":"FearPotion"},{"floor":31.0,"key":"Weak Potion"},{"floor":35,"key":"SkillPotion"},{"floor":38,"key":"SteroidPotion"}],"is_trial":false,"path_per_floor":["M","?","?","M","M","R","M","E","T","M","R","?","E","M","R","B",null,"M","M","$","?","M","R","E","R","T","$","E","E","R","M","R","B",null,"M","M","M","M","M","?","M","R","T","R","$","R","M","M","R","B",null],"character_chosen":"IRONCLAD","items_purchased":["Metallicize","Twin Strike","Intimidate","Headbutt","Blind","Corruption+1","Reaper","DollysMirror"],"campfire_rested":0,"item_purchase_floors":[20,20,20,27,27,45,45,45],"current_hp_per_floor":[72,72,72,72,72,72,72,72,72,65,65,70,71,71,71,66,77,77,77,77,73,77,77,77,77,77,77,77,77,77,77,77,46,77,77,81,81,81,85,85,88,88,88,88,88,88,88,88,88,88],"gold":39,"neow_bonus":"ONE_RARE_RELIC","is_prod":false,"is_daily":false,"chose_seed":false,"campfire_upgraded":11,"win_rate":1,"timestamp":1554846080,"path_taken":["M","?","?","M","M","R","M","E","T","M","R","?","E","M","R","BOSS","M","M","$","?","M","R","E","R","T","$","E","E","R","M","R","BOSS","M","M","M","M","M","?","M","R","T","R","?","R","M","M","R","BOSS"],"build_version":"2019-01-23","purchased_purges":3,"victory":true,"max_hp_per_floor":[72,72,72,72,72,72,72,72,72,72,72,77,77,77,77,77,77,77,77,77,77,77,77,77,77,77,77,77,77,77,77,77,77,77,77,81,81,81,85,85,88,88,88,88,88,88,88,88,88,88],"card_choices":[{"not_picked":["Headbutt","Anger"],"picked":"Battle Trance","floor":1.0},{"not_picked":["Second Wind","Havoc","Reckless Charge"],"picked":"SKIP","floor":4.0},{"not_picked":["Bloodletting","Burning Pact"],"picked":"Metallicize","floor":5.0},{"not_picked":["Clash","Anger"],"picked":"Clothesline","floor":7.0},{"not_picked":["Whirlwind","Warcry"],"picked":"Double Tap","floor":8.0},{"not_picked":["Sentinel","Body Slam"],"picked":"Disarm","floor":10.0},{"not_picked":["Sever Soul","Pommel Strike"],"picked":"Inflame","floor":13.0},{"not_picked":["Corruption","Clash"],"picked":"Armaments","floor":14.0},{"not_picked":["Barricade","Impervious"],"picked":"Immolate","floor":16.0},{"not_picked":["Havoc","Perfected Strike"],"picked":"Cleave","floor":18.0},{"not_picked":["Rupture","Iron Wave"],"picked":"True Grit","floor":19.0},{"not_picked":["True Grit","Thunderclap"],"picked":"Flex+1","floor":21.0},{"not_picked":["Iron Wave","Pummel+1"],"picked":"Ghostly Armor+1","floor":22.0},{"not_picked":["Ghostly Armor","Warcry"],"picked":"Juggernaut","floor":24.0},{"not_picked":["Bloodletting","Burning Pact","Infernal Blade"],"picked":"SKIP","floor":28.0},{"not_picked":["Bloodletting","Infernal Blade"],"picked":"Burning Pact","floor":28.0},{"not_picked":["Reckless Charge+1","Pommel Strike"],"picked":"Feed","floor":29.0},{"not_picked":["Iron Wave","Clash","Sword Boomerang"],"picked":"SKIP","floor":31.0},{"not_picked":["Fiend Fire","Demon Form+1"],"picked":"Limit Break","floor":33},{"not_picked":["Clash+1","Blood for Blood+1"],"picked":"Pommel Strike","floor":35},{"not_picked":["Perfected Strike","Burning Pact"],"picked":"Spot Weakness+1","floor":36},{"not_picked":["Sever Soul","Twin Strike"],"picked":"Feel No Pain+1","floor":37},{"not_picked":["Ghostly Armor+1","Sword Boomerang"],"picked":"Shrug It Off+1","floor":38},{"not_picked":["Iron Wave","Reckless Charge","Sword Boomerang"],"picked":"SKIP","floor":39},{"not_picked":["Iron Wave","Reckless Charge","Sword Boomerang"],"picked":"SKIP","floor":39},{"not_picked":["Iron Wave","Reckless Charge","Sword Boomerang"],"picked":"SKIP","floor":39},{"not_picked":["Twin Strike","Clash+1","Havoc+1"],"picked":"SKIP","floor":41},{"not_picked":["Fire Breathing+1","Wild Strike+1"],"picked":"Ghostly Armor","floor":47},{"not_picked":["Dropkick+1","True Grit","Clothesline+1"],"picked":"SKIP","floor":48}],"player_experience":245333,"relics_obtained":[{"floor":8.0,"key":"Anchor"},{"floor":9.0,"key":"Smiling Mask"},{"floor":13.0,"key":"Bronze Scales"},{"floor":21.0,"key":"WingedGreaves"},{"floor":21.0,"key":"Mercury Hourglass"},{"floor":24.0,"key":"Vajra"},{"floor":26.0,"key":"Frozen Egg 2"},{"floor":28.0,"key":"Paper Frog"},{"floor":29.0,"key":"Dream Catcher"},{"floor":43,"key":"Oddly Smooth Stone"}],"event_choices":[{"damage_healed":0.0,"max_hp_gain":0.0,"max_hp_loss":0.0,"gold_gain":0.0,"event_name":"Liars Game","player_choice":"Ignored","floor":2.0,"gold_loss":0.0,"damage_taken":0.0},{"damage_healed":0.0,"max_hp_gain":0.0,"max_hp_loss":0.0,"gold_gain":0.0,"event_name":"Living Wall","player_choice":"Grow","floor":3.0,"gold_loss":0.0,"damage_taken":0.0,"cards_upgraded":["Bash"]},{"damage_healed":0.0,"max_hp_gain":5.0,"max_hp_loss":0.0,"gold_gain":0.0,"event_name":"Big Fish","player_choice":"Donut","floor":12.0,"gold_loss":0.0,"damage_taken":0.0},{"damage_healed":0.0,"max_hp_gain":0.0,"max_hp_loss":0.0,"gold_gain":0.0,"event_name":"Colosseum","player_choice":"Fight","floor":21.0,"gold_loss":0.0,"damage_taken":0.0},{"damage_healed":0.0,"max_hp_gain":0.0,"max_hp_loss":0.0,"gold_gain":0.0,"event_name":"Colosseum","player_choice":"Fought Nobs","floor":21.0,"gold_loss":0.0,"damage_taken":0.0},{"damage_healed":0,"gold_gain":0,"player_choice":"Copied","damage_taken":0,"max_hp_gain":0,"max_hp_loss":0,"event_name":"Duplicator","floor":40,"gold_loss":0,"cards_obtained":["Limit Break"]}],"is_beta":false,"boss_relics":[{"not_picked":["White Beast Statue","Black Star"],"picked":"Runic Dome"},{"not_picked":["Mark of Pain","Coffee Dripper"],"picked":"Velvet Choker"}],"items_purged_floors":[20,27,45],"is_endless":false,"potions_floor_spawned":[4,5,7,14,16,18,21,21,22,31,35,38,41,48],"ascension_level":0}