{"gold_per_floor":[118,118,61,76,76,104,104,117,142,4,18,18,18,97,97,186,186,204,204,222,222,222,222,222],"floor_reached":24,"playtime":786,"items_purged":[],"score":412,"play_id":"5e1d5f16-799b-43f4-be25-8649b5b8cc0d","local_time":"20190403201702","is_ascension_mode":true,"campfire_choices":[{"data":"Defragment","floor":7,"key":"SMITH"},{"floor":15,"key":"REST"},{"floor":23,"key":"REST"}],"neow_cost":"NONE","seed_source_timestamp":108329099645833,"circlet_count":0,"master_deck":["AscendersBane","Strike_B+1","Strike_B+1","Strike_B+1","Defend_B+1","Defend_B+1","Defend_B+1","Defend_B+1","Zap","Streamline","Conserve Battery","Defragment","Defragment+1","Cold Snap","Storm","Coolheaded","Go for the Eyes","Buffer","Coolheaded","White Noise","Coolheaded+1"],"relics":["Cracked Core","NeowsBlessing","Omamori","Pen Nib","Golden Idol","Calling Bell","Juzu Bracelet","Dodecahedron","WingedGreaves"],"potions_floor_usage":[16],"damage_taken":[{"damage":0,"enemies":"2 Louse","floor":1,"turns":1},{"damage":0,"enemies":"Cultist","floor":4,"turns":1},{"damage":0,"enemies":"Gremlin Nob","floor":6,"turns":1},{"damage":8,"enemies":"Small Slimes","floor":8,"turns":4},{"damage":8,"enemies":"3 Louse","floor":11,"turns":3},{"damage":26,"enemies":"The Guardian","floor":16,"turns":10},{"damage":2,"enemies":"Chosen","floor":18,"turns":6},{"damage":41,"enemies":"2 Thieves","floor":20,"turns":4},{"damage":62,"enemies":"Slavers","floor":24,"turns":3}],"seed_played":"-5527361434318283539","potions_obtained":[{"floor":11,"key":"Strength Potion"},{"floor":20,"key":"SteroidPotion"}],"is_trial":false,"path_per_floor":["M","?","$","M","?","E","R","M","T","$","M","?","?","?","R","B",null,"M","?","M","?","?","R","E"],"character_chosen":"DEFECT","items_purchased":["Conserve Battery","Storm","Coolheaded"],"campfire_rested":2,"item_purchase_floors":[3,10,10],"current_hp_per_floor":[64,64,64,64,64,64,64,56,56,56,48,53,27,27,49,23,63,61,61,20,20,20,42,0],"gold":222,"neow_bonus":"THREE_ENEMY_KILL","is_prod":false,"is_daily":false,"chose_seed":false,"campfire_upgraded":1,"win_rate":0,"timestamp":1554290222,"path_taken":["M","?","$","?","?","E","R","M","T","$","M","?","?","?","R","BOSS","M","?","M","?","?","R","E"],"build_version":"2019-01-23","purchased_purges":0,"victory":false,"max_hp_per_floor":[71,71,71,71,71,71,71,71,71,71,71,76,76,76,76,76,76,76,76,76,76,76,76,76],"card_choices":[{"not_picked":["Gash","Static Discharge"],"picked":"Streamline","floor":1},{"not_picked":["Cold Snap","Compile Driver"],"picked":"Defragment","floor":4},{"not_picked":["Go for the Eyes","Redo"],"picked":"Defragment","floor":6},{"not_picked":["Conserve Battery","Rainbow"],"picked":"Cold Snap","floor":8},{"not_picked":["Turbo","Rip and Tear"],"picked":"Go for the Eyes","floor":11},{"not_picked":["Reboot","Machine Learning"],"picked":"Buffer","floor":16},{"not_picked":["Compile Driver+1","Beam Cell"],"picked":"Coolheaded","floor":18},{"not_picked":["Beam Cell","Static Discharge"],"picked":"Coolheaded+1","floor":20}],"player_experience":464678,"relics_obtained":[{"floor":6,"key":"Omamori"},{"floor":9,"key":"Pen Nib"},{"floor":17,"key":"Juzu Bracelet"},{"floor":17,"key":"Dodecahedron"},{"floor":17,"key":"WingedGreaves"}],"event_choices":[{"cards_removed":["Dualcast"],"damage_healed":0,"gold_gain":0,"player_choice":"Purged","damage_taken":0,"max_hp_gain":0,"max_hp_loss":0,"event_name":"Purifier","floor":2,"gold_loss":0},{"cards_removed":["Strike_B"],"damage_healed":0,"gold_gain":0,"player_choice":"Forget","damage_taken":0,"max_hp_gain":0,"max_hp_loss":0,"event_name":"Living Wall","floor":5,"gold_loss":0},{"damage_healed":0,"gold_gain":0,"player_choice":"Donut","damage_taken":0,"max_hp_gain":5,"max_hp_loss":0,"event_name":"Big Fish","floor":12,"gold_loss":0},{"damage_healed":0,"gold_gain":0,"player_choice":"Take Damage","damage_taken":26,"relics_obtained":["Golden Idol"],"max_hp_gain":0,"max_hp_loss":0,"event_name":"Golden Idol","floor":13,"gold_loss":0},{"damage_healed":0,"gold_gain":79,"player_choice":"Gained Gold","damage_taken":0,"max_hp_gain":0,"max_hp_loss":0,"event_name":"Golden Wing","floor":14,"gold_loss":0},{"damage_healed":0,"gold_gain":0,"player_choice":"Read","damage_taken":0,"max_hp_gain":0,"max_hp_loss":0,"event_name":"The Library","floor":19,"gold_loss":0,"cards_obtained":["White Noise"]},{"cards_removed":["Decay"],"damage_healed":0,"gold_gain":0,"player_choice":"Removed Curses","damage_taken":0,"max_hp_gain":0,"max_hp_loss":0,"event_name":"Fountain of Cleansing","floor":21,"gold_loss":0},{"damage_healed":0,"gold_gain":0,"player_choice":"Simplicity","damage_taken":0,"max_hp_gain":0,"max_hp_loss":0,"event_name":"Back to Basics","floor":22,"gold_loss":0,"cards_upgraded":["Strike_B","Strike_B","Strike_B","Defend_B","Defend_B","Defend_B","Defend_B"]}],"is_beta":false,"boss_relics":[{"not_picked":["Orrery","Astrolabe"],"picked":"Calling Bell"}],"items_purged_floors":[],"is_endless":false,"potions_floor_spawned":[11,20],"killed_by":"Slavers","ascension_level":18}