{"gold_per_floor":[116,129,129,79,79,113,113,124,124,156,168,195,235,267,279,391,403,429,454,381,410,448,460,485,497],"floor_reached":25,"playtime":1280,"items_purged":[],"score":226,"play_id":"e7ff7f70-9c14-405b-a298-e418e393e8ee","local_time":"20190417022921","is_ascension_mode":true,"campfire_choices":[{"floor":7,"key":"REST"},{"data":"Uppercut","floor":11,"key":"SMITH"},{"data":"Bash","floor":15,"key":"SMITH"},{"floor":23,"key":"REST"}],"neow_cost":"NONE","seed_source_timestamp":431328931072500,"circlet_count":0,"master_deck":["Strike_R","Strike_R","Strike_R+1","Strike_R","Defend_R+1","Defend_R","Defend_R","Defend_R","Bash+1","Armaments+1","Dual Wield+1","Uppercut+1","Shrug It Off","True Grit","Limit Break","Cleave","Demon Form+1","Pummel","Ghostly Armor+1","Sentinel","Juggernaut+1"],"relics":["Burning Blood","Frozen Egg 2","War Paint","MawBank","Pen Nib","Lizard Tail","Du-Vu Doll","Anchor"],"potions_floor_usage":[10,13,16,18,21,24],"damage_taken":[{"damage":1,"enemies":"Cultist","floor":1,"turns":4},{"damage":3,"enemies":"2 Louse","floor":2,"turns":4},{"damage":45,"enemies":"3 Sentries","floor":6,"turns":14},{"damage":0,"enemies":"Jaw Worm","floor":8,"turns":4},{"damage":0,"enemies":"Exordium Wildlife","floor":10,"turns":3},{"damage":0,"enemies":"2 Fungi Beasts","floor":12,"turns":4},{"damage":15,"enemies":"Gremlin Nob","floor":13,"turns":4},{"damage":0,"enemies":"3 Louse","floor":14,"turns":4},{"damage":52,"enemies":"Hexaghost","floor":16,"turns":13},{"damage":56,"enemies":"3 Byrds","floor":18,"turns":7},{"damage":26,"enemies":"Spheric Guardian","floor":19,"turns":6},{"damage":9,"enemies":"Centurion and Healer","floor":21,"turns":5},{"damage":24,"enemies":"Snecko","floor":24,"turns":9},{"damage":78,"enemies":"Gremlin Leader","floor":25,"turns":7}],"seed_played":"7854936019015090451","potions_obtained":[{"floor":6,"key":"BloodPotion"},{"floor":8,"key":"PowerPotion"},{"floor":12,"key":"Regen Potion"},{"floor":13,"key":"Explosive Potion"},{"floor":18,"key":"SteroidPotion"},{"floor":19,"key":"GamblersBrew"}],"is_trial":false,"path_per_floor":["M","M","?","?","?","E","R","M","T","M","R","M","E","M","R","B",null,"M","M","?","M","T","R","M","E"],"character_chosen":"IRONCLAD","items_purchased":[],"campfire_rested":2,"item_purchase_floors":[],"current_hp_per_floor":[88,88,81,81,63,24,50,56,56,62,62,68,64,70,70,32,88,38,18,18,15,15,41,23,0],"gold":497,"neow_bonus":"TEN_PERCENT_HP_BONUS","is_prod":false,"is_daily":false,"chose_seed":false,"campfire_upgraded":2,"win_rate":0,"timestamp":1555493361,"path_taken":["M","M","?","?","?","E","R","M","T","M","R","M","E","M","R","BOSS","M","M","?","M","?","R","M","E"],"build_version":"2019-01-23","purchased_purges":0,"victory":false,"max_hp_per_floor":[88,88,88,88,88,88,88,88,88,88,88,88,88,88,88,88,88,88,88,88,88,88,88,88,88],"card_choices":[{"not_picked":["True Grit","Pommel Strike"],"picked":"Armaments","floor":1},{"not_picked":["Cleave","Havoc"],"picked":"Dual Wield","floor":2},{"not_picked":["Bludgeon","Warcry"],"picked":"Uppercut","floor":6},{"not_picked":["Disarm","Thunderclap"],"picked":"Shrug It Off","floor":8},{"not_picked":["Perfected Strike","Warcry"],"picked":"True Grit","floor":10},{"not_picked":["Dual Wield","Clothesline","Havoc"],"picked":"SKIP","floor":12},{"not_picked":["Ghostly Armor","Armaments"],"picked":"Limit Break","floor":13},{"not_picked":["Thunderclap","Bloodletting"],"picked":"Cleave","floor":14},{"not_picked":["Exhume","Bludgeon"],"picked":"Demon Form+1","floor":16},{"not_picked":["Pommel Strike","Wild Strike"],"picked":"Pummel","floor":18},{"not_picked":["Sword Boomerang+1","Shrug It Off"],"picked":"Ghostly Armor+1","floor":19},{"not_picked":["Pommel Strike","Perfected Strike+1"],"picked":"Sentinel","floor":21},{"not_picked":["Body Slam","True Grit"],"picked":"Juggernaut+1","floor":24}],"player_experience":137009,"relics_obtained":[{"floor":6,"key":"War Paint"},{"floor":9,"key":"MawBank"},{"floor":13,"key":"Pen Nib"},{"floor":22,"key":"Anchor"}],"event_choices":[{"damage_healed":0,"gold_gain":0,"player_choice":"Success","damage_taken":7,"relics_obtained":["Frozen Egg 2"],"max_hp_gain":0,"max_hp_loss":0,"event_name":"Scrap Ooze","floor":3,"gold_loss":0},{"cards_removed":["Strike_R"],"damage_healed":0,"gold_gain":0,"player_choice":"Card Removal","damage_taken":0,"max_hp_gain":0,"max_hp_loss":0,"event_name":"The Cleric","floor":4,"gold_loss":50},{"damage_healed":0,"gold_gain":0,"player_choice":"Entered Light","damage_taken":18,"max_hp_gain":0,"max_hp_loss":0,"event_name":"Shining Light","floor":5,"gold_loss":0,"cards_upgraded":["Strike_R","Defend_R"]},{"damage_healed":0,"gold_gain":0,"player_choice":"Obtained Relic","damage_taken":0,"relics_obtained":["Du-Vu Doll"],"max_hp_gain":0,"max_hp_loss":0,"event_name":"Addict","floor":20,"gold_loss":85}],"is_beta":false,"boss_relics":[{"not_picked":["Velvet Choker","Runic Pyramid"],"picked":"Lizard Tail"}],"items_purged_floors":[],"is_endless":false,"potions_floor_spawned":[6,8,12,13,18,19],"killed_by":"Gremlin Leader","ascension_level":1}