{"gold_per_floor":[117,117,132,148,172,172,191,31,31,46,46,46,61,136,136,257,257,271,289,289,30,54,54,73,117,117,117,117],"floor_reached":28,"playtime":803,"items_purged":["Strike_B"],"score":232,"play_id":"9435a3e4-a32a-4530-b619-e7f284922d04","local_time":"20181205172246","is_ascension_mode":false,"campfire_choices":[{"floor":6,"key":"REST"},{"floor":11,"key":"REST"},{"floor":15,"key":"REST"},{"floor":23,"key":"REST"},{"floor":27,"key":"REST"}],"neow_cost":"NONE","seed_source_timestamp":89058872795803,"circlet_count":0,"master_deck":["Strike_B","Strike_B","Strike_B","Defend_B","Defend_B","Defend_B+1","Defend_B","Zap+1","Dualcast","Madness","Steam Power","Steam","Steam","Ball Lightning","Beam Cell","Conserve Battery","Darkness","Loop","Ball Lightning","Coolheaded","Creative AI","Gash","Cold Snap","Self Repair","Ball Lightning","Hologram","Chill+1"],"relics":["Cracked Core","Golden Idol","Regal Pillow","Nuclear Battery","MutagenicStrength","War Paint","Boot","FossilizedHelix"],"potions_floor_usage":[24,25,28],"damage_taken":[{"damage":7,"enemies":"Small Slimes","floor":1,"turns":4},{"damage":2,"enemies":"Jaw Worm","floor":3,"turns":4},{"damage":2,"enemies":"2 Louse","floor":4,"turns":2},{"damage":19,"enemies":"Large Slime","floor":5,"turns":7},{"damage":8,"enemies":"Red Slaver","floor":7,"turns":3},{"damage":0,"enemies":"2 Fungi Beasts","floor":10,"turns":4},{"damage":14,"enemies":"Lots of Slimes","floor":13,"turns":4},{"damage":47,"enemies":"The Guardian","floor":16,"turns":12},{"damage":12,"enemies":"Shell Parasite","floor":18,"turns":5},{"damage":14,"enemies":"Chosen","floor":19,"turns":5},{"damage":18,"enemies":"Snake Plant","floor":22,"turns":4},{"damage":22,"enemies":"Centurion and Healer","floor":24,"turns":8},{"damage":36,"enemies":"Book of Stabbing","floor":25,"turns":5},{"damage":68,"enemies":"Slavers","floor":28,"turns":4}],"seed_played":"3542543941428948541","potions_obtained":[{"floor":3,"key":"Weak Potion"},{"floor":4,"key":"EssenceOfSteel"},{"floor":7,"key":"SpeedPotion"},{"floor":24,"key":"Dexterity Potion"}],"is_trial":false,"path_per_floor":["M","?","M","M","M","R","M","$","T","M","R","?","M","?","R","B",null,"M","M","?","$","M","R","M","E","T","R","E"],"character_chosen":"DEFECT","items_purchased":["Conserve Battery","Darkness","Loop","Self Repair","War Paint"],"campfire_rested":5,"item_purchase_floors":[8,8,8,21,21],"current_hp_per_floor":[68,50,48,46,27,49,41,41,41,41,75,75,61,50,75,28,75,63,49,49,49,38,75,60,31,31,68,0],"gold":117,"neow_bonus":"RANDOM_COLORLESS","is_prod":false,"is_daily":false,"chose_seed":false,"campfire_upgraded":0,"win_rate":0.0,"timestamp":1544052166,"path_taken":["M","?","M","M","M","R","M","$","T","M","R","?","M","?","R","BOSS","M","M","?","$","M","R","M","E","T","R","E"],"build_version":"2018-11-15","purchased_purges":1,"victory":false,"max_hp_per_floor":[75,75,75,75,75,75,75,75,75,75,75,75,75,75,75,75,75,75,75,75,75,75,75,75,75,75,75,75],"card_choices":[{"not_picked":["Redo","Loop"],"picked":"Steam Power","floor":1},{"not_picked":["Scrape","Sweeping Beam"],"picked":"Steam","floor":3},{"not_picked":["Streamline","Darkness"],"picked":"Steam","floor":4},{"not_picked":["Lockon","Streamline"],"picked":"Ball Lightning","floor":5},{"not_picked":["Rebound","Gash"],"picked":"Beam Cell","floor":7},{"not_picked":["Leap","Streamline"],"picked":"Ball Lightning","floor":10},{"not_picked":["Gash","Static Discharge"],"picked":"Coolheaded","floor":13},{"not_picked":["Thunder Strike","Rainbow"],"picked":"Creative AI","floor":16},{"not_picked":["Compile Driver","Barrage"],"picked":"Gash","floor":18},{"not_picked":["Beam Cell","Core Surge"],"picked":"Cold Snap","floor":19},{"not_picked":["Barrage","Hello World"],"picked":"Ball Lightning","floor":22},{"not_picked":["Double Energy","Rebound"],"picked":"Hologram","floor":24},{"not_picked":["Compile Driver+1","Steam"],"picked":"Chill+1","floor":25}],"player_experience":105449,"relics_obtained":[{"floor":9,"key":"Regal Pillow"},{"floor":25,"key":"Boot"},{"floor":26,"key":"FossilizedHelix"}],"event_choices":[{"damage_healed":0,"gold_gain":0,"player_choice":"Take Damage","damage_taken":18,"relics_obtained":["Golden Idol"],"max_hp_gain":0,"max_hp_loss":0,"event_name":"Golden Idol","floor":2,"gold_loss":0},{"damage_healed":0,"gold_gain":0,"player_choice":"Leave","damage_taken":0,"max_hp_gain":0,"max_hp_loss":0,"event_name":"The Cleric","floor":12,"gold_loss":0},{"damage_healed":0,"gold_gain":75,"player_choice":"Gather Gold","damage_taken":11,"max_hp_gain":0,"max_hp_loss":0,"event_name":"World of Goop","floor":14,"gold_loss":0},{"damage_healed":0,"gold_gain":0,"player_choice":"Inject Mutagens","damage_taken":0,"relics_obtained":["MutagenicStrength"],"max_hp_gain":0,"max_hp_loss":0,"event_name":"Drug Dealer","floor":20,"gold_loss":0}],"is_beta":false,"boss_relics":[{"not_picked":["Ectoplasm","White Beast Statue"],"picked":"Nuclear Battery"}],"items_purged_floors":[21],"is_endless":false,"potions_floor_spawned":[3,4,7,16,18,22,24],"killed_by":"Slavers","ascension_level":0}