{"gold_per_floor":[113,126,76,76,76,76,76,109,109,142,157,232,250,266,266,266],"floor_reached":16,"playtime":417,"items_purged":[],"score":135,"play_id":"5fd839dc-f679-4705-9246-af69cf9088d2","local_time":"20190410010409","is_ascension_mode":false,"campfire_choices":[{"data":"Zap","floor":6,"key":"SMITH"},{"data":"Fusion","floor":15,"key":"SMITH"}],"neow_cost":"NONE","seed_source_timestamp":251577413889165,"circlet_count":0,"master_deck":["Strike_B","Strike_B","Strike_B","Defend_B","Defend_B","Defend_B","Defend_B","Zap+1","Fusion+1","BootSequence"],"relics":["Cracked Core","NeowsBlessing","Potion Belt","Bottled Lightning","Juzu Bracelet"],"potions_floor_usage":[10,16],"damage_taken":[{"damage":0,"enemies":"Jaw Worm","floor":1,"turns":1},{"damage":0,"enemies":"2 Louse","floor":2,"turns":1},{"damage":0,"enemies":"3 Sentries","floor":8,"turns":1},{"damage":9,"enemies":"Lagavulin","floor":10,"turns":8},{"damage":8,"enemies":"Small Slimes","floor":11,"turns":3},{"damage":12,"enemies":"3 Louse","floor":13,"turns":5},{"damage":0,"enemies":"Red Slaver","floor":14,"turns":4},{"damage":29,"enemies":"Hexaghost","floor":16,"turns":9}],"seed_played":"3008038975369229013","potions_obtained":[{"floor":8,"key":"SkillPotion"},{"floor":11,"key":"AttackPotion"},{"floor":14,"key":"Ancient Potion"}],"is_trial":false,"path_per_floor":["M","M","?","?","$","R","$","E","T","E","M","?","M","M","R","B"],"character_chosen":"DEFECT","items_purchased":[],"campfire_rested":0,"item_purchase_floors":[],"current_hp_per_floor":[75,75,75,68,68,68,68,68,68,59,51,40,28,28,28,0],"gold":266,"neow_bonus":"THREE_ENEMY_KILL","is_prod":false,"is_daily":false,"chose_seed":false,"campfire_upgraded":2,"win_rate":0,"timestamp":1554883449,"path_taken":["M","M","?","?","$","R","$","E","T","E","M","?","M","M","R","BOSS"],"build_version":"2019-01-23","purchased_purges":0,"victory":false,"max_hp_per_floor":[75,75,75,75,75,75,75,75,75,75,75,75,75,75,75,75],"card_choices":[{"not_picked":["Compile Driver","Redo","Heatsinks"],"picked":"SKIP","floor":1},{"not_picked":["Cold Snap","Steam","Chill"],"picked":"SKIP","floor":2},{"not_picked":["Chaos","Compile Driver","Ball Lightning"],"picked":"SKIP","floor":8},{"not_picked":["Conserve Battery","Steam"],"picked":"Fusion","floor":10},{"not_picked":["Doom and Gloom","Rip and Tear","Lockon"],"picked":"SKIP","floor":11},{"not_picked":["Turbo","Scrape"],"picked":"BootSequence","floor":13},{"not_picked":["Static Discharge","Barrage","Go for the Eyes"],"picked":"SKIP","floor":14}],"player_experience":542270,"relics_obtained":[{"floor":8,"key":"Potion Belt"},{"floor":9,"key":"Bottled Lightning"},{"floor":10,"key":"Juzu Bracelet"}],"event_choices":[{"cards_removed":["Dualcast"],"damage_healed":0,"gold_gain":0,"player_choice":"Card Removal","damage_taken":0,"max_hp_gain":0,"max_hp_loss":0,"event_name":"The Cleric","floor":3,"gold_loss":50},{"cards_removed":["Strike_B"],"damage_healed":0,"gold_gain":0,"player_choice":"Card Removal","damage_taken":7,"max_hp_gain":0,"max_hp_loss":0,"event_name":"Golden Wing","floor":4,"gold_loss":0},{"damage_healed":0,"gold_gain":75,"player_choice":"Gather Gold","damage_taken":11,"max_hp_gain":0,"max_hp_loss":0,"event_name":"World of Goop","floor":12,"gold_loss":0}],"is_beta":false,"boss_relics":[],"items_purged_floors":[],"is_endless":false,"potions_floor_spawned":[8,11,14],"killed_by":"Hexaghost","ascension_level":0}