{"gold_per_floor":[111,131,142,156,156,186,255,255,255,255,288,298,298,336,336,336],"floor_reached":16,"playtime":697,"items_purged":[],"score":240,"play_id":"e7c20e47-a121-4c67-800c-13026310e379","local_time":"20190406191101","is_ascension_mode":true,"campfire_choices":[{"data":"Zap","floor":8.0,"key":"SMITH"},{"floor":10.0,"key":"REST"},{"floor":15,"key":"REST"}],"neow_cost":"NONE","seed_source_timestamp":0,"circlet_count":0,"master_deck":["AscendersBane","Strike_B","Strike_B","Strike_B","Strike_B","Defend_B","Defend_B","Defend_B","Defend_B","Zap+1","Dualcast","BootSequence","Melter","Go for the Eyes","Heatsinks","Consume","Chill","Reinforced Body","Conserve Battery"],"special_seed":0,"relics":["Cracked Core","Juzu Bracelet","Cables","Ginger","Shuriken","Bottled Lightning","Golden Idol","Dream Catcher"],"potions_floor_usage":[12,14,14,16],"damage_taken":[{"damage":1.0,"enemies":"Cultist","floor":1.0,"turns":3.0},{"damage":2.0,"enemies":"Jaw Worm","floor":2.0,"turns":4.0},{"damage":4.0,"enemies":"Small Slimes","floor":3.0,"turns":3.0},{"damage":10.0,"enemies":"2 Fungi Beasts","floor":4.0,"turns":3.0},{"damage":26.0,"enemies":"Gremlin Nob","floor":6.0,"turns":4.0},{"damage":10,"enemies":"Lagavulin","floor":11,"turns":7},{"damage":0,"enemies":"Exordium Thugs","floor":12,"turns":6},{"damage":26,"enemies":"Gremlin Nob","floor":14,"turns":4},{"damage":26,"enemies":"Slime Boss","floor":16,"turns":6}],"seed_played":"7939979806690553088","potions_obtained":[{"floor":2.0,"key":"SkillPotion"},{"floor":11,"key":"GamblersBrew"},{"floor":12,"key":"Poison Potion"},{"floor":14,"key":"Strength Potion"}],"is_trial":false,"path_per_floor":["M","M","M","M","T","E","?","R","T","R","E","M","?","E","R","B"],"character_chosen":"DEFECT","items_purchased":[],"campfire_rested":2,"item_purchase_floors":[],"current_hp_per_floor":[63,61,57,47,47,21,21,21,21,42,32,32,32,6,25,0],"gold":336,"neow_bonus":"RANDOM_COMMON_RELIC","is_prod":false,"is_daily":false,"chose_seed":false,"campfire_upgraded":1,"win_rate":0,"timestamp":1554545461,"path_taken":["M","M","M","M","?","E","?","R","T","R","E","M","?","E","R","BOSS"],"build_version":"2019-01-23","purchased_purges":0,"victory":false,"max_hp_per_floor":[71,71,71,71,71,71,71,71,71,71,71,71,64,64,64,64],"card_choices":[{"not_picked":["Redo","Compile Driver"],"picked":"BootSequence","floor":1.0},{"not_picked":["Steam Power","Gash"],"picked":"Melter","floor":2.0},{"not_picked":["Melter","Sweeping Beam"],"picked":"Go for the Eyes","floor":3.0},{"not_picked":["BootSequence","Sweeping Beam"],"picked":"Heatsinks","floor":4.0},{"not_picked":["Turbo","Hologram"],"picked":"Consume","floor":6.0},{"not_picked":["Compile Driver","Lockon"],"picked":"Chill","floor":11},{"not_picked":["Steam Power","Heatsinks","Steam"],"picked":"SKIP","floor":12},{"not_picked":["Double Energy","Compile Driver"],"picked":"Reinforced Body","floor":14},{"not_picked":["Scrape","Leap"],"picked":"Conserve Battery","floor":15}],"player_experience":494296,"relics_obtained":[{"floor":5.0,"key":"Cables"},{"floor":6.0,"key":"Ginger"},{"floor":9.0,"key":"Shuriken"},{"floor":11,"key":"Bottled Lightning"},{"floor":14,"key":"Dream Catcher"}],"event_choices":[{"damage_healed":0.0,"max_hp_gain":0.0,"max_hp_loss":0.0,"gold_gain":69.0,"event_name":"Golden Wing","player_choice":"Gained Gold","floor":7.0,"gold_loss":0.0,"damage_taken":0.0},{"damage_healed":0,"gold_gain":0,"player_choice":"Lose Max HP","damage_taken":0,"relics_obtained":["Golden Idol"],"max_hp_gain":0,"max_hp_loss":7,"event_name":"Golden Idol","floor":13,"gold_loss":0}],"is_beta":false,"boss_relics":[],"items_purged_floors":[],"is_endless":false,"potions_floor_spawned":[2,11,12,14],"killed_by":"Slime Boss","ascension_level":20}