{"gold_per_floor":[110,260,97,97,116,147,159,187,213,213,245,245,270,270,270,270],"floor_reached":16,"playtime":595,"items_purged":["Doubt"],"score":302,"play_id":"968d436f-7fb0-46c5-a234-2f555daeb10c","local_time":"20190406172724","is_ascension_mode":true,"campfire_choices":[{"floor":10,"key":"REST"},{"floor":12,"key":"REST"},{"floor":15,"key":"REST"}],"neow_cost":"NONE","seed_source_timestamp":155682813405698,"circlet_count":0,"master_deck":["AscendersBane","Strike_B","Strike_B","Strike_B","Strike_B","Defend_B","Defend_B","Defend_B","Defend_B","Zap","Ball Lightning","Capacitor","Capacitor","BootSequence","Barrage","Loop","Storm"],"relics":["Cracked Core","NeowsBlessing","Omamori","Centennial Puzzle","Regal Pillow","Peace Pipe","Bottled Tornado","Molten Egg 2"],"potions_floor_usage":[8,13],"damage_taken":[{"damage":0,"enemies":"Small Slimes","floor":1,"turns":1},{"damage":0,"enemies":"2 Louse","floor":5,"turns":1},{"damage":0,"enemies":"Gremlin Nob","floor":6,"turns":1},{"damage":1,"enemies":"Cultist","floor":7,"turns":3},{"damage":35,"enemies":"3 Sentries","floor":8,"turns":8},{"damage":35,"enemies":"Lagavulin","floor":11,"turns":8},{"damage":41,"enemies":"Gremlin Nob","floor":13,"turns":5},{"damage":58,"enemies":"The Guardian","floor":16,"turns":9}],"seed_played":"667120559028714032","potions_obtained":[{"floor":1,"key":"GamblersBrew"},{"floor":11,"key":"EssenceOfSteel"},{"floor":13,"key":"AttackPotion"}],"is_trial":false,"path_per_floor":["M","?","$","?","M","E","M","E","T","R","E","R","E","?","R","B"],"character_chosen":"DEFECT","items_purchased":["Capacitor"],"campfire_rested":3,"item_purchase_floors":[3],"current_hp_per_floor":[64,64,64,57,57,57,56,21,21,57,22,58,17,17,53,0],"gold":270,"neow_bonus":"THREE_ENEMY_KILL","is_prod":false,"is_daily":false,"chose_seed":false,"campfire_upgraded":0,"win_rate":0,"timestamp":1554539244,"path_taken":["M","?","$","?","M","E","M","E","T","R","E","R","E","?","R","BOSS"],"build_version":"2019-01-23","purchased_purges":1,"victory":false,"max_hp_per_floor":[71,71,71,71,71,71,71,71,71,71,71,71,71,71,71,71],"card_choices":[{"not_picked":["Scrape","Sweeping Beam"],"picked":"Ball Lightning","floor":1},{"not_picked":["Double Energy","Sweeping Beam"],"picked":"Capacitor","floor":5},{"not_picked":["Lockon","Skim","Meteor Strike"],"picked":"SKIP","floor":6},{"not_picked":["Chaos","Rebound"],"picked":"BootSequence","floor":7},{"not_picked":["Steam","Redo"],"picked":"Barrage","floor":8},{"not_picked":["Capacitor","Conserve Battery"],"picked":"Loop","floor":11},{"not_picked":["Sunder","Rebound"],"picked":"Storm","floor":13}],"player_experience":491959,"relics_obtained":[{"floor":6,"key":"Omamori"},{"floor":8,"key":"Centennial Puzzle"},{"floor":9,"key":"Regal Pillow"},{"floor":11,"key":"Peace Pipe"},{"floor":13,"key":"Bottled Tornado"}],"event_choices":[{"damage_healed":0,"gold_gain":150,"player_choice":"AGREE","damage_taken":0,"max_hp_gain":0,"max_hp_loss":0,"event_name":"Liars Game","floor":2,"gold_loss":0,"cards_obtained":["Doubt"]},{"cards_removed":["Dualcast"],"damage_healed":0,"gold_gain":0,"player_choice":"Card Removal","damage_taken":7,"max_hp_gain":0,"max_hp_loss":0,"event_name":"Golden Wing","floor":4,"gold_loss":0},{"damage_healed":0,"gold_gain":0,"player_choice":"Gave Potion","damage_taken":0,"relics_obtained":["Molten Egg 2"],"max_hp_gain":0,"max_hp_loss":0,"event_name":"WeMeetAgain","floor":14,"gold_loss":0}],"is_beta":false,"boss_relics":[],"items_purged_floors":[3],"is_endless":false,"potions_floor_spawned":[1,11,13],"killed_by":"The Guardian","ascension_level":20}