{"gold_per_floor":[218,218,232,250,270,270,270,270,270,282,282,295,308,327,327,430,430,450,450,81,98,98,98,130,130,130,149,149,149,168,187,187,187],"floor_reached":33,"playtime":853,"items_purged":["Strike_B"],"score":261,"play_id":"f6b087c9-aa4b-42e2-aabc-b29e763cc401","local_time":"20181202004937","is_ascension_mode":false,"campfire_choices":[{"data":"Zap","floor":6,"key":"SMITH"},{"floor":11,"key":"REST"},{"floor":15,"key":"REST"},{"data":"Beam Cell","floor":23,"key":"SMITH"},{"floor":25,"key":"REST"},{"floor":29,"key":"REST"},{"floor":32,"key":"REST"}],"neow_cost":"NONE","seed_source_timestamp":1297956153000718,"circlet_count":0,"master_deck":["Strike_B","Strike_B","Defend_B","Defend_B","Defend_B","Defend_B","Zap+1","Dualcast","Steam","Ball Lightning+1","Ball Lightning","Beam Cell+1","Hologram","Streamline","Auto Shields","Biased Cognition","Biased Cognition","Steam","Conserve Battery+1","Consume","Capacitor","Auto Shields","Leap"],"relics":["Cracked Core","Darkstone Periapt","Gremlin Horn","Inserter","Bird Faced Urn","MutagenicStrength","PreservedInsect","Kunai"],"potions_floor_usage":[27,30,31],"damage_taken":[{"damage":13,"enemies":"2 Louse","floor":1,"turns":2},{"damage":0,"enemies":"Cultist","floor":3,"turns":3},{"damage":6,"enemies":"Jaw Worm","floor":4,"turns":2},{"damage":7,"enemies":"Blue Slaver","floor":5,"turns":3},{"damage":3,"enemies":"Red Slaver","floor":10,"turns":3},{"damage":8,"enemies":"2 Fungi Beasts","floor":12,"turns":3},{"damage":0,"enemies":"Looter","floor":13,"turns":3},{"damage":2,"enemies":"Blue Slaver","floor":14,"turns":3},{"damage":24,"enemies":"Slime Boss","floor":16,"turns":7},{"damage":21,"enemies":"2 Thieves","floor":18,"turns":4},{"damage":8,"enemies":"3 Byrds","floor":21,"turns":3},{"damage":35,"enemies":"Slavers","floor":24,"turns":5},{"damage":34,"enemies":"Sentry and Sphere","floor":27,"turns":4},{"damage":70,"enemies":"3 Cultists","floor":30,"turns":6},{"damage":5,"enemies":"Centurion and Healer","floor":31,"turns":7},{"damage":40,"enemies":"Automaton","floor":33,"turns":6}],"seed_played":"4249320124280653149","potions_obtained":[{"floor":3,"key":"FearPotion"},{"floor":10,"key":"FairyPotion"},{"floor":13,"key":"Ancient Potion"},{"floor":21,"key":"Block Potion"},{"floor":27,"key":"Strength Potion"}],"is_trial":false,"path_per_floor":["M","?","M","M","M","R","?","?","T","M","R","M","M","M","R","B",null,"M","?","$","M","?","R","E","R","T","M","?","R","M","M","R","B"],"character_chosen":"DEFECT","items_purchased":["Bird Faced Urn"],"campfire_rested":5,"item_purchase_floors":[20],"current_hp_per_floor":[62,62,62,56,49,49,31,31,31,28,50,42,42,40,62,38,75,54,54,54,50,50,50,19,41,41,11,36,58,7,8,30,0],"gold":187,"neow_bonus":"HUNDRED_GOLD","is_prod":false,"is_daily":false,"chose_seed":false,"campfire_upgraded":2,"win_rate":0.0,"timestamp":1543733377,"path_taken":["M","?","?","M","M","R","?","?","T","M","R","M","?","M","R","BOSS","M","?","$","M","?","R","E","R","T","M","?","R","M","M","R","BOSS"],"build_version":"2018-11-15","purchased_purges":1,"victory":false,"max_hp_per_floor":[75,75,75,75,75,75,75,75,75,75,75,75,75,75,75,75,75,75,75,75,75,75,75,75,75,75,75,75,75,75,75,75,75],"card_choices":[{"not_picked":["Compile Driver","Turbo"],"picked":"Steam","floor":1},{"not_picked":["Sweeping Beam","Melter"],"picked":"Ball Lightning","floor":3},{"not_picked":["Blizzard","Gash"],"picked":"Ball Lightning","floor":4},{"not_picked":["Chaos","Storm"],"picked":"Beam Cell","floor":5},{"not_picked":["Barrage","Beam Cell"],"picked":"Hologram","floor":10},{"not_picked":["Coolheaded","Redo"],"picked":"Streamline","floor":12},{"not_picked":["Rebound","Sunder"],"picked":"Auto Shields","floor":13},{"not_picked":["Compile Driver","Reinforced Body"],"picked":"Biased Cognition","floor":14},{"not_picked":["Core Surge","Seek"],"picked":"Biased Cognition","floor":16},{"not_picked":["Double Energy","Hello World"],"picked":"Steam","floor":18},{"not_picked":["Stack","Streamline+1"],"picked":"Conserve Battery+1","floor":21},{"not_picked":["Hologram","Rebound+1"],"picked":"Consume","floor":24},{"not_picked":["Loop","Compile Driver+1"],"picked":"Capacitor","floor":27},{"not_picked":["Compile Driver","Sweeping Beam"],"picked":"Auto Shields","floor":30},{"not_picked":["Hologram","FTL"],"picked":"Leap","floor":31}],"player_experience":101210,"relics_obtained":[{"floor":9,"key":"Gremlin Horn"},{"floor":24,"key":"PreservedInsect"},{"floor":26,"key":"Kunai"}],"event_choices":[{"cards_removed":["Strike_B"],"damage_healed":0,"gold_gain":0,"player_choice":"Offered Basic","damage_taken":0,"max_hp_gain":0,"max_hp_loss":0,"event_name":"Bonfire Elementals","floor":2,"gold_loss":0},{"damage_healed":0,"gold_gain":0,"player_choice":"Success","damage_taken":18,"relics_obtained":["Darkstone Periapt"],"max_hp_gain":0,"max_hp_loss":0,"event_name":"Scrap Ooze","floor":7,"gold_loss":0},{"damage_healed":0,"gold_gain":0,"player_choice":"Upgraded","damage_taken":0,"max_hp_gain":0,"max_hp_loss":0,"event_name":"Upgrade Shrine","floor":8,"gold_loss":0,"cards_upgraded":["Ball Lightning"]},{"damage_healed":0,"gold_gain":0,"player_choice":"Ignored","damage_taken":0,"max_hp_gain":0,"max_hp_loss":0,"event_name":"The Mausoleum","floor":19,"gold_loss":0},{"damage_healed":0,"gold_gain":0,"player_choice":"Inject Mutagens","damage_taken":0,"relics_obtained":["MutagenicStrength"],"max_hp_gain":0,"max_hp_loss":0,"event_name":"Drug Dealer","floor":22,"gold_loss":0},{"damage_healed":25,"gold_gain":0,"player_choice":"Heal","damage_taken":0,"max_hp_gain":0,"max_hp_loss":0,"event_name":"The Library","floor":28,"gold_loss":0}],"is_beta":false,"boss_relics":[{"not_picked":["Eternal Feather","Empty Cage"],"picked":"Inserter"}],"items_purged_floors":[20],"is_endless":false,"potions_floor_spawned":[3,10,13,21,27],"killed_by":"Automaton","ascension_level":0}