{"gold_per_floor":[210,263,280,85,85,96,126,201,227,227,262,262,292,312,312,412,412,430,355,371,286,297,328,328,130,130,143,110,137,147,147,147,246,246,257,257,109,109,124,156,9,9,34,34,54,89,106,137,137,137],"floor_reached":51,"playtime":2259,"items_purged":[],"score":841,"play_id":"61a91731-c290-4ed1-be3b-b417472b247e","local_time":"20190416233752","is_ascension_mode":false,"campfire_choices":[{"data":"Uppercut","floor":10.0,"key":"SMITH"},{"data":"Armaments","floor":12.0,"key":"SMITH"},{"data":"Armaments","floor":15.0,"key":"SMITH"},{"data":"Bash","floor":24.0,"key":"SMITH"},{"data":"Bludgeon","floor":32.0,"key":"SMITH"},{"data":"Juggernaut","floor":42.0,"key":"SMITH"},{"data":"Disarm","floor":44.0,"key":"SMITH"},{"data":"Clothesline","floor":49,"key":"SMITH"}],"neow_cost":"NONE","seed_source_timestamp":390328885531300,"circlet_count":0,"master_deck":["Strike_R","Strike_R","Strike_R","Strike_R","Defend_R","Defend_R","Defend_R","Bash+1","Thunderclap","Uppercut+1","Immolate","Power Through","True Grit","Armaments+1","Clothesline+1","Armaments+1","Immolate","Immolate","Pommel Strike","Shrug It Off","Iron Wave+1","Disarm+1","Bludgeon+1","Headbutt","RitualDagger","Juggernaut+1","Madness","Madness","Clothesline+1","Dual Wield+1","Corruption","Battle Trance+1","Iron Wave+1"],"special_seed":0,"relics":["Burning Blood","Boot","WingedGreaves","Juzu Bracelet","Pear","Strawberry","Coffee Dripper","Pen Nib","Regal Pillow","Oddly Smooth Stone","Singing Bowl","Letter Opener","Snecko Eye","Red Skull","Ancient Tea Set","Orichalcum","Potion Belt","Paper Frog","Smiling Mask"],"potions_floor_usage":[50,50],"damage_taken":[{"damage":5.0,"enemies":"Cultist","floor":1.0,"turns":4.0},{"damage":6.0,"enemies":"Jaw Worm","floor":3.0,"turns":3.0},{"damage":0.0,"enemies":"Small Slimes","floor":6.0,"turns":1.0},{"damage":24.0,"enemies":"3 Sentries","floor":7.0,"turns":6.0},{"damage":24.0,"enemies":"Lagavulin","floor":11.0,"turns":6.0},{"damage":13.0,"enemies":"3 Sentries","floor":13.0,"turns":6.0},{"damage":2.0,"enemies":"Looter","floor":14.0,"turns":2.0},{"damage":40.0,"enemies":"Hexaghost","floor":16.0,"turns":13.0},{"damage":4.0,"enemies":"2 Thieves","floor":18.0,"turns":3.0},{"damage":0.0,"enemies":"Chosen","floor":20.0,"turns":3.0},{"damage":9.0,"enemies":"Snake Plant","floor":22.0,"turns":3.0},{"damage":7.0,"enemies":"Gremlin Leader","floor":23.0,"turns":4.0},{"damage":0.0,"enemies":"3 Cultists","floor":27.0,"turns":3.0},{"damage":1.0,"enemies":"Slavers","floor":29.0,"turns":4.0},{"damage":13.0,"enemies":"Sentry and Sphere","floor":30.0,"turns":3.0},{"damage":36.0,"enemies":"Collector","floor":33.0,"turns":11.0},{"damage":3.0,"enemies":"3 Shapes","floor":35.0,"turns":4.0},{"damage":0.0,"enemies":"Orb Walker","floor":39.0,"turns":2.0},{"damage":2.0,"enemies":"Giant Head","floor":40.0,"turns":5.0},{"damage":0.0,"enemies":"Spire Growth","floor":45.0,"turns":3.0},{"damage":1.0,"enemies":"Reptomancer","floor":46.0,"turns":2.0},{"damage":0.0,"enemies":"Transient","floor":47.0,"turns":5.0},{"damage":2.0,"enemies":"Giant Head","floor":48.0,"turns":5.0},{"damage":14,"enemies":"Donu and Deca","floor":50,"turns":4}],"seed_played":"-5128316938799634174","potions_obtained":[{"floor":6.0,"key":"PowerPotion"},{"floor":11.0,"key":"BloodPotion"},{"floor":14.0,"key":"Energy Potion"},{"floor":18.0,"key":"Explosive Potion"},{"floor":30.0,"key":"Block Potion"},{"floor":39.0,"key":"SkillPotion"},{"floor":46.0,"key":"LiquidBronze"}],"is_trial":false,"path_per_floor":["M","T","M","$","?","M","E","?","T","R","E","R","E","M","R","B",null,"M","?","M","?","M","E","R","$","T","M","$","E","M","?","R","B",null,"M","?","$","?","M","E","$","R","T","R","M","E","M","E","R","B",null],"character_chosen":"IRONCLAD","items_purchased":["Immolate","Block Potion","Oddly Smooth Stone","SteroidPotion","Disarm","Red Skull","Orichalcum"],"campfire_rested":0,"item_purchase_floors":[4,4,25,25,28,37,41],"current_hp_per_floor":[80,80,80,80,80,80,62,51,51,51,43,43,43,47,47,13,97,97,97,97,97,94,93,93,93,93,97,97,97,90,84,84,54,97,99,87,87,87,95,99,99,99,99,99,101,101,101,101,101,93],"gold":137,"neow_bonus":"HUNDRED_GOLD","is_prod":false,"is_daily":false,"chose_seed":false,"campfire_upgraded":8,"win_rate":1,"timestamp":1555483072,"path_taken":["M","?","M","$","?","M","E","?","T","R","E","R","E","M","R","BOSS","M","?","M","?","M","E","R","$","T","M","$","E","M","?","R","BOSS","M","?","$","?","M","E","$","R","T","R","M","E","M","E","R","BOSS"],"build_version":"2019-01-23","purchased_purges":0,"victory":true,"max_hp_per_floor":[80,80,80,80,80,80,80,80,80,80,90,90,97,97,97,97,97,97,97,97,97,97,97,97,97,97,97,97,97,97,97,97,97,97,99,99,99,99,101,101,101,101,101,101,101,101,101,101,101,101],"card_choices":[{"not_picked":["Sword Boomerang","Entrench"],"picked":"Thunderclap","floor":1.0},{"not_picked":["Wild Strike","Sentinel"],"picked":"Uppercut","floor":3.0},{"not_picked":["Heavy Blade","Clash"],"picked":"Power Through","floor":6.0},{"not_picked":["Exhume","Intimidate"],"picked":"True Grit","floor":7.0},{"not_picked":["Fire Breathing","Sword Boomerang"],"picked":"Armaments","floor":11.0},{"not_picked":["Thunderclap","Second Wind"],"picked":"Clothesline","floor":13.0},{"not_picked":["Feel No Pain","Twin Strike"],"picked":"Armaments","floor":14.0},{"not_picked":["Offering","Reaper"],"picked":"Immolate","floor":16.0},{"not_picked":["Clothesline","Thunderclap","Hemokinesis"],"picked":"SKIP","floor":18.0},{"not_picked":["Sword Boomerang","Sever Soul+1"],"picked":"Immolate","floor":20.0},{"not_picked":["Blood for Blood+1","Armaments"],"picked":"Pommel Strike","floor":22.0},{"not_picked":["Hemokinesis","Heavy Blade"],"picked":"Shrug It Off","floor":23.0},{"not_picked":["Perfected Strike+1","Cleave"],"picked":"Iron Wave+1","floor":27.0},{"not_picked":["Perfected Strike+1","Power Through"],"picked":"Bludgeon","floor":29.0},{"not_picked":["Wild Strike+1","Hemokinesis+1"],"picked":"Headbutt","floor":30.0},{"not_picked":["Dark Embrace","Barricade"],"picked":"Juggernaut","floor":33.0},{"not_picked":["Sword Boomerang+1","Cleave+1","Bloodletting"],"picked":"Singing Bowl","floor":35.0},{"not_picked":["Sword Boomerang","Infernal Blade+1","Carnage"],"picked":"Singing Bowl","floor":39.0},{"not_picked":["Iron Wave","Heavy Blade+1"],"picked":"Clothesline+1","floor":40.0},{"not_picked":["Disarm+1","Clash"],"picked":"Dual Wield+1","floor":45.0},{"not_picked":["Burning Pact+1","Barricade"],"picked":"Corruption","floor":46.0},{"not_picked":["Clothesline","Sever Soul+1"],"picked":"Battle Trance+1","floor":47.0},{"not_picked":["Body Slam","Clothesline"],"picked":"Iron Wave+1","floor":48.0}],"player_experience":407414,"relics_obtained":[{"floor":2.0,"key":"Boot"},{"floor":7.0,"key":"WingedGreaves"},{"floor":9.0,"key":"Juzu Bracelet"},{"floor":11.0,"key":"Pear"},{"floor":13.0,"key":"Strawberry"},{"floor":23.0,"key":"Regal Pillow"},{"floor":26.0,"key":"Singing Bowl"},{"floor":29.0,"key":"Letter Opener"},{"floor":40.0,"key":"Ancient Tea Set"},{"floor":43.0,"key":"Potion Belt"},{"floor":46.0,"key":"Paper Frog"},{"floor":48.0,"key":"Smiling Mask"}],"event_choices":[{"damage_healed":0.0,"max_hp_gain":0.0,"max_hp_loss":0.0,"gold_gain":0.0,"event_name":"Liars Game","player_choice":"Ignored","floor":5.0,"gold_loss":0.0,"damage_taken":0.0},{"damage_healed":0.0,"max_hp_gain":0.0,"max_hp_loss":0.0,"gold_gain":75.0,"event_name":"World of Goop","player_choice":"Gather Gold","floor":8.0,"gold_loss":0.0,"damage_taken":11.0},{"cards_removed":["Strike_R"],"damage_healed":0.0,"max_hp_gain":0.0,"max_hp_loss":0.0,"gold_gain":0.0,"event_name":"Beggar","player_choice":"Gave Gold","floor":19.0,"gold_loss":75.0,"damage_taken":0.0},{"damage_healed":0.0,"max_hp_gain":0.0,"max_hp_loss":0.0,"gold_gain":0.0,"event_name":"Addict","player_choice":"Obtained Relic","floor":21.0,"gold_loss":85.0,"damage_taken":0.0,"relics_obtained":["Pen Nib"]},{"damage_healed":0.0,"max_hp_gain":0.0,"max_hp_loss":0.0,"gold_gain":0.0,"event_name":"Nest","player_choice":"Joined the Cult","floor":31.0,"gold_loss":0.0,"damage_taken":6.0,"cards_obtained":["RitualDagger"]},{"damage_healed":0.0,"max_hp_gain":0.0,"max_hp_loss":0.0,"gold_gain":0.0,"event_name":"Winding Halls","player_choice":"Embrace Madness","floor":36.0,"gold_loss":0.0,"damage_taken":12.0,"cards_obtained":["Madness","Madness"]},{"cards_removed":["Defend_R"],"damage_healed":0.0,"max_hp_gain":0.0,"max_hp_loss":0.0,"gold_gain":0.0,"event_name":"Falling","player_choice":"Removed Skill","floor":38.0,"gold_loss":0.0,"damage_taken":0.0}],"is_beta":false,"boss_relics":[{"not_picked":["Astrolabe","Sozu"],"picked":"Coffee Dripper"},{"not_picked":["Black Blood","Orrery"],"picked":"Snecko Eye"}],"items_purged_floors":[],"is_endless":false,"potions_floor_spawned":[6,11,14,16,18,20,22,30,39,46],"ascension_level":0}