{"gold_per_floor":[114,189,189,202,99,132,145,156,181,146,146,146,71,97,97,170,170,180,93,93,93,113,113,141,141,167,80,80,80],"floor_reached":29,"playtime":1202,"items_purged":["Regret"],"score":573,"play_id":"ee1e2878-cbe1-41ba-a6a9-19ea0f070f8a","local_time":"20190406161513","is_ascension_mode":true,"campfire_choices":[{"data":"Zap","floor":12,"key":"SMITH"},{"data":"Capacitor","floor":15,"key":"SMITH"},{"data":"Defragment","floor":23,"key":"SMITH"},{"floor":25,"key":"REST"}],"neow_cost":"NONE","seed_source_timestamp":164914746123173,"circlet_count":0,"master_deck":["AscendersBane","Strike_B","Strike_B","Strike_B","Strike_B","Defend_B","Defend_B","Defend_B+1","Defend_B","Zap+1","Dualcast","Go for the Eyes","Conserve Battery+1","Storm","Reinforced Body","Hologram","Capacitor+1","Storm","Creative AI","Doom and Gloom+1","Storm","Defragment+1","Fusion","Undo","Storm"],"relics":["Cracked Core","NeowsBlessing","PreservedInsect","Centennial Puzzle","Oddly Smooth Stone","Lantern","Snecko Eye","War Paint","Ancient Tea Set","Happy Flower"],"potions_floor_usage":[14,16,16,22,24,28],"damage_taken":[{"damage":0,"enemies":"Small Slimes","floor":1,"turns":1},{"damage":0,"enemies":"2 Louse","floor":4,"turns":1},{"damage":0,"enemies":"3 Sentries","floor":6,"turns":1},{"damage":1,"enemies":"Cultist","floor":7,"turns":3},{"damage":2,"enemies":"Looter","floor":8,"turns":3},{"damage":26,"enemies":"Gremlin Nob","floor":14,"turns":4},{"damage":26,"enemies":"Slime Boss","floor":16,"turns":6},{"damage":20,"enemies":"Spheric Guardian","floor":18,"turns":7},{"damage":5,"enemies":"Shell Parasite","floor":22,"turns":4},{"damage":16,"enemies":"Gremlin Leader","floor":24,"turns":5},{"damage":0,"enemies":"Snake Plant","floor":28,"turns":2},{"damage":47,"enemies":"Slavers","floor":29,"turns":3}],"seed_played":"-227950741068862387","potions_obtained":[{"floor":1,"key":"Dexterity Potion"},{"floor":4,"key":"LiquidBronze"},{"floor":14,"key":"AttackPotion"},{"floor":16,"key":"SmokeBomb"},{"floor":18,"key":"Weak Potion"},{"floor":22,"key":"Swift Potion"}],"is_trial":false,"path_per_floor":["M","?","?","M","$","E","M","M","T","?","?","R","$","E","R","B",null,"M","$","T","?","M","R","E","R","T","$","M","E"],"character_chosen":"DEFECT","items_purchased":["Conserve Battery","Capacitor","Storm","Storm"],"campfire_rested":1,"item_purchase_floors":[5,13,19,27],"current_hp_per_floor":[64,53,53,53,53,53,52,50,50,67,63,63,63,37,37,11,56,36,36,36,36,31,31,15,36,36,36,36,0],"gold":80,"neow_bonus":"THREE_ENEMY_KILL","is_prod":false,"is_daily":false,"chose_seed":false,"campfire_upgraded":3,"win_rate":0,"timestamp":1554592513,"path_taken":["M","?","?","M","$","E","M","M","T","?","?","R","$","E","R","BOSS","M","$","?","?","M","R","E","R","T","$","M","E"],"build_version":"2019-01-23","purchased_purges":1,"victory":false,"max_hp_per_floor":[71,71,71,71,71,71,71,71,71,71,71,71,71,71,71,71,71,71,71,71,71,71,71,71,71,71,71,71,71],"card_choices":[{"not_picked":["Turbo","Steam"],"picked":"Go for the Eyes","floor":1},{"not_picked":["Redo","Stack","Rebound"],"picked":"SKIP","floor":4},{"not_picked":["Rip and Tear","Auto Shields"],"picked":"Storm","floor":6},{"not_picked":["Steam","Coolheaded"],"picked":"Reinforced Body","floor":7},{"not_picked":["Compile Driver","Undo"],"picked":"Hologram","floor":8},{"not_picked":["Rainbow","Conserve Battery"],"picked":"Storm","floor":14},{"not_picked":["Hyperbeam","Core Surge"],"picked":"Creative AI","floor":16},{"not_picked":["Coolheaded","Steam"],"picked":"Doom and Gloom+1","floor":18},{"not_picked":["Hologram+1","Leap"],"picked":"Fusion","floor":22},{"not_picked":["Doom and Gloom","Steam"],"picked":"Undo","floor":24}],"player_experience":499304,"relics_obtained":[{"floor":6,"key":"Centennial Puzzle"},{"floor":9,"key":"Oddly Smooth Stone"},{"floor":14,"key":"Lantern"},{"floor":20,"key":"War Paint"},{"floor":24,"key":"Ancient Tea Set"},{"floor":26,"key":"Happy Flower"}],"event_choices":[{"damage_healed":0,"gold_gain":75,"player_choice":"Gather Gold","damage_taken":11,"max_hp_gain":0,"max_hp_loss":0,"event_name":"World of Goop","floor":2,"gold_loss":0},{"damage_healed":0,"gold_gain":0,"player_choice":"Box","damage_taken":0,"relics_obtained":["PreservedInsect"],"max_hp_gain":0,"max_hp_loss":0,"event_name":"Big Fish","floor":3,"gold_loss":0,"cards_obtained":["Regret"]},{"damage_healed":17,"gold_gain":0,"player_choice":"Healed","damage_taken":0,"max_hp_gain":0,"max_hp_loss":0,"event_name":"The Cleric","floor":10,"gold_loss":35},{"damage_healed":0,"gold_gain":0,"player_choice":"Bought 0 Potions","damage_taken":0,"max_hp_gain":0,"max_hp_loss":0,"event_name":"The Woman in Blue","floor":11,"gold_loss":0},{"damage_healed":0,"gold_gain":0,"player_choice":"Read","damage_taken":0,"max_hp_gain":0,"max_hp_loss":0,"event_name":"The Library","floor":21,"gold_loss":0,"cards_obtained":["Defragment"]}],"is_beta":false,"boss_relics":[{"not_picked":["Eternal Feather","FrozenCore"],"picked":"Snecko Eye"}],"items_purged_floors":[5],"is_endless":false,"potions_floor_spawned":[1,4,6,14,16,18,22,28],"killed_by":"Slavers","ascension_level":20}