{"gold_per_floor":[119,119,135,210,228,258,270,270,270,72,99,99,121,131,131,233,233,250,250,20,38,50,85,85,96,174,208,208,208,223,237,237,333,333,347,398,498,349,363,363,377,359,407,436,453,453,463,0,0,0],"floor_reached":51,"playtime":2887,"items_purged":[],"score":777,"play_id":"2b1f46a7-6365-4c61-ad41-6a392052e23f","local_time":"20190418012821","is_ascension_mode":false,"campfire_choices":[{"data":"Clothesline","floor":8,"key":"SMITH"},{"data":"Perfected Strike","floor":12,"key":"SMITH"},{"data":"Wild Strike","floor":15,"key":"SMITH"},{"data":"Shockwave","floor":24,"key":"SMITH"},{"data":"Armaments","floor":29,"key":"SMITH"},{"data":"Inflame","floor":32,"key":"SMITH"},{"data":"Demon Form","floor":40,"key":"SMITH"},{"floor":46,"key":"REST"},{"data":"Shockwave","floor":49,"key":"SMITH"}],"neow_cost":"NONE","seed_source_timestamp":482758496764700,"circlet_count":0,"master_deck":["Strike_R","Strike_R","Strike_R","Strike_R","Strike_R","Defend_R","Defend_R","Defend_R","Bash+1","Cleave","Perfected Strike+1","Inflame+1","Clothesline+1","Wild Strike+1","Dual Wield","Anger","Offering","Headbutt","Flame Barrier","Inflame","Shockwave+1","Headbutt","True Grit","Armaments+1","Offering","Headbutt","Spot Weakness","Shockwave+1","Headbutt","Disarm","Bludgeon","Feel No Pain","Pommel Strike+1","Master of Strategy","Demon Form+1","Metallicize+1","Impervious","True Grit","Iron Wave","Shockwave+1","Shrug It Off+1"],"relics":["Burning Blood","Art of War","Torii","Orichalcum","The Courier","Odd Mushroom","Velvet Choker","Mango","Darkstone Periapt","Kunai","Eternal Feather","Prayer Wheel","Magic Flower","Strawberry","Potion Belt","Red Mask"],"potions_floor_usage":[11,13,41,41,41,41,44,44,50],"damage_taken":[{"damage":1,"enemies":"Small Slimes","floor":1,"turns":4},{"damage":6,"enemies":"Jaw Worm","floor":3,"turns":3},{"damage":1,"enemies":"Cultist","floor":5,"turns":3},{"damage":39,"enemies":"3 Sentries","floor":6,"turns":7},{"damage":12,"enemies":"Large Slime","floor":7,"turns":5},{"damage":7,"enemies":"Lagavulin","floor":11,"turns":4},{"damage":1,"enemies":"The Mushroom Lair","floor":13,"turns":3},{"damage":0,"enemies":"3 Louse","floor":14,"turns":3},{"damage":10,"enemies":"Slime Boss","floor":16,"turns":6},{"damage":6,"enemies":"3 Byrds","floor":18,"turns":4},{"damage":7,"enemies":"Spheric Guardian","floor":21,"turns":3},{"damage":1,"enemies":"Chosen and Byrds","floor":22,"turns":4},{"damage":26,"enemies":"Gremlin Leader","floor":23,"turns":7},{"damage":1,"enemies":"Snecko","floor":25,"turns":4},{"damage":17,"enemies":"Slavers","floor":27,"turns":4},{"damage":7,"enemies":"Sentry and Sphere","floor":30,"turns":3},{"damage":0,"enemies":"Chosen and Byrds","floor":31,"turns":4},{"damage":35,"enemies":"Collector","floor":33,"turns":7},{"damage":16,"enemies":"3 Darklings","floor":35,"turns":6},{"damage":19,"enemies":"2 Orb Walkers","floor":36,"turns":4},{"damage":6,"enemies":"Mind Bloom Boss Battle","floor":37,"turns":2},{"damage":0,"enemies":"3 Shapes","floor":39,"turns":8},{"damage":33,"enemies":"Spire Growth","floor":41,"turns":4},{"damage":66,"enemies":"Reptomancer","floor":44,"turns":7},{"damage":27,"enemies":"3 Darklings","floor":45,"turns":6},{"damage":12,"enemies":"Sphere and 2 Shapes","floor":47,"turns":4},{"damage":34,"enemies":"Donu and Deca","floor":50,"turns":8}],"seed_played":"8024724721901622000","potions_obtained":[{"floor":3,"key":"EssenceOfSteel"},{"floor":7,"key":"EntropicBrew"},{"floor":11,"key":"Fire Potion"},{"floor":13,"key":"Ancient Potion"},{"floor":23,"key":"FearPotion"},{"floor":25,"key":"Energy Potion"},{"floor":30,"key":"SpeedPotion"},{"floor":35,"key":"GamblersBrew"},{"floor":41,"key":"SkillPotion"},{"floor":47,"key":"Strength Potion"}],"is_trial":false,"path_per_floor":["M","?","M","?","M","E","M","R","T","$","E","R","?","M","R","B",null,"M","?","$","M","M","E","R","M","T","E","?","R","M","M","R","B",null,"M","?","?","$","M","R","M","$","T","E","M","R","M","?","R","B",null],"character_chosen":"IRONCLAD","items_purchased":["Orichalcum","AttackPotion","Flame Barrier","Inflame","Shockwave","Headbutt","True Grit","Master of Strategy","True Grit"],"campfire_rested":1,"item_purchase_floors":[10,10,20,20,20,20,20,38,42],"current_hp_per_floor":[80,80,80,72,77,44,38,38,38,38,37,37,42,48,48,44,80,80,80,80,79,80,74,74,79,79,68,68,68,67,73,73,44,94,84,71,71,71,80,94,70,70,77,35,17,68,65,65,89,64],"gold":0,"neow_bonus":"RANDOM_COMMON_RELIC","is_prod":false,"is_daily":false,"chose_seed":false,"campfire_upgraded":8,"win_rate":1,"timestamp":1555576101,"path_taken":["M","?","M","?","M","E","?","R","T","$","E","R","?","M","R","BOSS","M","?","$","M","?","E","R","M","T","E","?","R","M","?","R","BOSS","M","?","?","$","M","R","M","$","T","E","M","R","M","?","R","BOSS"],"build_version":"2019-01-23","purchased_purges":0,"victory":true,"max_hp_per_floor":[80,80,80,80,80,80,80,80,80,80,80,80,80,80,80,80,80,80,80,80,80,80,94,94,94,94,94,94,94,94,94,94,94,94,94,94,94,94,94,94,94,94,101,101,101,101,101,101,101,101],"card_choices":[{"not_picked":["Havoc","Second Wind"],"picked":"Cleave","floor":1},{"not_picked":["Warcry","Twin Strike"],"picked":"Perfected Strike","floor":3},{"not_picked":["Anger","Dropkick"],"picked":"Inflame","floor":5},{"not_picked":["Reckless Charge","Cleave"],"picked":"Clothesline","floor":6},{"not_picked":["Anger","Sever Soul"],"picked":"Wild Strike","floor":7},{"not_picked":["Cleave","Infernal Blade"],"picked":"Dual Wield","floor":11},{"not_picked":["Exhume","Combust"],"picked":"Anger","floor":13},{"not_picked":["Infernal Blade","Cleave","Anger"],"picked":"SKIP","floor":14},{"not_picked":["Fiend Fire","Barricade"],"picked":"Offering","floor":16},{"not_picked":["Shrug It Off","Carnage+1"],"picked":"Headbutt","floor":18},{"not_picked":["Flex","Anger+1"],"picked":"Armaments","floor":21},{"not_picked":["Rampage","Searing Blow","Sword Boomerang"],"picked":"SKIP","floor":22},{"not_picked":["Blood for Blood+1","Dropkick"],"picked":"Offering","floor":23},{"not_picked":["Rupture","Iron Wave"],"picked":"Headbutt","floor":25},{"not_picked":["Body Slam","Hemokinesis"],"picked":"Spot Weakness","floor":27},{"not_picked":["Iron Wave","Bludgeon"],"picked":"Headbutt","floor":30},{"not_picked":["Shrug It Off","Rupture"],"picked":"Disarm","floor":31},{"not_picked":["Barricade","Dark Embrace"],"picked":"Bludgeon","floor":33},{"not_picked":["Anger","Second Wind"],"picked":"Feel No Pain","floor":35},{"not_picked":["Armaments","Clash+1"],"picked":"Pommel Strike+1","floor":36},{"not_picked":["Dropkick+1","True Grit+1"],"picked":"Demon Form","floor":39},{"not_picked":["Havoc","Heavy Blade","Reckless Charge+1"],"picked":"SKIP","floor":39},{"not_picked":["Cleave+1","Flex+1"],"picked":"Metallicize+1","floor":41},{"not_picked":["Iron Wave","Armaments+1"],"picked":"Impervious","floor":41},{"not_picked":["Bloodletting+1","Inflame","Entrench+1"],"picked":"SKIP","floor":44},{"not_picked":["Uppercut","Twin Strike"],"picked":"Iron Wave","floor":45},{"not_picked":["Headbutt+1","Anger+1","Inflame"],"picked":"SKIP","floor":45},{"not_picked":["Heavy Blade+1","Pommel Strike+1"],"picked":"Shockwave","floor":47},{"not_picked":["Immolate","Iron Wave"],"picked":"Shrug It Off+1","floor":47}],"player_experience":426027,"relics_obtained":[{"floor":6,"key":"Torii"},{"floor":11,"key":"The Courier"},{"floor":13,"key":"Odd Mushroom"},{"floor":23,"key":"Mango"},{"floor":26,"key":"Darkstone Periapt"},{"floor":27,"key":"Kunai"},{"floor":36,"key":"Prayer Wheel"},{"floor":37,"key":"Magic Flower"},{"floor":43,"key":"Strawberry"},{"floor":44,"key":"Potion Belt"}],"event_choices":[{"damage_healed":0,"gold_gain":0,"player_choice":"Grow","damage_taken":0,"max_hp_gain":0,"max_hp_loss":0,"event_name":"Living Wall","floor":2,"gold_loss":0,"cards_upgraded":["Bash"]},{"damage_healed":0,"gold_gain":75,"player_choice":"Touch","damage_taken":8,"max_hp_gain":0,"max_hp_loss":0,"event_name":"FaceTrader","floor":4,"gold_loss":0},{"damage_healed":0,"gold_gain":0,"player_choice":"Fought Mushrooms","damage_taken":0,"max_hp_gain":0,"max_hp_loss":0,"event_name":"Mushrooms","floor":13,"gold_loss":0},{"cards_removed":["Defend_R"],"damage_healed":0,"gold_gain":0,"player_choice":"Purged","damage_taken":0,"max_hp_gain":0,"max_hp_loss":0,"event_name":"Purifier","floor":19,"gold_loss":0},{"damage_healed":0,"gold_gain":0,"player_choice":"Copied","damage_taken":0,"max_hp_gain":0,"max_hp_loss":0,"event_name":"Duplicator","floor":28,"gold_loss":0,"cards_obtained":["Shockwave"]},{"damage_healed":0,"gold_gain":0,"player_choice":"Fight","damage_taken":0,"max_hp_gain":0,"max_hp_loss":0,"event_name":"Mysterious Sphere","floor":36,"gold_loss":0},{"damage_healed":0,"gold_gain":0,"player_choice":"Fight","damage_taken":0,"max_hp_gain":0,"max_hp_loss":0,"event_name":"MindBloom","floor":37,"gold_loss":0},{"damage_healed":0,"gold_gain":0,"player_choice":"Paid","damage_taken":0,"relics_obtained":["Red Mask"],"max_hp_gain":0,"max_hp_loss":0,"event_name":"Tomb of Lord Red Mask","floor":48,"gold_loss":463}],"is_beta":false,"boss_relics":[{"not_picked":["Tiny House","Pandora\u0027s Box"],"picked":"Velvet Choker"},{"not_picked":["Lizard Tail","Astrolabe"],"picked":"Eternal Feather"}],"items_purged_floors":[],"is_endless":false,"potions_floor_spawned":[3,7,11,13,23,25,30,31,33,35,39,41,47],"ascension_level":0}