{"gold_per_floor":[112,132,152,172,172,501,501,451,451,451,482,494,554,554,554,658,658,669,683,702,702,734,765,781,421,493,493,403,403,421,421,421,519,519,536,547,547,332,347,363,374,409,455,455,468,481,509,51,51,51],"floor_reached":51,"playtime":5835,"items_purged":["Parasite"],"score":764,"play_id":"1645dec5-69e6-45d6-b67a-66f10a36475b","local_time":"20190405193156","is_ascension_mode":false,"campfire_choices":[{"data":"Chill","floor":7,"key":"SMITH"},{"floor":10,"key":"REST"},{"data":"Dualcast","floor":15,"key":"SMITH"},{"floor":27,"key":"REST"},{"floor":29,"key":"REST"},{"floor":32,"key":"REST"},{"floor":44,"key":"REST"},{"floor":49,"key":"REST"}],"neow_cost":"NONE","seed_source_timestamp":20008340650778,"circlet_count":0,"master_deck":["Strike_B+1","Strike_B+1","Strike_B+1","Strike_B+1","Defend_B+1","Defend_B+1","Defend_B+1","Zap","Dualcast+1","Static Discharge","FTL","Coolheaded","Chill+1","Streamline","Coolheaded","Redo+1","BootSequence","Multi-Cast","Cold Snap+1","Stack+1","Hologram+1","Beam Cell","Go for the Eyes","Blizzard","Gash","Turbo","Secret Technique+1","Forethought","Beam Cell","Seek","Beam Cell","Reprogram","Blizzard","Finesse","Conserve Battery","Redo","Leap+1","Barrage+1","Go for the Eyes","Redo","White Noise+1","Go for the Eyes+1","Scrape+1","Cold Snap+1","Loop","Master of Strategy","Chaos+1"],"relics":["Cracked Core","Blood Vial","Old Coin","Calipers","Matryoshka","Unceasing Top","Fusion Hammer","Red Mask","Meat on the Bone","Pantograph","Cables","MutagenicStrength","Busted Crown","Dream Catcher","Bag of Marbles","Juzu Bracelet","Molten Egg 2"],"potions_floor_usage":[11,11,16,24,33,33,33,33,35,42,47,50],"damage_taken":[{"damage":3,"enemies":"Jaw Worm","floor":1,"turns":3},{"damage":5,"enemies":"2 Louse","floor":2,"turns":2},{"damage":8,"enemies":"Small Slimes","floor":3,"turns":2},{"damage":12,"enemies":"3 Louse","floor":4,"turns":4},{"damage":6,"enemies":"3 Sentries","floor":6,"turns":8},{"damage":1,"enemies":"Gremlin Nob","floor":11,"turns":4},{"damage":4,"enemies":"Exordium Thugs","floor":12,"turns":5},{"damage":23,"enemies":"Lagavulin Event","floor":13,"turns":6},{"damage":12,"enemies":"The Guardian","floor":16,"turns":13},{"damage":1,"enemies":"Chosen","floor":18,"turns":4},{"damage":0,"enemies":"2 Thieves","floor":19,"turns":5},{"damage":15,"enemies":"Snake Plant","floor":20,"turns":4},{"damage":9,"enemies":"Masked Bandits","floor":22,"turns":7},{"damage":0,"enemies":"Slavers","floor":23,"turns":9},{"damage":21,"enemies":"3 Cultists","floor":24,"turns":6},{"damage":0,"enemies":"Centurion and Healer","floor":30,"turns":5},{"damage":64,"enemies":"Collector","floor":33,"turns":12},{"damage":0,"enemies":"3 Darklings","floor":35,"turns":7},{"damage":0,"enemies":"Orb Walker","floor":36,"turns":3},{"damage":11,"enemies":"Writhing Mass","floor":39,"turns":7},{"damage":0,"enemies":"Transient","floor":40,"turns":5},{"damage":0,"enemies":"3 Darklings","floor":41,"turns":4},{"damage":50,"enemies":"Giant Head","floor":42,"turns":10},{"damage":0,"enemies":"4 Shapes","floor":45,"turns":4},{"damage":0,"enemies":"Jaw Worm Horde","floor":46,"turns":3},{"damage":15,"enemies":"Reptomancer","floor":47,"turns":6},{"damage":12,"enemies":"Donu and Deca","floor":50,"turns":7}],"seed_played":"-6253088519689925579","potions_obtained":[{"floor":1,"key":"Dexterity Potion"},{"floor":3,"key":"EssenceOfSteel"},{"floor":4,"key":"SkillPotion"},{"floor":13,"key":"GamblersBrew"},{"floor":20,"key":"EssenceOfSteel"},{"floor":23,"key":"SkillPotion"},{"floor":24,"key":"EntropicBrew"},{"floor":33,"key":"Ancient Potion"},{"floor":39,"key":"SkillPotion"},{"floor":46,"key":"Poison Potion"}],"is_trial":false,"path_per_floor":["?","?","?","?","?","?","?","M","?","?","M"],"character_chosen":"DEFECT","items_purchased":["Gash","Turbo","Secret Technique","Forethought","Blizzard","Finesse","Conserve Battery","Scrape+1","Cold Snap+1","Loop","Master of Strategy"],"campfire_rested":6,"item_purchase_floors":[25,25,25,25,38,38,38,48,48,48,48],"current_hp_per_floor":[72,69,63,53,53,49,49,49,49,71,72,70,49,49,49,39,75,74,75,60,60,53,55,48,48,48,70,70,75,75,75,75,23,75,75,75,75,75,64,66,68,32,32,54,56,58,45,45,66,60],"gold":51,"neow_bonus":"RANDOM_COMMON_RELIC","is_prod":false,"is_daily":false,"chose_seed":false,"campfire_upgraded":2,"win_rate":0.0,"timestamp":1554485516,"path_taken":["M","M","M","M","?","E","R","?","T","R","E","M","?","?","R","BOSS","M","M","M","?","?","E","M","$","T","R","?","R","?","?","R","BOSS","M","M","?","$","M","M","?","E","T","R","M","M","E","$","R","BOSS"],"build_version":"2019-01-23","purchased_purges":1,"victory":true,"max_hp_per_floor":[75,75,75,75,75,75,75,75,75,75,75,75,75,75,75,75,75,75,75,75,75,75,75,75,75,75,75,75,75,75,75,75,75,75,75,75,75,75,75,75,75,75,75,75,75,75,75,72,72,72],"card_choices":[{"not_picked":["Undo","Rebound"],"picked":"Static Discharge","floor":1},{"not_picked":["Heatsinks","Hologram"],"picked":"FTL","floor":2},{"not_picked":["Beam Cell","Rebound"],"picked":"Coolheaded","floor":3},{"not_picked":["Streamline","Go for the Eyes"],"picked":"Chill","floor":4},{"not_picked":["Hologram","Machine Learning"],"picked":"Streamline","floor":6},{"not_picked":["Steam Power","Ball Lightning"],"picked":"Coolheaded","floor":11},{"not_picked":["Streamline","Aggregate"],"picked":"Redo","floor":12},{"not_picked":["Cold Snap","Redo"],"picked":"BootSequence","floor":13},{"not_picked":["Hyperbeam","Electrodynamics"],"picked":"Multi-Cast","floor":16},{"not_picked":["Ball Lightning+1","Fusion"],"picked":"Cold Snap+1","floor":18},{"not_picked":["Streamline","Sweeping Beam"],"picked":"Stack+1","floor":19},{"not_picked":["Steam","Biased Cognition"],"picked":"Hologram+1","floor":20},{"not_picked":["Hologram","Consume"],"picked":"Beam Cell","floor":22},{"not_picked":["Seek","Genetic Algorithm"],"picked":"Go for the Eyes","floor":23},{"not_picked":["Turbo","Self Repair"],"picked":"Blizzard","floor":24},{"not_picked":["Turbo+1","Steam"],"picked":"Beam Cell","floor":30},{"not_picked":["Creative AI","Amplify"],"picked":"Seek","floor":33},{"not_picked":[],"picked":"Beam Cell","floor":35},{"not_picked":[],"picked":"Reprogram","floor":36},{"not_picked":[],"picked":"Redo","floor":39},{"not_picked":[],"picked":"Leap+1","floor":40},{"not_picked":[],"picked":"Barrage+1","floor":41},{"not_picked":["Core Surge"],"picked":"SKIP","floor":42},{"not_picked":[],"picked":"Go for the Eyes","floor":44},{"not_picked":[],"picked":"Redo","floor":45},{"not_picked":[],"picked":"White Noise+1","floor":46},{"not_picked":[],"picked":"Go for the Eyes","floor":47},{"not_picked":[],"picked":"Chaos+1","floor":49}],"player_experience":55408,"relics_obtained":[{"floor":6,"key":"Old Coin"},{"floor":9,"key":"Calipers"},{"floor":11,"key":"Matryoshka"},{"floor":13,"key":"Unceasing Top"},{"floor":22,"key":"Red Mask"},{"floor":23,"key":"Meat on the Bone"},{"floor":26,"key":"Pantograph"},{"floor":26,"key":"Cables"},{"floor":42,"key":"Dream Catcher"},{"floor":43,"key":"Bag of Marbles"},{"floor":43,"key":"Juzu Bracelet"},{"floor":47,"key":"Molten Egg 2"}],"event_choices":[{"damage_healed":0,"gold_gain":0,"player_choice":"Ignored","damage_taken":0,"max_hp_gain":0,"max_hp_loss":0,"event_name":"Liars Game","floor":5,"gold_loss":0},{"damage_healed":0,"gold_gain":0,"player_choice":"Left Gold","damage_taken":0,"max_hp_gain":0,"max_hp_loss":0,"event_name":"World of Goop","floor":8,"gold_loss":50},{"damage_healed":0,"gold_gain":30,"player_choice":"Searched \u00273\u0027 times","damage_taken":0,"max_hp_gain":0,"max_hp_loss":0,"event_name":"Dead Adventurer","floor":13,"gold_loss":0},{"damage_healed":0,"gold_gain":0,"player_choice":"Grow","damage_taken":0,"max_hp_gain":0,"max_hp_loss":0,"event_name":"Living Wall","floor":14,"gold_loss":0,"cards_upgraded":["Redo"]},{"damage_healed":0,"gold_gain":0,"player_choice":"Simplicity","damage_taken":0,"max_hp_gain":0,"max_hp_loss":0,"event_name":"Back to Basics","floor":21,"gold_loss":0,"cards_upgraded":["Strike_B","Strike_B","Strike_B","Strike_B","Defend_B","Defend_B","Defend_B","Defend_B"]},{"damage_healed":0,"gold_gain":0,"player_choice":"Fought Bandits","damage_taken":0,"max_hp_gain":0,"max_hp_loss":0,"event_name":"Masked Bandits","floor":22,"gold_loss":0},{"cards_removed":["Defend_B"],"damage_healed":0,"gold_gain":0,"player_choice":"Upgrade and Remove","damage_taken":0,"max_hp_gain":0,"max_hp_loss":0,"event_name":"Designer","floor":28,"gold_loss":90,"cards_upgraded":["Secret Technique"]},{"damage_healed":0,"gold_gain":0,"player_choice":"Inject Mutagens","damage_taken":0,"relics_obtained":["MutagenicStrength"],"max_hp_gain":0,"max_hp_loss":0,"event_name":"Drug Dealer","floor":31,"gold_loss":0},{"damage_healed":0,"gold_gain":0,"player_choice":"Full Heal","damage_taken":0,"max_hp_gain":0,"max_hp_loss":0,"event_name":"Wheel of Change","floor":37,"gold_loss":0}],"is_beta":false,"boss_relics":[{"not_picked":["Runic Pyramid","Velvet Choker"],"picked":"Fusion Hammer"},{"not_picked":["Empty Cage","Cursed Key"],"picked":"Busted Crown"}],"items_purged_floors":[48],"is_endless":false,"potions_floor_spawned":[1,3,4,6,13,20,23,24,33,39,41,46],"ascension_level":0}