{"gold_per_floor":[209,17,17,27,27,27,46,46,46,80,96,107,119,149,149,245,245,263,263,188,217,9,9,38,57,57,75,148,148,181,59,59,160,160,170,93,105,205,217,250,250,266,343,48,64,64,78,97,97,97],"floor_reached":51,"playtime":2568,"items_purged":["Normality","Regret"],"score":802,"play_id":"cbefcc30-682b-47fe-aca7-89c786540621","local_time":"20190415144605","is_ascension_mode":false,"campfire_choices":[{"data":"Bash","floor":6.0,"key":"SMITH"},{"data":"Whirlwind","floor":15.0,"key":"SMITH"},{"data":"Limit Break","floor":23.0,"key":"SMITH"},{"data":"Uppercut","floor":29.0,"key":"SMITH"},{"data":"Armaments","floor":32.0,"key":"SMITH"},{"data":"Shockwave","floor":41,"key":"SMITH"},{"data":"True Grit","floor":46,"key":"SMITH"},{"data":"Panacea","floor":49,"key":"SMITH"}],"neow_cost":"NONE","seed_source_timestamp":271716606136200,"circlet_count":0,"master_deck":["Strike_R","Strike_R","Strike_R","Strike_R","Defend_R","Defend_R","Defend_R","Defend_R","Bash+1","Wild Strike","Armaments+1","Twin Strike","Shockwave+1","Spot Weakness","True Grit+1","Shrug It Off","Whirlwind+1","Limit Break+1","Pommel Strike","Uppercut+1","Feel No Pain+1","Spot Weakness","Shockwave+1","Injury","Shrug It Off","True Grit","Feed","Flex+1","Pommel Strike","Headbutt+1","Feel No Pain+1","Reaper","Inflame+1","Iron Wave+1","Burning Pact","Panacea+1","Iron Wave+1","Battle Trance+1"],"special_seed":0,"relics":["Burning Blood","Pen Nib","Blue Candle","Singing Bowl","Orichalcum","Question Card","Cursed Key","Red Mask","ClockworkSouvenir","Dream Catcher","WingedGreaves","Frozen Egg 2","Red Skull","Orrery","FossilizedHelix","Mercury Hourglass"],"potions_floor_usage":[42,50,50,50],"damage_taken":[{"damage":1.0,"enemies":"2 Louse","floor":1.0,"turns":3.0},{"damage":0.0,"enemies":"Jaw Worm","floor":4.0,"turns":3.0},{"damage":0.0,"enemies":"Cultist","floor":7.0,"turns":2.0},{"damage":26.0,"enemies":"Lagavulin","floor":10.0,"turns":5.0},{"damage":7.0,"enemies":"Blue Slaver","floor":11.0,"turns":3.0},{"damage":4.0,"enemies":"2 Fungi Beasts","floor":12.0,"turns":3.0},{"damage":18.0,"enemies":"Exordium Thugs","floor":13.0,"turns":4.0},{"damage":7.0,"enemies":"3 Sentries","floor":14.0,"turns":5.0},{"damage":18.0,"enemies":"Slime Boss","floor":16.0,"turns":9.0},{"damage":3.0,"enemies":"Shell Parasite","floor":18.0,"turns":6.0},{"damage":0.0,"enemies":"Masked Bandits","floor":21.0,"turns":2.0},{"damage":8.0,"enemies":"Book of Stabbing","floor":24.0,"turns":4.0},{"damage":0.0,"enemies":"Chosen","floor":25.0,"turns":3.0},{"damage":0.0,"enemies":"Snecko","floor":27.0,"turns":3.0},{"damage":23.0,"enemies":"Slavers","floor":30.0,"turns":6.0},{"damage":39.0,"enemies":"Collector","floor":33.0,"turns":8.0},{"damage":5.0,"enemies":"Orb Walker","floor":35.0,"turns":4.0},{"damage":15.0,"enemies":"3 Darklings","floor":37.0,"turns":7.0},{"damage":16,"enemies":"Jaw Worm Horde","floor":39,"turns":5},{"damage":18,"enemies":"Nemesis","floor":40,"turns":7},{"damage":0,"enemies":"Transient","floor":42,"turns":5},{"damage":13,"enemies":"4 Shapes","floor":45,"turns":3},{"damage":10,"enemies":"Jaw Worm Horde","floor":47,"turns":2},{"damage":33,"enemies":"3 Darklings","floor":48,"turns":7},{"damage":49,"enemies":"Awakened One","floor":50,"turns":12}],"seed_played":"4122186281163697715","potions_obtained":[{"floor":7.0,"key":"Explosive Potion"},{"floor":10.0,"key":"GamblersBrew"},{"floor":11.0,"key":"Weak Potion"},{"floor":12.0,"key":"Fire Potion"},{"floor":16.0,"key":"Regen Potion"},{"floor":24.0,"key":"Block Potion"},{"floor":27.0,"key":"Dexterity Potion"},{"floor":33.0,"key":"PowerPotion"},{"floor":47,"key":"AttackPotion"}],"is_trial":false,"path_per_floor":["M","$","?","M","T","R","M","$","T","E","M","M","M","E","R","B",null,"M","?","?","?","$","R","E","M","T","M","T","R","E","$","R","B",null,"M","$","M","?","M","E","R","M","T","$","M","R","M","M","R","B",null],"character_chosen":"IRONCLAD","items_purchased":["Armaments","Pen Nib","ClockworkSouvenir","True Grit","Feel No Pain+1","Weak Potion","Swift Potion","Panacea"],"campfire_rested":0,"item_purchase_floors":[2,2,22,31,36,44,44,44],"current_hp_per_floor":[80,80,80,80,80,80,80,80,80,60,59,63,51,50,50,38,82,82,66,66,72,72,72,70,76,76,82,82,82,65,65,65,44,93,96,96,90,90,101,89,89,95,95,95,105,105,101,107,107,107],"gold":97,"neow_bonus":"HUNDRED_GOLD","is_prod":false,"is_daily":false,"chose_seed":false,"campfire_upgraded":8,"win_rate":1,"timestamp":1555364765,"path_taken":["M","$","?","M","?","R","M","?","T","E","M","M","?","E","R","BOSS","M","?","?","?","?","R","E","M","T","?","?","R","E","$","R","BOSS","M","$","M","?","M","E","R","?","T","$","M","R","M","M","R","BOSS"],"build_version":"2019-01-23","purchased_purges":2,"victory":true,"max_hp_per_floor":[80,80,80,80,80,80,80,80,80,80,80,82,82,82,82,82,82,82,87,87,87,87,87,87,87,87,87,87,87,87,87,87,87,93,96,96,99,99,102,102,102,102,102,102,105,105,105,107,107,107],"card_choices":[{"not_picked":["Thunderclap","Rupture"],"picked":"Wild Strike","floor":1.0},{"not_picked":["Thunderclap","Seeing Red"],"picked":"Twin Strike","floor":4.0},{"not_picked":["Twin Strike","Sentinel"],"picked":"Shockwave","floor":7.0},{"not_picked":["Rampage","Warcry"],"picked":"Spot Weakness","floor":10.0},{"not_picked":["Rampage","Clash"],"picked":"True Grit","floor":11.0},{"not_picked":["Blood for Blood","Sentinel","Flex"],"picked":"Singing Bowl","floor":12.0},{"not_picked":["Sword Boomerang","Pommel Strike"],"picked":"Shrug It Off","floor":13.0},{"not_picked":["Perfected Strike","Clothesline"],"picked":"Whirlwind","floor":14.0},{"not_picked":["Demon Form","Juggernaut","Double Tap"],"picked":"Limit Break","floor":16.0},{"not_picked":["Entrench","Perfected Strike+1","True Grit"],"picked":"Pommel Strike","floor":18.0},{"not_picked":["Havoc+1","Sword Boomerang","Bloodletting+1"],"picked":"Uppercut","floor":21.0},{"not_picked":["Clothesline","Clash","Thunderclap"],"picked":"Feel No Pain+1","floor":24.0},{"not_picked":["Metallicize","Clash+1","Bloodletting"],"picked":"Spot Weakness","floor":25.0},{"not_picked":["Warcry+1","Wild Strike+1","Sword Boomerang"],"picked":"Shockwave+1","floor":27.0},{"not_picked":["Anger","Twin Strike","Fire Breathing+1"],"picked":"Shrug It Off","floor":30.0},{"not_picked":["Offering","Exhume","Limit Break"],"picked":"Feed","floor":33.0},{"not_picked":["Evolve+1","Sentinel","Iron Wave"],"picked":"Flex+1","floor":34.0},{"not_picked":["Armaments","Clash","Iron Wave"],"picked":"Pommel Strike","floor":34.0},{"not_picked":["Clash+1","Intimidate","Evolve+1","Wild Strike"],"picked":"Singing Bowl","floor":34.0},{"not_picked":["Dropkick","Bloodletting","Carnage","Twin Strike"],"picked":"Singing Bowl","floor":34.0},{"not_picked":["Warcry","Twin Strike+1","Thunderclap+1","Hemokinesis"],"picked":"Singing Bowl","floor":34.0},{"not_picked":["Sentinel","Reckless Charge","Clash+1"],"picked":"Headbutt+1","floor":35.0},{"not_picked":["Warcry","Pommel Strike","Metallicize+1"],"picked":"Reaper","floor":37},{"not_picked":["Sword Boomerang+1","Anger","Whirlwind+1"],"picked":"Inflame+1","floor":39},{"not_picked":["Barricade+1","Thunderclap","Dual Wield+1"],"picked":"Iron Wave+1","floor":40},{"not_picked":["Fire Breathing+1","Wild Strike","Flex"],"picked":"Burning Pact","floor":42},{"not_picked":["Twin Strike+1","Ghostly Armor","Hemokinesis+1"],"picked":"Iron Wave+1","floor":45},{"not_picked":["Perfected Strike+1","Iron Wave+1","Armaments+1"],"picked":"Battle Trance+1","floor":47},{"not_picked":["Anger","Dropkick","Sentinel","Iron Wave"],"picked":"Singing Bowl","floor":48}],"player_experience":362065,"relics_obtained":[{"floor":5.0,"key":"Blue Candle"},{"floor":9.0,"key":"Singing Bowl"},{"floor":10.0,"key":"Orichalcum"},{"floor":14.0,"key":"Question Card"},{"floor":21.0,"key":"Red Mask"},{"floor":24.0,"key":"Dream Catcher"},{"floor":26.0,"key":"WingedGreaves"},{"floor":28.0,"key":"Frozen Egg 2"},{"floor":30.0,"key":"Red Skull"},{"floor":40,"key":"FossilizedHelix"},{"floor":43,"key":"Mercury Hourglass"}],"event_choices":[{"damage_healed":0.0,"max_hp_gain":0.0,"max_hp_loss":0.0,"gold_gain":0.0,"event_name":"Liars Game","player_choice":"Ignored","floor":3.0,"gold_loss":0.0,"damage_taken":0.0},{"damage_healed":0.0,"max_hp_gain":5.0,"max_hp_loss":0.0,"gold_gain":0.0,"event_name":"Forgotten Altar","player_choice":"Shed Blood","floor":19.0,"gold_loss":0.0,"damage_taken":21.0},{"cards_removed":["Strike_R"],"damage_healed":0.0,"max_hp_gain":0.0,"max_hp_loss":0.0,"gold_gain":0.0,"event_name":"Beggar","player_choice":"Gave Gold","floor":20.0,"gold_loss":75.0,"damage_taken":0.0},{"damage_healed":0.0,"max_hp_gain":0.0,"max_hp_loss":0.0,"gold_gain":0.0,"event_name":"Masked Bandits","player_choice":"Fought Bandits","floor":21.0,"gold_loss":0.0,"damage_taken":0.0},{"damage_healed":0,"gold_gain":100,"player_choice":"Pray","damage_taken":0,"max_hp_gain":0,"max_hp_loss":0,"event_name":"Golden Shrine","floor":38,"gold_loss":0}],"is_beta":false,"boss_relics":[{"not_picked":["Mark of Pain","Runic Dome"],"picked":"Cursed Key"},{"not_picked":["White Beast Statue","Tiny House"],"picked":"Orrery"}],"items_purged_floors":[31,44],"is_endless":false,"potions_floor_spawned":[7,10,11,12,16,24,27,33,45,47,48],"ascension_level":0}