{"gold_per_floor":[111,111,131,151,164,164,193,39,39,73,22,84,17,28,28,131,181,196,210,225,39,39,39,39,39,63,63,63,63,79,91,91,195,195,211,229,229,245,259,269,279,279],"floor_reached":42,"playtime":5154,"items_purged":[],"score":507,"play_id":"56b95ce3-7f7b-404a-9005-feb3c72d55d5","local_time":"20190405175351","is_ascension_mode":false,"campfire_choices":[{"data":"Fusion","floor":6,"key":"SMITH"},{"floor":15,"key":"REST"},{"floor":24,"key":"REST"},{"floor":29,"key":"REST"},{"floor":32,"key":"REST"}],"neow_cost":"NONE","seed_source_timestamp":14825048580210,"circlet_count":0,"master_deck":["Strike_B+1","Strike_B+1","Strike_B+1","Strike_B+1","Defend_B+1","Defend_B+1","Defend_B+1","Defend_B+1","Zap","Dualcast","Ball Lightning","Fusion+1","Ball Lightning","Ball Lightning","Beam Cell","Conserve Battery","Cold Snap","Loop","Conserve Battery","Coolheaded","Steam","Self Repair+1","White Noise","Redo","Biased Cognition","Coolheaded","Double Energy+1","Static Discharge","Chaos+1","Capacitor","Good Instincts","Cold Snap","Writhe","Capacitor","Hologram","Turbo+1","Seek","Redo+1","Ball Lightning","Master of Strategy","Barrage+1","Cold Snap+1","Parasite","Chaos+1"],"relics":["FrozenCore","Sundial","Matryoshka","Darkstone Periapt","Shuriken","Tiny House","Orichalcum","Nilry\u0027s Codex","Pen Nib","Boot"],"potions_floor_usage":[16,16,23,23,33,40,42],"damage_taken":[{"damage":0,"enemies":"2 Louse","floor":1,"turns":2},{"damage":1,"enemies":"Jaw Worm","floor":3,"turns":3},{"damage":0,"enemies":"Cultist","floor":4,"turns":2},{"damage":10,"enemies":"2 Fungi Beasts","floor":5,"turns":3},{"damage":6,"enemies":"Gremlin Nob","floor":7,"turns":3},{"damage":8,"enemies":"Lagavulin","floor":10,"turns":7},{"damage":7,"enemies":"Gremlin Nob","floor":12,"turns":4},{"damage":4,"enemies":"3 Louse","floor":14,"turns":3},{"damage":13,"enemies":"Slime Boss","floor":16,"turns":8},{"damage":5,"enemies":"Spheric Guardian","floor":18,"turns":6},{"damage":24,"enemies":"Shell Parasite","floor":19,"turns":7},{"damage":41,"enemies":"3 Cultists","floor":20,"turns":5},{"damage":15,"enemies":"Gremlin Leader","floor":23,"turns":3},{"damage":6,"enemies":"Snecko","floor":30,"turns":4},{"damage":8,"enemies":"Shelled Parasite and Fungi","floor":31,"turns":7},{"damage":46,"enemies":"Champ","floor":33,"turns":10},{"damage":40,"enemies":"3 Darklings","floor":35,"turns":9},{"damage":35,"enemies":"Orb Walker","floor":36,"turns":7},{"damage":25,"enemies":"Jaw Worm Horde","floor":38,"turns":7},{"damage":3,"enemies":"4 Shapes","floor":39,"turns":8},{"damage":12,"enemies":"Spire Growth","floor":40,"turns":6},{"damage":5,"enemies":"Writhing Mass","floor":41,"turns":12},{"damage":25,"enemies":"Jaw Worm Horde","floor":42,"turns":3}],"seed_played":"6809894789161741228","potions_obtained":[{"floor":4,"key":"LiquidBronze"},{"floor":5,"key":"Ancient Potion"},{"floor":7,"key":"FearPotion"},{"floor":12,"key":"LiquidBronze"},{"floor":16,"key":"LiquidBronze"},{"floor":17,"key":"SmokeBomb"},{"floor":18,"key":"Weak Potion"},{"floor":31,"key":"SneckoOil"},{"floor":33,"key":"SteroidPotion"},{"floor":36,"key":"Weak Potion"},{"floor":41,"key":"SteroidPotion"}],"is_trial":false,"path_per_floor":["?","?","$","M","?","?","?","?","?"],"character_chosen":"DEFECT","items_purchased":["Cold Snap","Loop","Conserve Battery","Steam","White Noise","Capacitor","Good Instincts","Cold Snap"],"campfire_rested":4,"item_purchase_floors":[8,8,8,11,13,21,21,21],"current_hp_per_floor":[75,80,79,79,69,69,63,63,63,55,55,48,48,44,68,62,85,80,66,25,25,31,16,43,27,27,27,27,54,48,50,77,31,91,61,36,36,11,18,6,17,0],"gold":279,"neow_bonus":"THREE_CARDS","is_prod":false,"is_daily":false,"chose_seed":false,"campfire_upgraded":1,"win_rate":0.0,"timestamp":1554479631,"path_taken":["M","?","M","M","M","R","E","$","T","E","$","?","?","M","R","BOSS","M","?","M","$","?","E","R","?","T","?","?","R","M","M","R","BOSS","M","M","?","M","M","M","M","M"],"build_version":"2019-01-23","purchased_purges":0,"victory":false,"max_hp_per_floor":[75,80,80,80,80,80,80,80,80,80,80,80,80,80,80,80,85,85,85,85,85,91,91,91,91,91,91,91,91,91,91,91,91,91,91,91,91,91,91,91,97,97],"card_choices":[{"not_picked":["Go for the Eyes","Barrage"],"picked":"Ball Lightning","floor":0},{"not_picked":["Gash","Hologram"],"picked":"Fusion","floor":1},{"not_picked":["Chaos","Tempest"],"picked":"Ball Lightning","floor":3},{"not_picked":["Beam Cell","Tempest"],"picked":"Ball Lightning","floor":4},{"not_picked":["Rip and Tear","Rebound"],"picked":"Beam Cell","floor":5},{"not_picked":["Blizzard","Scrape"],"picked":"Conserve Battery","floor":7},{"not_picked":["Lockon","Amplify"],"picked":"Coolheaded","floor":10},{"not_picked":["Beam Cell","FTL"],"picked":"Self Repair","floor":12},{"not_picked":["Go for the Eyes","Streamline"],"picked":"Redo","floor":14},{"not_picked":["Rainbow","All For One"],"picked":"Biased Cognition","floor":16},{"not_picked":["Rebound","Gash"],"picked":"Coolheaded","floor":17},{"not_picked":["Compile Driver","Melter"],"picked":"Double Energy+1","floor":18},{"not_picked":["Beam Cell","Turbo"],"picked":"Static Discharge","floor":19},{"not_picked":["Gash","Turbo"],"picked":"Chaos+1","floor":20},{"not_picked":["Gash","Fission"],"picked":"Hologram","floor":30},{"not_picked":["Go for the Eyes","Conserve Battery"],"picked":"Turbo+1","floor":31},{"not_picked":["Multi-Cast","Amplify"],"picked":"Seek","floor":33},{"not_picked":["Coolheaded","Reinforced Body+1"],"picked":"Redo+1","floor":35},{"not_picked":["Undo+1","Conserve Battery"],"picked":"Ball Lightning","floor":36},{"not_picked":["Impatience","Forethought"],"picked":"Master of Strategy","floor":37},{"not_picked":["Turbo+1","Capacitor"],"picked":"Barrage+1","floor":38},{"not_picked":["Leap","Genetic Algorithm","Streamline"],"picked":"SKIP","floor":39},{"not_picked":["Hologram","Reinforced Body+1"],"picked":"Cold Snap+1","floor":40},{"not_picked":["Scrape","Genetic Algorithm+1"],"picked":"Chaos+1","floor":41}],"player_experience":50254,"relics_obtained":[{"floor":7,"key":"Sundial"},{"floor":9,"key":"Matryoshka"},{"floor":10,"key":"Darkstone Periapt"},{"floor":12,"key":"Shuriken"},{"floor":25,"key":"Nilry\u0027s Codex"},{"floor":26,"key":"Pen Nib"},{"floor":26,"key":"Boot"}],"event_choices":[{"damage_healed":0,"gold_gain":0,"player_choice":"Donut","damage_taken":0,"max_hp_gain":5,"max_hp_loss":0,"event_name":"Big Fish","floor":2,"gold_loss":0},{"damage_healed":0,"gold_gain":0,"player_choice":"Searched \u00271\u0027 times","damage_taken":0,"max_hp_gain":0,"max_hp_loss":0,"event_name":"Dead Adventurer","floor":12,"gold_loss":0},{"damage_healed":0,"gold_gain":0,"player_choice":"Opened","damage_taken":0,"relics_obtained":["Orichalcum"],"max_hp_gain":0,"max_hp_loss":0,"event_name":"The Mausoleum","floor":22,"gold_loss":0,"cards_obtained":["Writhe"]},{"damage_healed":0,"gold_gain":0,"player_choice":"Obtained Book","damage_taken":16,"max_hp_gain":0,"max_hp_loss":0,"event_name":"Cursed Tome","floor":25,"gold_loss":0},{"damage_healed":0,"gold_gain":0,"player_choice":"Simplicity","damage_taken":0,"max_hp_gain":0,"max_hp_loss":0,"event_name":"Back to Basics","floor":27,"gold_loss":0,"cards_upgraded":["Strike_B","Strike_B","Strike_B","Strike_B","Defend_B","Defend_B","Defend_B","Defend_B"]},{"damage_healed":0,"gold_gain":0,"player_choice":"Read","damage_taken":0,"max_hp_gain":0,"max_hp_loss":0,"event_name":"The Library","floor":28,"gold_loss":0,"cards_obtained":["Capacitor"]},{"damage_healed":0,"gold_gain":0,"player_choice":"Memory 1","damage_taken":0,"max_hp_gain":0,"max_hp_loss":0,"event_name":"SensoryStone","floor":37,"gold_loss":0}],"is_beta":false,"boss_relics":[{"not_picked":["Runic Dome","Philosopher\u0027s Stone"],"picked":"Tiny House"},{"not_picked":["Runic Pyramid","Empty Cage"],"picked":"FrozenCore"}],"items_purged_floors":[],"is_endless":false,"potions_floor_spawned":[4,5,7,12,14,16,18,23,31,33,36,41],"killed_by":"Jaw Worm Horde","ascension_level":0}