{"gold_per_floor":[116,116,116,135,151,151,192,192,192,230,58,79,154,154],"floor_reached":14,"playtime":362,"items_purged":["Strike_B"],"score":108,"play_id":"769f1df4-8982-4437-bd4b-1bdc18841249","local_time":"20190415030337","is_ascension_mode":true,"campfire_choices":[{"floor":6,"key":"RECALL"},{"floor":8,"key":"REST"}],"neow_cost":"NONE","seed_source_timestamp":261500299731000,"circlet_count":0,"master_deck":["Strike_B","Strike_B","Defend_B","Defend_B","Defend_B","Defend_B","Zap","Dualcast","Force Field","Regret","Double Energy","Ball Lightning","Ball Lightning","Machine Learning","Self Repair"],"relics":["Cracked Core","Golden Idol","Strawberry","Happy Flower","Question Card","Smiling Mask","Tiny Chest"],"potions_floor_usage":[7,7],"damage_taken":[{"damage":4,"enemies":"Jaw Worm","floor":1,"turns":5},{"damage":3,"enemies":"2 Louse","floor":4,"turns":3},{"damage":5,"enemies":"Cultist","floor":5,"turns":4},{"damage":8,"enemies":"3 Sentries","floor":7,"turns":6},{"damage":34,"enemies":"Lagavulin","floor":10,"turns":5},{"damage":14,"enemies":"Exordium Thugs","floor":12,"turns":4},{"damage":14,"enemies":"3 Louse","floor":14,"turns":1}],"seed_played":"7098540107126725627","potions_obtained":[{"floor":1,"key":"Dexterity Potion"},{"floor":5,"key":"Block Potion"}],"is_trial":false,"path_per_floor":["M","?","?","M","M","R","E","R","T","E","$","M","?","M"],"character_chosen":"DEFECT","items_purchased":["Tiny Chest"],"campfire_rested":1,"item_purchase_floors":[11],"current_hp_per_floor":[71,53,60,57,52,52,44,68,68,34,34,20,9,0],"gold":154,"neow_bonus":"REMOVE_CARD","is_prod":false,"is_daily":false,"chose_seed":false,"campfire_upgraded":0,"win_rate":0,"timestamp":1555322617,"path_taken":["M","?","?","M","M","R","E","R","T","E","$","M","?","M"],"build_version":"2019-01-23","purchased_purges":1,"victory":false,"max_hp_per_floor":[75,75,82,82,82,82,82,82,82,82,82,82,82,82],"card_choices":[{"not_picked":["Turbo","Leap"],"picked":"Force Field","floor":1},{"not_picked":["Fusion","Auto Shields"],"picked":"Double Energy","floor":4},{"not_picked":["Stack","Chill"],"picked":"Ball Lightning","floor":5},{"not_picked":["Rebound","Leap"],"picked":"Ball Lightning","floor":7},{"not_picked":["Go for the Eyes","Chill","Streamline"],"picked":"Machine Learning","floor":10},{"not_picked":["Steam","Scrape","Barrage"],"picked":"Self Repair","floor":12}],"player_experience":112060,"relics_obtained":[{"floor":7,"key":"Happy Flower"},{"floor":9,"key":"Question Card"},{"floor":10,"key":"Smiling Mask"}],"event_choices":[{"damage_healed":0,"gold_gain":0,"player_choice":"Take Damage","damage_taken":18,"relics_obtained":["Golden Idol"],"max_hp_gain":0,"max_hp_loss":0,"event_name":"Golden Idol","floor":2,"gold_loss":0},{"damage_healed":0,"gold_gain":0,"player_choice":"Box","damage_taken":0,"relics_obtained":["Strawberry"],"max_hp_gain":0,"max_hp_loss":0,"event_name":"Big Fish","floor":3,"gold_loss":0,"cards_obtained":["Regret"]},{"damage_healed":0,"gold_gain":75,"player_choice":"Gather Gold","damage_taken":11,"max_hp_gain":0,"max_hp_loss":0,"event_name":"World of Goop","floor":13,"gold_loss":0}],"is_beta":false,"boss_relics":[],"items_purged_floors":[11],"is_endless":false,"potions_floor_spawned":[1,5],"killed_by":"3 Louse","ascension_level":2}