{"gold_per_floor":[119,135,37,37,49,49,49,76,126,126,144,159,159,191,191,292,292,309,324,343,190,200,234,234,262,262,262,291,291,307,325,325,428,428,442,152,166,266,277,311,331,331,377,393,393,405,437,454,454,454],"floor_reached":51,"playtime":2737,"items_purged":["Clash","Strike_R"],"score":856,"play_id":"6f777f7b-22ed-46a9-9bce-f3b8111f285e","local_time":"20190412170053","is_ascension_mode":false,"campfire_choices":[{"data":"Carnage","floor":6,"key":"SMITH"},{"data":"Clothesline","floor":13,"key":"SMITH"},{"data":"Intimidate","floor":15,"key":"SMITH"},{"data":"Flame Barrier","floor":24,"key":"SMITH"},{"data":"Flame Barrier","floor":27,"key":"SMITH"},{"data":"Limit Break","floor":32,"key":"SMITH"},{"floor":42,"key":"DIG"},{"data":"Disarm","floor":45,"key":"SMITH"},{"floor":49,"key":"REST"}],"neow_cost":"NONE","seed_source_timestamp":20450476236500,"circlet_count":0,"master_deck":["Strike_R+1","Strike_R","Strike_R+1","Defend_R+1","Defend_R","Defend_R","Defend_R+1","Bash+1","Carnage+1","Anger","Flame Barrier+1","Intimidate+1","Clothesline+1","Iron Wave","Spot Weakness","Feed","True Grit","Flame Barrier+1","Shrug It Off","Iron Wave+1","Feel No Pain","Limit Break+1","Shockwave","Ghostly Armor","Immolate","Shockwave","Inflame","Armaments+1","Headbutt","Pommel Strike+1","Headbutt+1","Disarm+1","Spot Weakness+1"],"relics":["Burning Blood","Anchor","Whetstone","Potion Belt","Ornamental Fan","Happy Flower","Mark of Pain","Singing Bowl","Matryoshka","Ancient Tea Set","Incense Burner","Mercury Hourglass","Eternal Feather","Shovel","War Paint","Peace Pipe","Smiling Mask","Regal Pillow","Oddly Smooth Stone"],"potions_floor_usage":[8,20,22,23,25,25,31,33,33,33,40,41,47,50],"damage_taken":[{"damage":1,"enemies":"Cultist","floor":1,"turns":3},{"damage":1,"enemies":"Jaw Worm","floor":2,"turns":2},{"damage":0,"enemies":"Small Slimes","floor":5,"turns":3},{"damage":0,"enemies":"3 Sentries","floor":8,"turns":6},{"damage":0,"enemies":"Looter","floor":11,"turns":2},{"damage":6,"enemies":"Exordium Thugs","floor":12,"turns":4},{"damage":6,"enemies":"Gremlin Nob","floor":14,"turns":4},{"damage":39,"enemies":"Hexaghost","floor":16,"turns":9},{"damage":0,"enemies":"3 Byrds","floor":18,"turns":5},{"damage":7,"enemies":"2 Thieves","floor":19,"turns":4},{"damage":33,"enemies":"Snake Plant","floor":20,"turns":5},{"damage":0,"enemies":"Centurion and Healer","floor":22,"turns":5},{"damage":20,"enemies":"Book of Stabbing","floor":23,"turns":5},{"damage":4,"enemies":"Slavers","floor":25,"turns":10},{"damage":22,"enemies":"Book of Stabbing","floor":28,"turns":6},{"damage":0,"enemies":"Snecko","floor":30,"turns":5},{"damage":0,"enemies":"Snake Plant","floor":31,"turns":2},{"damage":69,"enemies":"Champ","floor":33,"turns":22},{"damage":0,"enemies":"3 Darklings","floor":35,"turns":3},{"damage":0,"enemies":"3 Shapes","floor":37,"turns":7},{"damage":0,"enemies":"Mind Bloom Boss Battle","floor":38,"turns":8},{"damage":24,"enemies":"Transient","floor":39,"turns":5},{"damage":10,"enemies":"Reptomancer","floor":40,"turns":8},{"damage":44,"enemies":"Writhing Mass","floor":41,"turns":6},{"damage":2,"enemies":"Sphere and 2 Shapes","floor":44,"turns":3},{"damage":23,"enemies":"Transient","floor":46,"turns":5},{"damage":68,"enemies":"Giant Head","floor":47,"turns":9},{"damage":2,"enemies":"Jaw Worm Horde","floor":48,"turns":5},{"damage":39,"enemies":"Time Eater","floor":50,"turns":13}],"seed_played":"8111872766732725639","potions_obtained":[{"floor":1,"key":"Strength Potion"},{"floor":2,"key":"Strength Potion"},{"floor":5,"key":"Energy Potion"},{"floor":12,"key":"Weak Potion"},{"floor":16,"key":"LiquidBronze"},{"floor":20,"key":"BloodPotion"},{"floor":22,"key":"Dexterity Potion"},{"floor":23,"key":"Explosive Potion"},{"floor":30,"key":"Fire Potion"},{"floor":33,"key":"Fire Potion"},{"floor":38,"key":"Explosive Potion"},{"floor":39,"key":"Dexterity Potion"},{"floor":40,"key":"BloodPotion"},{"floor":44,"key":"SteroidPotion"}],"is_trial":false,"path_per_floor":["M","M","$","?","M","R","?","E","T","T","M","M","R","E","R","B",null,"M","M","M","$","M","E","R","E","T","R","E","?","M","M","R","B",null,"M","$","M","?","M","E","M","R","T","M","R","M","E","M","R","B",null],"character_chosen":"IRONCLAD","items_purchased":["Clash","Flame Barrier","Regen Potion","Energy Potion","Shockwave","Inflame"],"campfire_rested":1,"item_purchase_floors":[3,3,21,36,36,36],"current_hp_per_floor":[80,80,80,80,80,80,80,80,80,80,80,80,80,80,80,47,80,83,85,58,58,72,58,58,65,65,65,49,49,55,66,66,18,96,101,101,104,104,88,84,46,64,64,68,86,69,19,29,96,63],"gold":454,"neow_bonus":"RANDOM_COMMON_RELIC","is_prod":false,"is_daily":false,"chose_seed":false,"campfire_upgraded":7,"win_rate":1,"timestamp":1555113653,"path_taken":["M","M","?","?","M","R","?","E","T","?","M","M","R","E","R","BOSS","M","M","M","$","M","E","R","E","T","R","E","?","M","M","R","BOSS","M","$","M","?","M","E","M","R","T","M","R","M","E","M","R","BOSS"],"build_version":"2019-01-23","purchased_purges":2,"victory":true,"max_hp_per_floor":[80,80,80,80,80,80,80,80,80,80,80,80,80,80,80,80,80,83,86,86,86,86,86,86,91,91,91,91,91,91,96,96,96,96,101,101,104,104,106,106,106,106,106,106,106,106,108,114,114,114],"card_choices":[{"not_picked":["Body Slam","Cleave"],"picked":"Carnage","floor":1},{"not_picked":["Havoc","Hemokinesis"],"picked":"Anger","floor":2},{"not_picked":["Twin Strike","Hemokinesis"],"picked":"Intimidate","floor":5},{"not_picked":["Iron Wave","Perfected Strike"],"picked":"Clothesline","floor":8},{"not_picked":["Thunderclap","Carnage","Dropkick"],"picked":"SKIP","floor":11},{"not_picked":["Sever Soul","Sword Boomerang"],"picked":"Iron Wave","floor":12},{"not_picked":["Heavy Blade","Reckless Charge"],"picked":"Spot Weakness","floor":14},{"not_picked":["Impervious","Fiend Fire"],"picked":"Feed","floor":16},{"not_picked":["Twin Strike","Heavy Blade"],"picked":"True Grit","floor":18},{"not_picked":["Thunderclap","Heavy Blade"],"picked":"Flame Barrier","floor":19},{"not_picked":["Thunderclap+1","Wild Strike"],"picked":"Shrug It Off","floor":20},{"not_picked":["Body Slam","Wild Strike+1"],"picked":"Iron Wave+1","floor":22},{"not_picked":["Rampage","Thunderclap"],"picked":"Feel No Pain","floor":23},{"not_picked":["Twin Strike","Wild Strike+1","Sword Boomerang"],"picked":"Singing Bowl","floor":25},{"not_picked":["Reckless Charge+1","Wild Strike"],"picked":"Limit Break","floor":28},{"not_picked":["Anger","Flex"],"picked":"Ghostly Armor","floor":30},{"not_picked":["Warcry","Clothesline","Intimidate"],"picked":"Singing Bowl","floor":31},{"not_picked":["Exhume","Feed"],"picked":"Immolate","floor":33},{"not_picked":["Dropkick","Twin Strike","Infernal Blade"],"picked":"Singing Bowl","floor":35},{"not_picked":["Anger","True Grit"],"picked":"Armaments+1","floor":37},{"not_picked":["Shrug It Off","Rupture"],"picked":"Headbutt","floor":38},{"not_picked":["Seeing Red","Cleave","Thunderclap"],"picked":"Singing Bowl","floor":39},{"not_picked":["Juggernaut","Shrug It Off"],"picked":"Pommel Strike+1","floor":40},{"not_picked":["Shockwave+1","Armaments+1"],"picked":"Headbutt+1","floor":41},{"not_picked":["Bloodletting","Cleave"],"picked":"Disarm","floor":44},{"not_picked":["Dual Wield+1","Twin Strike+1"],"picked":"Spot Weakness+1","floor":46},{"not_picked":["Second Wind+1","Sword Boomerang","Immolate"],"picked":"Singing Bowl","floor":47},{"not_picked":["Flex+1","Sword Boomerang","Twin Strike"],"picked":"Singing Bowl","floor":48}],"player_experience":317055,"relics_obtained":[{"floor":8,"key":"Whetstone"},{"floor":9,"key":"Potion Belt"},{"floor":10,"key":"Ornamental Fan"},{"floor":14,"key":"Happy Flower"},{"floor":23,"key":"Singing Bowl"},{"floor":25,"key":"Matryoshka"},{"floor":26,"key":"Ancient Tea Set"},{"floor":26,"key":"Incense Burner"},{"floor":28,"key":"Mercury Hourglass"},{"floor":38,"key":"Shovel"},{"floor":40,"key":"War Paint"},{"floor":42,"key":"Peace Pipe"},{"floor":43,"key":"Smiling Mask"},{"floor":43,"key":"Regal Pillow"},{"floor":47,"key":"Oddly Smooth Stone"}],"event_choices":[{"damage_healed":0,"gold_gain":0,"player_choice":"Leave","damage_taken":0,"max_hp_gain":0,"max_hp_loss":0,"event_name":"The Cleric","floor":4,"gold_loss":0},{"damage_healed":0,"gold_gain":0,"player_choice":"Grow","damage_taken":0,"max_hp_gain":0,"max_hp_loss":0,"event_name":"Living Wall","floor":7,"gold_loss":0,"cards_upgraded":["Bash"]},{"damage_healed":0,"gold_gain":0,"cards_transformed":["Strike_R"],"player_choice":"Transformed","damage_taken":0,"max_hp_gain":0,"max_hp_loss":0,"event_name":"Transmorgrifier","floor":29,"gold_loss":0,"cards_obtained":["Shockwave"]},{"damage_healed":0,"gold_gain":0,"player_choice":"Fight","damage_taken":0,"max_hp_gain":0,"max_hp_loss":0,"event_name":"MindBloom","floor":38,"gold_loss":0}],"is_beta":false,"boss_relics":[{"not_picked":["Tiny House","Ectoplasm"],"picked":"Mark of Pain"},{"not_picked":["Black Star","Philosopher\u0027s Stone"],"picked":"Eternal Feather"}],"items_purged_floors":[21,36],"is_endless":false,"potions_floor_spawned":[1,2,5,12,16,20,22,23,30,33,38,39,40,44],"ascension_level":0}