{"gold_per_floor":[360,360,25,25,100,135,135,153,179,179,194,194,39,54,54,179,179,200,48,72,97,113,156,156,197,197,197,197,215,231,245,245,369,369,393,406,406,420,420,463,478,478,503,522,553,898,930,962,974,986],"floor_reached":51,"playtime":2905,"items_purged":["Strike_R"],"score":851,"play_id":"07cfad24-252d-443f-8fb4-de89e07fe704","local_time":"20190416081442","is_ascension_mode":false,"campfire_choices":[{"floor":7,"key":"REST"},{"data":"Shockwave","floor":10,"key":"SMITH"},{"data":"Rage","floor":12,"key":"SMITH"},{"data":"Whirlwind","floor":15,"key":"SMITH"},{"data":"Immolate","floor":24,"key":"SMITH"},{"data":"Inflame","floor":27,"key":"SMITH"},{"data":"Armaments","floor":32,"key":"SMITH"},{"data":"Corruption","floor":42,"key":"SMITH"},{"data":"Limit Break","floor":49,"key":"SMITH"}],"neow_cost":"TEN_PERCENT_HP_LOSS","seed_source_timestamp":334259709475400,"circlet_count":0,"master_deck":["Strike_R","Strike_R","Strike_R","Defend_R","Defend_R","Defend_R","Bash","Rage+1","Shockwave+1","Whirlwind+1","Ghostly Armor","Clothesline","Disarm","Battle Trance","Inflame+1","Immolate+1","Uppercut+1","Headbutt","Feed","Shrug It Off","Flame Barrier+1","Armaments+1","J.A.X.","Spot Weakness","True Grit","Heavy Blade+1","Exhume","Pommel Strike+1","Headbutt+1","Shrug It Off","Corruption+1","Flame Barrier+1","Limit Break+1","Metallicize"],"special_seed":0,"relics":["Burning Blood","Vajra","Sundial","Ancient Tea Set","Mark of Pain","PreservedInsect","Du-Vu Doll","Question Card","Pocketwatch","Velvet Choker","Regal Pillow","Centennial Puzzle","MawBank"],"potions_floor_usage":[23,23,23,50,50,50,50,50,50],"damage_taken":[{"damage":1.0,"enemies":"Cultist","floor":1.0,"turns":4.0},{"damage":53,"enemies":"Lagavulin","floor":6,"turns":9},{"damage":0,"enemies":"2 Louse","floor":8,"turns":1},{"damage":0,"enemies":"Small Slimes","floor":11,"turns":2},{"damage":0,"enemies":"Exordium Thugs","floor":14,"turns":2},{"damage":19,"enemies":"Hexaghost","floor":16,"turns":11},{"damage":0,"enemies":"3 Byrds","floor":18,"turns":4},{"damage":12,"enemies":"Shell Parasite","floor":20,"turns":6},{"damage":1,"enemies":"Cultist and Chosen","floor":21,"turns":3},{"damage":14,"enemies":"Shelled Parasite and Fungi","floor":22,"turns":6},{"damage":0,"enemies":"Gremlin Leader","floor":23,"turns":5},{"damage":20,"enemies":"Slavers","floor":25,"turns":5},{"damage":7,"enemies":"Centurion and Healer","floor":29,"turns":5},{"damage":3,"enemies":"Snake Plant","floor":30,"turns":2},{"damage":1,"enemies":"3 Cultists","floor":31,"turns":4},{"damage":26,"enemies":"Champ","floor":33,"turns":12},{"damage":6,"enemies":"Orb Walker","floor":35,"turns":4},{"damage":7,"enemies":"3 Shapes","floor":36,"turns":5},{"damage":3,"enemies":"Transient","floor":38,"turns":5},{"damage":10,"enemies":"Reptomancer","floor":40,"turns":4},{"damage":15,"enemies":"Writhing Mass","floor":41,"turns":7},{"damage":3,"enemies":"3 Darklings","floor":44,"turns":6},{"damage":4,"enemies":"Giant Head","floor":45,"turns":5},{"damage":10,"enemies":"Maw","floor":47,"turns":7},{"damage":15,"enemies":"Sphere and 2 Shapes","floor":48,"turns":8},{"damage":38,"enemies":"Donu and Deca","floor":50,"turns":5}],"seed_played":"5261367863660677357","potions_obtained":[{"floor":6,"key":"SteroidPotion"},{"floor":14,"key":"SpeedPotion"},{"floor":16,"key":"SkillPotion"},{"floor":18,"key":"PowerPotion"},{"floor":20,"key":"Block Potion"},{"floor":25,"key":"Energy Potion"},{"floor":29,"key":"GamblersBrew"},{"floor":30,"key":"Poison Potion"},{"floor":33,"key":"Block Potion"},{"floor":45,"key":"EntropicBrew"}],"is_trial":false,"path_per_floor":["M","?","$","?","?","E","R","M","T","R","M","R","$","M","R","B",null,"M","$","M","M","M","E","R","E","T","R","?","M","M","M","R","B",null,"M","M","?","M","?","E","M","R","T","M","E","?","M","M","R","B",null],"character_chosen":"IRONCLAD","items_purchased":["Shockwave","Whirlwind","Vajra","Disarm","Battle Trance","PreservedInsect"],"campfire_rested":1,"item_purchase_floors":[3,3,3,13,13,19],"current_hp_per_floor":[72,65,65,65,54,7,27,33,33,33,39,39,39,45,45,32,67,67,67,61,66,61,70,70,59,59,59,59,62,68,76,76,60,90,94,99,95,95,95,91,86,86,86,93,95,95,94,93,93,64],"gold":998,"neow_bonus":"TWO_FIFTY_GOLD","is_prod":false,"is_daily":false,"chose_seed":false,"campfire_upgraded":8,"win_rate":1,"timestamp":1555427682,"path_taken":["M","?","$","?","?","E","R","M","T","R","?","R","?","M","R","BOSS","M","$","M","M","M","E","R","E","T","R","?","M","M","M","R","BOSS","M","M","?","M","?","E","M","R","T","M","E","?","M","M","R","BOSS"],"build_version":"2019-01-23","purchased_purges":1,"victory":true,"max_hp_per_floor":[72,72,72,67,67,67,67,67,67,67,67,67,67,67,67,67,67,67,67,67,67,70,73,73,76,76,76,76,80,83,86,86,90,90,94,100,95,95,95,95,99,99,99,103,103,103,106,114,114,117],"card_choices":[{"not_picked":["Sword Boomerang","Corruption"],"picked":"Rage","floor":1.0},{"not_picked":["Twin Strike","Battle Trance"],"picked":"Ghostly Armor","floor":6},{"not_picked":["Fire Breathing","Twin Strike"],"picked":"Clothesline","floor":8},{"not_picked":["Clash","Heavy Blade","Whirlwind"],"picked":"SKIP","floor":11},{"not_picked":["Twin Strike","Dual Wield"],"picked":"Inflame","floor":14},{"not_picked":["Fiend Fire","Bludgeon"],"picked":"Immolate","floor":16},{"not_picked":["Flame Barrier","Headbutt"],"picked":"Uppercut+1","floor":18},{"not_picked":["Body Slam","Warcry"],"picked":"Headbutt","floor":20},{"not_picked":["Body Slam","Iron Wave"],"picked":"Feed","floor":21},{"not_picked":["Headbutt","Seeing Red"],"picked":"Shrug It Off","floor":22},{"not_picked":["Clothesline","Iron Wave+1"],"picked":"Flame Barrier+1","floor":23},{"not_picked":["Clash","Dark Embrace"],"picked":"Armaments","floor":25},{"not_picked":["Sentinel","Cleave","Body Slam+1"],"picked":"Spot Weakness","floor":29},{"not_picked":["Rupture+1","Infernal Blade","Anger+1"],"picked":"True Grit","floor":30},{"not_picked":["Feel No Pain+1","Sever Soul","Carnage"],"picked":"Heavy Blade+1","floor":31},{"not_picked":["Berserk","Barricade","Demon Form"],"picked":"Exhume","floor":33},{"not_picked":["Heavy Blade+1","Fire Breathing+1","Perfected Strike"],"picked":"Pommel Strike+1","floor":35},{"not_picked":["Power Through","Warcry+1","Perfected Strike+1"],"picked":"Headbutt+1","floor":36},{"not_picked":["Armaments","Entrench","Searing Blow","Reckless Charge+1"],"picked":"SKIP","floor":38},{"not_picked":["Armaments+1","Warcry","Rupture+1"],"picked":"Shrug It Off","floor":40},{"not_picked":["Cleave+1","Shockwave","Body Slam+1"],"picked":"Corruption","floor":41},{"not_picked":["Thunderclap","Anger","Sentinel","Havoc+1"],"picked":"SKIP","floor":44},{"not_picked":["Clothesline","Power Through+1","Body Slam"],"picked":"Flame Barrier+1","floor":45},{"not_picked":["Intimidate+1","Headbutt+1","Combust"],"picked":"Limit Break","floor":47},{"not_picked":["Flex","True Grit","Iron Wave"],"picked":"Metallicize","floor":48}],"player_experience":379797,"relics_obtained":[{"floor":6,"key":"Sundial"},{"floor":9,"key":"Ancient Tea Set"},{"floor":23,"key":"Du-Vu Doll"},{"floor":25,"key":"Question Card"},{"floor":26,"key":"Pocketwatch"},{"floor":40,"key":"Regal Pillow"},{"floor":43,"key":"Centennial Puzzle"},{"floor":45,"key":"MawBank"}],"event_choices":[{"cards_removed":["Defend_R"],"damage_healed":0.0,"max_hp_gain":0.0,"max_hp_loss":0.0,"gold_gain":0.0,"event_name":"Golden Wing","player_choice":"Card Removal","floor":2.0,"gold_loss":0.0,"damage_taken":7.0},{"damage_healed":0.0,"max_hp_gain":0.0,"max_hp_loss":5.0,"gold_gain":0.0,"event_name":"Golden Idol","player_choice":"Lose Max HP","floor":4.0,"gold_loss":0.0,"damage_taken":0.0,"relics_obtained":["Golden Idol"]},{"damage_healed":0.0,"max_hp_gain":0.0,"max_hp_loss":0.0,"gold_gain":75.0,"event_name":"World of Goop","player_choice":"Gather Gold","floor":5.0,"gold_loss":0.0,"damage_taken":11.0},{"damage_healed":0,"gold_gain":0,"player_choice":"Obtain J.A.X.","damage_taken":0,"max_hp_gain":0,"max_hp_loss":0,"event_name":"Drug Dealer","floor":28,"gold_loss":0,"cards_obtained":["J.A.X."]},{"damage_healed":0,"gold_gain":0,"player_choice":"Max HP","damage_taken":0,"max_hp_gain":0,"max_hp_loss":5,"event_name":"Winding Halls","floor":37,"gold_loss":0},{"cards_removed":["Strike_R"],"damage_healed":0,"gold_gain":0,"player_choice":"Removed Attack","damage_taken":0,"max_hp_gain":0,"max_hp_loss":0,"event_name":"Falling","floor":39,"gold_loss":0},{"damage_healed":0,"gold_gain":333,"player_choice":"Gave Idol","damage_taken":0,"max_hp_gain":0,"max_hp_loss":0,"event_name":"The Moai Head","floor":46,"relics_lost":["Golden Idol"],"gold_loss":0}],"is_beta":false,"boss_relics":[{"not_picked":["Coffee Dripper","Eternal Feather"],"picked":"Mark of Pain"},{"not_picked":["Orrery","Astrolabe"],"picked":"Velvet Choker"}],"items_purged_floors":[3],"is_endless":false,"potions_floor_spawned":[6,14,16,18,20,25,29,30,33,40,41,45,48],"ascension_level":0}