{"gold_per_floor":[116,132,149,149,168,168,226,243,243,259,259,31,49,70,70,163,163,188,188,73,32,50,50,50],"floor_reached":24,"playtime":1266,"items_purged":[],"score":400,"play_id":"d22230b5-7b53-4079-a146-fcaa0daa37c5","local_time":"20190406165859","is_ascension_mode":true,"campfire_choices":[{"data":"Zap","floor":6,"key":"SMITH"},{"data":"Reinforced Body","floor":15,"key":"SMITH"},{"data":"Loop","floor":23,"key":"SMITH"}],"neow_cost":"NONE","seed_source_timestamp":153881947283777,"circlet_count":0,"master_deck":["AscendersBane","Strike_B","Strike_B","Strike_B","Defend_B","Defend_B","Defend_B","Defend_B","Zap+1","Cold Snap","Cold Snap","FTL","Reinforced Body+1","Leap+1","Auto Shields+1","Seek+1","Cold Snap","White Noise+1","FTL","Loop+1","Self Repair+1"],"relics":["Cracked Core","Oddly Smooth Stone","Tiny Chest","Toxic Egg 2","Golden Idol","Lee\u0027s Waffle","Inserter"],"potions_floor_usage":[7,7,16,16,24],"damage_taken":[{"damage":0,"enemies":"2 Louse","floor":1,"turns":3},{"damage":0,"enemies":"Cultist","floor":2,"turns":3},{"damage":0,"enemies":"Small Slimes","floor":3,"turns":3},{"damage":18,"enemies":"Exordium Thugs","floor":5,"turns":5},{"damage":6,"enemies":"Lagavulin","floor":7,"turns":10},{"damage":5,"enemies":"Looter","floor":8,"turns":2},{"damage":0,"enemies":"Red Slaver","floor":10,"turns":3},{"damage":0,"enemies":"3 Louse","floor":13,"turns":4},{"damage":0,"enemies":"2 Fungi Beasts","floor":14,"turns":3},{"damage":39,"enemies":"The Guardian","floor":16,"turns":18},{"damage":17,"enemies":"Spheric Guardian","floor":18,"turns":7},{"damage":8,"enemies":"3 Byrds","floor":22,"turns":4},{"damage":51,"enemies":"Gremlin Leader","floor":24,"turns":4}],"seed_played":"-672947209292984593","potions_obtained":[{"floor":1,"key":"SkillPotion"},{"floor":5,"key":"Weak Potion"},{"floor":7,"key":"PowerPotion"},{"floor":14,"key":"SkillPotion"},{"floor":16,"key":"AttackPotion"}],"is_trial":false,"path_per_floor":["M","M","M","?","M","R","E","M","T","M","?","$","M","M","R","B",null,"M","?","$","$","M","R","E"],"character_chosen":"DEFECT","items_purchased":["Lee\u0027s Waffle","White Noise+1","FTL","Loop"],"campfire_rested":0,"item_purchase_floors":[12,20,20,21],"current_hp_per_floor":[64,64,64,64,46,46,40,35,35,35,11,78,78,78,78,39,68,51,51,51,51,43,43,0],"gold":50,"neow_bonus":"RANDOM_COMMON_RELIC","is_prod":false,"is_daily":false,"chose_seed":false,"campfire_upgraded":3,"win_rate":0,"timestamp":1554537539,"path_taken":["M","M","M","?","?","R","E","M","T","M","?","$","M","M","R","BOSS","M","?","?","$","M","R","E"],"build_version":"2019-01-23","purchased_purges":0,"victory":false,"max_hp_per_floor":[71,71,71,71,71,71,71,71,71,71,71,78,78,78,78,78,78,78,78,78,78,78,78,78],"card_choices":[{"not_picked":["Genetic Algorithm","Scrape"],"picked":"Cold Snap","floor":1},{"not_picked":["Genetic Algorithm","Hologram"],"picked":"Cold Snap","floor":2},{"not_picked":["Tempest","Gash","Steam"],"picked":"SKIP","floor":3},{"not_picked":["Barrage","Compile Driver","Stack"],"picked":"SKIP","floor":5},{"not_picked":["Self Repair","Stack"],"picked":"FTL","floor":7},{"not_picked":["Go for the Eyes","Tempest"],"picked":"Reinforced Body","floor":8},{"not_picked":["Undo+1","Streamline"],"picked":"Leap+1","floor":10},{"not_picked":["Leap+1","Ball Lightning"],"picked":"Auto Shields+1","floor":13},{"not_picked":["Redo+1","Aggregate+1","Steam+1"],"picked":"SKIP","floor":14},{"not_picked":["Meteor Strike","Machine Learning"],"picked":"Seek+1","floor":16},{"not_picked":["Gash","Doom and Gloom"],"picked":"Cold Snap","floor":18},{"not_picked":["Loop+1","Gash"],"picked":"Self Repair+1","floor":22}],"player_experience":490204,"relics_obtained":[{"floor":7,"key":"Tiny Chest"},{"floor":9,"key":"Toxic Egg 2"}],"event_choices":[{"cards_removed":["Dualcast"],"damage_healed":0,"gold_gain":0,"player_choice":"Offered Basic","damage_taken":0,"max_hp_gain":0,"max_hp_loss":0,"event_name":"Bonfire Elementals","floor":4,"gold_loss":0},{"damage_healed":0,"gold_gain":0,"player_choice":"Take Damage","damage_taken":24,"relics_obtained":["Golden Idol"],"max_hp_gain":0,"max_hp_loss":0,"event_name":"Golden Idol","floor":11,"gold_loss":0},{"cards_removed":["Strike_B"],"damage_healed":0,"gold_gain":0,"player_choice":"Purged","damage_taken":0,"max_hp_gain":0,"max_hp_loss":0,"event_name":"Purifier","floor":19,"gold_loss":0}],"is_beta":false,"boss_relics":[{"not_picked":["Snecko Eye","Cursed Key"],"picked":"Inserter"}],"items_purged_floors":[],"is_endless":false,"potions_floor_spawned":[1,5,7,14,16],"killed_by":"Gremlin Leader","ascension_level":20}