{"gold_per_floor":[116,391,35,51,67,92,92,120,166,66,101,114,114,124,124,229,229,241,241,272,302,325,337,377,42,92,92,0,26,26,46,46,148,148,161,173,189,206,221,256,256,356,380,380,230,246,278,296,296,296],"floor_reached":51,"playtime":6048,"items_purged":["Regret","Shame","Spot Weakness","Infernal Blade"],"score":877,"play_id":"2e9464b2-0aa4-48be-9224-040846bc8e5e","local_time":"20190418153614","is_ascension_mode":true,"campfire_choices":[{"floor":7,"key":"REST"},{"data":"Iron Wave","floor":13,"key":"SMITH"},{"floor":15,"key":"REST"},{"data":"Armaments","floor":23,"key":"SMITH"},{"floor":27,"key":"REST"},{"data":"Warcry","floor":32,"key":"SMITH"},{"floor":41,"key":"REST"},{"floor":49,"key":"REST"}],"neow_cost":"CURSE","seed_source_timestamp":6187738858112,"circlet_count":0,"master_deck":["Bash","Pummel","Iron Wave+1","Shrug It Off","Armaments+1","Warcry+1","Demon Form","Intimidate","Twin Strike","Demon Form","Blood for Blood","Dark Embrace","Flex","Blood for Blood","Warcry","Inflame","Inflame","Dark Shackles","Ghostly Armor+1","Shrug It Off","Havoc+1","Shrug It Off+1","Iron Wave+1","True Grit+1","Impervious","Offering"],"relics":["Burning Blood","Mummified Hand","Sundial","Anchor","Oddly Smooth Stone","Self Forming Clay","Pandora\u0027s Box","MawBank","Ornamental Fan","Bag of Preparation","Blue Candle","Velvet Choker","Regal Pillow","FossilizedHelix","Red Skull","Dream Catcher"],"potions_floor_usage":[6,6,12,24,29,33,40,50,50,50],"damage_taken":[{"damage":11,"enemies":"Jaw Worm","floor":1,"turns":6},{"damage":0,"enemies":"Cultist","floor":4,"turns":3},{"damage":3,"enemies":"2 Louse","floor":5,"turns":3},{"damage":50,"enemies":"Lagavulin","floor":6,"turns":11},{"damage":41,"enemies":"3 Sentries","floor":8,"turns":13},{"damage":35,"enemies":"Gremlin Nob","floor":11,"turns":5},{"damage":4,"enemies":"Exordium Thugs","floor":12,"turns":7},{"damage":0,"enemies":"2 Fungi Beasts","floor":14,"turns":5},{"damage":20,"enemies":"Slime Boss","floor":16,"turns":5},{"damage":24,"enemies":"Spheric Guardian","floor":18,"turns":4},{"damage":7,"enemies":"Shell Parasite","floor":20,"turns":4},{"damage":13,"enemies":"Chosen and Byrds","floor":21,"turns":6},{"damage":12,"enemies":"3 Cultists","floor":22,"turns":6},{"damage":23,"enemies":"Gremlin Leader","floor":24,"turns":5},{"damage":16,"enemies":"Slavers","floor":29,"turns":5},{"damage":4,"enemies":"Centurion and Healer","floor":31,"turns":4},{"damage":53,"enemies":"Automaton","floor":33,"turns":8},{"damage":9,"enemies":"3 Darklings","floor":35,"turns":4},{"damage":0,"enemies":"Orb Walker","floor":36,"turns":2},{"damage":11,"enemies":"Spire Growth","floor":37,"turns":5},{"damage":33,"enemies":"Transient","floor":38,"turns":5},{"damage":0,"enemies":"4 Shapes","floor":39,"turns":10},{"damage":34,"enemies":"Reptomancer","floor":40,"turns":5},{"damage":0,"enemies":"Mind Bloom Boss Battle","floor":42,"turns":7},{"damage":15,"enemies":"Jaw Worm Horde","floor":46,"turns":5},{"damage":60,"enemies":"Nemesis","floor":47,"turns":9},{"damage":9,"enemies":"3 Darklings","floor":48,"turns":8},{"damage":26,"enemies":"Donu and Deca","floor":50,"turns":9}],"seed_played":"-717180217597734402","potions_obtained":[{"floor":1,"key":"SteroidPotion"},{"floor":4,"key":"Block Potion"},{"floor":5,"key":"LiquidBronze"},{"floor":11,"key":"Regen Potion"},{"floor":14,"key":"Weak Potion"},{"floor":20,"key":"SteroidPotion"},{"floor":22,"key":"Block Potion"},{"floor":29,"key":"Block Potion"},{"floor":37,"key":"Ancient Potion"},{"floor":42,"key":"Dexterity Potion"},{"floor":44,"key":"FearPotion"}],"is_trial":false,"path_per_floor":["?","M","?","$","?","?","?","M"],"character_chosen":"IRONCLAD","items_purchased":["Mummified Hand","Iron Wave","Inflame","Dark Shackles","PowerPotion"],"campfire_rested":5,"item_purchase_floors":[3,3,25,25,25],"current_hp_per_floor":[91,91,91,96,96,52,80,45,45,45,16,33,33,39,67,53,96,78,78,77,70,64,64,47,47,47,75,75,65,65,67,67,20,96,93,96,91,64,70,42,85,91,91,91,91,82,28,25,68,48],"gold":296,"neow_bonus":"TWENTY_PERCENT_HP_BONUS","is_prod":false,"is_daily":false,"chose_seed":false,"campfire_upgraded":3,"win_rate":0,"timestamp":1555594574,"path_taken":["M","?","$","M","?","E","R","E","T","$","E","M","R","M","R","BOSS","M","?","M","M","M","R","E","?","T","R","?","E","$","M","R","BOSS","M","M","M","M","M","E","R","?","T","?","$","?","E","M","R","BOSS"],"build_version":"2019-01-23","purchased_purges":4,"victory":true,"max_hp_per_floor":[96,96,96,96,96,96,96,96,96,96,96,96,96,96,96,96,96,96,96,96,96,96,96,96,96,96,96,96,96,96,96,96,96,96,96,96,96,96,96,96,96,96,96,96,96,96,96,96,96,96],"card_choices":[{"not_picked":["Sentinel","Thunderclap"],"picked":"Pummel","floor":1},{"not_picked":["Flex","Perfected Strike"],"picked":"Shrug It Off","floor":4},{"not_picked":["Body Slam","Perfected Strike","Sentinel"],"picked":"SKIP","floor":5},{"not_picked":["Bludgeon","Evolve"],"picked":"Armaments","floor":6},{"not_picked":["Sever Soul","Whirlwind"],"picked":"Spot Weakness","floor":8},{"not_picked":["Spot Weakness","Sever Soul","Hemokinesis"],"picked":"SKIP","floor":11},{"not_picked":["Sword Boomerang","Ghostly Armor"],"picked":"Warcry","floor":12},{"not_picked":["Uppercut","Anger"],"picked":"Demon Form","floor":14},{"not_picked":["Armaments","Anger+1"],"picked":"Warcry","floor":18},{"not_picked":["Shockwave","Second Wind+1","Thunderclap"],"picked":"SKIP","floor":20},{"not_picked":["Sword Boomerang+1","Anger","Clash"],"picked":"SKIP","floor":21},{"not_picked":["Power Through","Carnage"],"picked":"Inflame","floor":22},{"not_picked":["Body Slam","Barricade","Cleave"],"picked":"SKIP","floor":24},{"not_picked":["Sever Soul","Sword Boomerang"],"picked":"Ghostly Armor+1","floor":29},{"not_picked":["Flame Barrier","True Grit"],"picked":"Shrug It Off","floor":31},{"not_picked":["Pommel Strike","Reckless Charge"],"picked":"Havoc+1","floor":35},{"not_picked":["Wild Strike","Heavy Blade"],"picked":"Shrug It Off+1","floor":36},{"not_picked":["Clothesline","Pommel Strike","Double Tap"],"picked":"SKIP","floor":37},{"not_picked":["Heavy Blade","Uppercut+1"],"picked":"Iron Wave+1","floor":38},{"not_picked":["Clothesline+1","Perfected Strike+1","Uppercut+1"],"picked":"SKIP","floor":39},{"not_picked":["Infernal Blade+1","Entrench+1"],"picked":"True Grit+1","floor":40},{"not_picked":["Twin Strike","Flex+1"],"picked":"Impervious","floor":46},{"not_picked":["Warcry","Inflame","Clothesline"],"picked":"SKIP","floor":47},{"not_picked":["Body Slam","Rage+1","Warcry"],"picked":"SKIP","floor":48},{"not_picked":["Body Slam+1","Wild Strike"],"picked":"Offering","floor":49}],"player_experience":140330,"relics_obtained":[{"floor":6,"key":"Sundial"},{"floor":8,"key":"Anchor"},{"floor":9,"key":"Oddly Smooth Stone"},{"floor":11,"key":"Self Forming Clay"},{"floor":24,"key":"Ornamental Fan"},{"floor":26,"key":"Bag of Preparation"},{"floor":29,"key":"Blue Candle"},{"floor":40,"key":"Regal Pillow"},{"floor":42,"key":"FossilizedHelix"},{"floor":43,"key":"Red Skull"},{"floor":47,"key":"Dream Catcher"}],"event_choices":[{"damage_healed":0,"gold_gain":275,"player_choice":"Desecrate","damage_taken":0,"max_hp_gain":0,"max_hp_loss":0,"event_name":"Golden Shrine","floor":2,"gold_loss":0,"cards_obtained":["Regret"]},{"cards_removed":["Thunderclap"],"damage_healed":0,"gold_gain":0,"player_choice":"Gave Card","damage_taken":0,"relics_obtained":["MawBank"],"max_hp_gain":0,"max_hp_loss":0,"event_name":"WeMeetAgain","floor":19,"gold_loss":0},{"damage_healed":0,"gold_gain":0,"player_choice":"Paid Fearfully","damage_taken":0,"max_hp_gain":0,"max_hp_loss":0,"event_name":"Masked Bandits","floor":28,"gold_loss":92},{"damage_healed":0,"gold_gain":0,"player_choice":"Fight","damage_taken":0,"max_hp_gain":0,"max_hp_loss":0,"event_name":"MindBloom","floor":42,"gold_loss":0},{"damage_healed":0,"gold_gain":0,"player_choice":"Got Potions","damage_taken":0,"max_hp_gain":0,"max_hp_loss":0,"event_name":"Lab","floor":44,"gold_loss":0}],"is_beta":false,"boss_relics":[{"not_picked":["Orrery","Black Star"],"picked":"Pandora\u0027s Box"},{"not_picked":["Runic Pyramid","Black Blood"],"picked":"Velvet Choker"}],"items_purged_floors":[3,10,25,45],"is_endless":false,"potions_floor_spawned":[1,4,5,11,14,20,22,29,31,37,39,42,48],"ascension_level":3}