{"gold_per_floor":[109,57,74,91,108,108,141,160,209,220,255,255,285,297,297,393,393,412,412,430,445,475,475,492,492,515,529,549,12,22,39,39,139,139,156,211,231,231,56,56,74,74,74,86,23,50,50,60,60,60],"floor_reached":50,"playtime":2629,"items_purged":["Defend_R","Strike_R","Defend_R"],"score":500,"play_id":"20e7c5d8-7061-49c4-a87d-e4d9a2ab227a","local_time":"20181123212219","is_ascension_mode":false,"campfire_choices":[{"data":"Fire Breathing","floor":6,"key":"SMITH"},{"floor":12,"key":"REST"},{"data":"Limit Break","floor":15,"key":"SMITH"},{"floor":23,"key":"REST"},{"floor":25,"key":"REST"},{"floor":32,"key":"REST"},{"data":"Limit Break","floor":40,"key":"SMITH"},{"floor":42,"key":"REST"},{"floor":47,"key":"REST"},{"floor":49,"key":"REST"}],"neow_cost":"PERCENT_DAMAGE","seed_source_timestamp":592547837941533,"circlet_count":0,"master_deck":["Strike_R","Strike_R","Strike_R","Defend_R","Bash","Fire Breathing+1","Reckless Charge","Pommel Strike","Flex","Perfected Strike","Perfected Strike","Thunderclap","Thunderclap","Metallicize","Heavy Blade","Clothesline","Burning Pact","Limit Break+1","Double Tap","Cleave","Cleave","Flame Barrier+1","Flex","Flame Barrier","Iron Wave","Impervious","Enlightenment","Clothesline","Flex+1","Limit Break+1","Iron Wave+1"],"relics":["Burning Blood","Unceasing Top","Red Skull","Self Forming Clay","Vajra","Lizard Tail","MutagenicStrength","Red Mask","Orichalcum","Lantern","Membership Card","Bag of Preparation","Busted Crown","Champion Belt","Shuriken","Bottled Tornado","Toxic Egg 2"],"potions_floor_usage":[33,33,33,50,50,50],"damage_taken":[{"damage":5,"enemies":"Cultist","floor":1,"turns":4},{"damage":6,"enemies":"Jaw Worm","floor":3,"turns":3},{"damage":13,"enemies":"2 Louse","floor":4,"turns":3},{"damage":4,"enemies":"2 Fungi Beasts","floor":5,"turns":4},{"damage":31,"enemies":"3 Sentries","floor":7,"turns":6},{"damage":0,"enemies":"Lots of Slimes","floor":8,"turns":1},{"damage":1,"enemies":"Large Slime","floor":10,"turns":4},{"damage":25,"enemies":"Lagavulin","floor":11,"turns":4},{"damage":12,"enemies":"3 Sentries","floor":13,"turns":5},{"damage":0,"enemies":"Blue Slaver","floor":14,"turns":1},{"damage":33,"enemies":"Hexaghost","floor":16,"turns":9},{"damage":13,"enemies":"Chosen","floor":18,"turns":5},{"damage":20,"enemies":"3 Byrds","floor":20,"turns":5},{"damage":27,"enemies":"Sentry and Sphere","floor":21,"turns":4},{"damage":16,"enemies":"Masked Bandits","floor":22,"turns":4},{"damage":30,"enemies":"Centurion and Healer","floor":24,"turns":6},{"damage":23,"enemies":"Snecko","floor":27,"turns":6},{"damage":16,"enemies":"Shelled Parasite and Fungi","floor":28,"turns":6},{"damage":2,"enemies":"3 Cultists","floor":30,"turns":3},{"damage":0,"enemies":"Chosen and Byrds","floor":31,"turns":2},{"damage":81,"enemies":"Champ","floor":33,"turns":13},{"damage":18,"enemies":"3 Shapes","floor":35,"turns":4},{"damage":27,"enemies":"2 Orb Walkers","floor":36,"turns":6},{"damage":2,"enemies":"Orb Walker","floor":37,"turns":2},{"damage":27,"enemies":"Writhing Mass","floor":41,"turns":5},{"damage":7,"enemies":"3 Darklings","floor":44,"turns":4},{"damage":30,"enemies":"Nemesis","floor":46,"turns":6},{"damage":1,"enemies":"Sphere and 2 Shapes","floor":48,"turns":3},{"damage":81,"enemies":"Awakened One","floor":50,"turns":10}],"seed_played":"-3039665328200246113","potions_obtained":[{"floor":1,"key":"LiquidBronze"},{"floor":3,"key":"SteroidPotion"},{"floor":7,"key":"Regen Potion"},{"floor":18,"key":"Block Potion"},{"floor":33,"key":"Swift Potion"},{"floor":35,"key":"EssenceOfSteel"},{"floor":44,"key":"PowerPotion"},{"floor":48,"key":"Fire Potion"}],"is_trial":false,"path_per_floor":["M","$","M","M","M","R","E","M","T","M","E","R","E","M","R","B",null,"M","?","M","M","?","R","M","R","T","M","M","$","M","M","R","B",null,"M","?","M","?","$","R","M","R","T","M","$","E","R","M","R","B"],"character_chosen":"IRONCLAD","items_purchased":["Flex","Lantern","Membership Card","Bag of Preparation","Enlightenment","Shuriken"],"campfire_rested":7,"item_purchase_floors":[2,29,29,29,29,39],"current_hp_per_floor":[57,57,57,50,52,52,27,33,33,38,19,43,37,43,43,16,80,73,73,59,38,28,52,28,52,52,35,25,25,29,35,59,39,80,68,47,51,51,51,51,30,54,54,53,53,29,53,58,80,0],"gold":60,"neow_bonus":"TRANSFORM_TWO_CARDS","is_prod":false,"is_daily":false,"chose_seed":false,"campfire_upgraded":3,"win_rate":0.0,"timestamp":1543029739,"path_taken":["M","$","?","M","M","R","E","M","T","M","E","R","E","M","R","BOSS","M","?","M","M","?","R","M","R","T","M","M","$","M","M","R","BOSS","M","?","M","?","$","R","?","R","T","M","?","E","R","M","R","BOSS"],"build_version":"2018-11-15","purchased_purges":3,"victory":false,"max_hp_per_floor":[80,80,80,80,80,80,80,80,80,80,80,80,80,80,80,80,80,80,80,80,80,80,80,80,80,80,80,80,80,80,80,80,80,80,80,80,80,80,80,80,80,80,80,80,80,80,80,80,80,80],"card_choices":[{"not_picked":["Flame Barrier","Warcry"],"picked":"Pommel Strike","floor":1},{"not_picked":["Heavy Blade","Sword Boomerang"],"picked":"Perfected Strike","floor":3},{"not_picked":["Heavy Blade","Warcry"],"picked":"Perfected Strike","floor":4},{"not_picked":["Fire Breathing","Perfected Strike"],"picked":"Thunderclap","floor":5},{"not_picked":["Rupture","Cleave"],"picked":"Thunderclap","floor":7},{"not_picked":["Pummel","Whirlwind"],"picked":"Metallicize","floor":8},{"not_picked":["Pummel","Clothesline"],"picked":"Heavy Blade","floor":10},{"not_picked":["Corruption","True Grit"],"picked":"Clothesline","floor":11},{"not_picked":["Armaments","Pummel"],"picked":"Burning Pact","floor":13},{"not_picked":["Cleave","Clash"],"picked":"Limit Break","floor":14},{"not_picked":["Juggernaut","Bludgeon"],"picked":"Double Tap","floor":16},{"not_picked":["Armaments","Perfected Strike"],"picked":"Cleave","floor":18},{"not_picked":["Thunderclap+1","Warcry"],"picked":"Cleave","floor":20},{"not_picked":["Whirlwind+1","Bloodletting"],"picked":"Flame Barrier+1","floor":21},{"not_picked":["Corruption+1","Sword Boomerang"],"picked":"Flex","floor":22},{"not_picked":["Dropkick","Shockwave"],"picked":"Flame Barrier","floor":24},{"not_picked":["Warcry","Whirlwind+1"],"picked":"Iron Wave","floor":27},{"not_picked":["Flame Barrier+1","Sever Soul"],"picked":"Impervious","floor":28},{"not_picked":["Perfected Strike","Body Slam"],"picked":"Clothesline","floor":30},{"not_picked":["Perfected Strike+1","Feel No Pain"],"picked":"Flex+1","floor":31},{"not_picked":["Juggernaut","Double Tap"],"picked":"Limit Break","floor":33},{"not_picked":[],"picked":"Iron Wave+1","floor":35},{"not_picked":["Armaments+1"],"picked":"SKIP","floor":37},{"not_picked":["Sever Soul+1"],"picked":"SKIP","floor":41},{"not_picked":["Clothesline+1"],"picked":"SKIP","floor":44},{"not_picked":["Flex"],"picked":"SKIP","floor":46},{"not_picked":["Thunderclap"],"picked":"SKIP","floor":48}],"player_experience":11262,"relics_obtained":[{"floor":7,"key":"Unceasing Top"},{"floor":9,"key":"Red Skull"},{"floor":11,"key":"Self Forming Clay"},{"floor":13,"key":"Vajra"},{"floor":22,"key":"Red Mask"},{"floor":26,"key":"Orichalcum"},{"floor":36,"key":"Champion Belt"},{"floor":43,"key":"Bottled Tornado"},{"floor":46,"key":"Toxic Egg 2"}],"event_choices":[{"damage_healed":0,"gold_gain":0,"player_choice":"Inject Mutagens","damage_taken":0,"relics_obtained":["MutagenicStrength"],"max_hp_gain":0,"max_hp_loss":0,"event_name":"Drug Dealer","floor":19,"gold_loss":0},{"damage_healed":0,"gold_gain":0,"player_choice":"Fought Bandits","damage_taken":0,"max_hp_gain":0,"max_hp_loss":0,"event_name":"Masked Bandits","floor":22,"gold_loss":0},{"damage_healed":0,"gold_gain":0,"player_choice":"Fight","damage_taken":0,"max_hp_gain":0,"max_hp_loss":0,"event_name":"Mysterious Sphere","floor":36,"gold_loss":0},{"damage_healed":0,"gold_gain":0,"player_choice":"Ignored","damage_taken":0,"max_hp_gain":0,"max_hp_loss":0,"event_name":"SecretPortal","floor":38,"gold_loss":0}],"is_beta":false,"boss_relics":[{"not_picked":["Empty Cage","Cursed Key"],"picked":"Lizard Tail"},{"not_picked":["Fusion Hammer","Philosopher\u0027s Stone"],"picked":"Busted Crown"}],"items_purged_floors":[29,39,45],"is_endless":false,"potions_floor_spawned":[1,3,7,11,18,22,24,31,33,35,44,46,48],"killed_by":"Awakened One","ascension_level":0}