{"gold_per_floor":[14,31,31,50,62,87,87,148,172,200,243,270,344,356,368,478,490,512,536,39,59,259,259,288,304,304,304,315,47,58,58],"floor_reached":31,"playtime":2947,"items_purged":["Dualcast"],"score":329,"play_id":"d5a85220-0ece-44db-a416-3870ecfbc5d4","local_time":"20190404235229","is_ascension_mode":false,"campfire_choices":[{"data":"Steam","floor":15,"key":"SMITH"},{"floor":23,"key":"REST"},{"floor":27,"key":"REST"}],"neow_cost":"NO_GOLD","seed_source_timestamp":48574235647611,"circlet_count":0,"master_deck":["Strike_B","Strike_B","Strike_B","Strike_B","Defend_B","Defend_B","Defend_B","Defend_B","Zap","Steam+1","Leap","Streamline","Sunder","Beam Cell","Steam","Buffer","Seek","Beam Cell","Beam Cell","Reboot","Consume","Streamline","Turbo","Conserve Battery","Auto Shields","Ball Lightning","Conserve Battery","Loop","Steam","Bandage Up","Go for the Eyes","Streamline","Secret Technique","Self Repair+1","Hologram","Beam Cell+1","Go for the Eyes","Gash","Recycle","Turbo","Jack Of All Trades","Go for the Eyes+1"],"relics":["Cracked Core","Cables","Shuriken","Bag of Preparation","MawBank","Potion Belt","Tiny Chest","Smiling Mask","Orrery","Unceasing Top","Peace Pipe"],"potions_floor_usage":[6,13,16,16,24,24,30],"damage_taken":[{"damage":0,"enemies":"Small Slimes","floor":1,"turns":3},{"damage":0,"enemies":"Cultist","floor":2,"turns":4},{"damage":6,"enemies":"Jaw Worm","floor":4,"turns":3},{"damage":1,"enemies":"Blue Slaver","floor":5,"turns":3},{"damage":3,"enemies":"3 Sentries","floor":6,"turns":7},{"damage":14,"enemies":"Gremlin Nob","floor":8,"turns":3},{"damage":0,"enemies":"3 Louse","floor":10,"turns":1},{"damage":2,"enemies":"Gremlin Nob","floor":11,"turns":4},{"damage":8,"enemies":"Exordium Wildlife","floor":12,"turns":2},{"damage":2,"enemies":"Lagavulin","floor":13,"turns":6},{"damage":28,"enemies":"Hexaghost","floor":16,"turns":10},{"damage":12,"enemies":"Shell Parasite","floor":18,"turns":7},{"damage":12,"enemies":"Spheric Guardian","floor":19,"turns":4},{"damage":31,"enemies":"Snake Plant","floor":21,"turns":3},{"damage":46,"enemies":"Gremlin Leader","floor":24,"turns":7},{"damage":17,"enemies":"Snecko","floor":25,"turns":5},{"damage":39,"enemies":"Shelled Parasite and Fungi","floor":28,"turns":5},{"damage":20,"enemies":"Snake Plant","floor":30,"turns":3},{"damage":22,"enemies":"3 Cultists","floor":31,"turns":4}],"seed_played":"-3817904549755330385","potions_obtained":[{"floor":1,"key":"Ancient Potion"},{"floor":2,"key":"SpeedPotion"},{"floor":3,"key":"EssenceOfSteel"},{"floor":10,"key":"Dexterity Potion"},{"floor":12,"key":"Regen Potion"},{"floor":13,"key":"EssenceOfSteel"},{"floor":16,"key":"LiquidBronze"},{"floor":21,"key":"LiquidBronze"},{"floor":24,"key":"Ancient Potion"},{"floor":25,"key":"SpeedPotion"},{"floor":30,"key":"Ancient Potion"}],"is_trial":false,"path_per_floor":["?","M","T","?","?","?","M"],"character_chosen":"DEFECT","items_purchased":["Loop","Steam","Bandage Up","Go for the Eyes","Streamline","Secret Technique","Gash","Recycle","Turbo","Jack Of All Trades"],"campfire_rested":2,"item_purchase_floors":[20,20,20,20,20,20,29,29,29,29],"current_hp_per_floor":[89,89,89,83,82,79,79,65,65,65,63,55,68,56,56,28,89,77,65,65,38,38,64,32,29,29,55,30,30,20,0],"gold":58,"neow_bonus":"TWENTY_PERCENT_HP_BONUS","is_prod":false,"is_daily":false,"chose_seed":false,"campfire_upgraded":1,"win_rate":0.0,"timestamp":1554414749,"path_taken":["M","M","?","?","M","E","?","?","T","M","E","M","E","?","R","BOSS","M","M","$","M","?","R","E","M","T","R","?","$","M","M"],"build_version":"2019-01-23","purchased_purges":1,"victory":false,"max_hp_per_floor":[89,89,89,89,89,89,89,89,89,89,89,89,89,89,89,89,89,89,89,89,89,89,89,89,89,89,89,89,89,89,89],"card_choices":[{"not_picked":["Reprogram","Skim"],"picked":"Steam","floor":1},{"not_picked":["Rebound","Gash"],"picked":"Leap","floor":2},{"not_picked":["Undo","BootSequence"],"picked":"Streamline","floor":4},{"not_picked":["Rip and Tear","Cold Snap"],"picked":"Sunder","floor":5},{"not_picked":["Sweeping Beam","Heatsinks"],"picked":"Beam Cell","floor":6},{"not_picked":["Sweeping Beam","Barrage"],"picked":"Steam","floor":8},{"not_picked":["Leap","Skim"],"picked":"Buffer","floor":10},{"not_picked":["Doom and Gloom","Barrage"],"picked":"Seek","floor":11},{"not_picked":["Scrape","Rebound"],"picked":"Beam Cell","floor":12},{"not_picked":["Barrage","Fission"],"picked":"Beam Cell","floor":13},{"not_picked":["Thunder Strike","Core Surge"],"picked":"Reboot","floor":16},{"not_picked":["Redo","Scrape"],"picked":"Consume","floor":17},{"not_picked":["Sweeping Beam","Stack"],"picked":"Streamline","floor":17},{"not_picked":["Darkness","Doom and Gloom"],"picked":"Turbo","floor":17},{"not_picked":["Turbo","Barrage"],"picked":"Conserve Battery","floor":17},{"not_picked":["Reinforced Body","Glacier"],"picked":"Auto Shields","floor":17},{"not_picked":["Barrage+1","Blizzard+1"],"picked":"Ball Lightning","floor":18},{"not_picked":["Lockon","Skim+1"],"picked":"Conserve Battery","floor":19},{"not_picked":["Lockon","Stack"],"picked":"Self Repair+1","floor":21},{"not_picked":["Rip and Tear","Fission"],"picked":"Hologram","floor":24},{"not_picked":["Undo+1","Sweeping Beam"],"picked":"Beam Cell+1","floor":25},{"not_picked":["Melter+1","Gash"],"picked":"Go for the Eyes","floor":28},{"not_picked":["Storm","Skim"],"picked":"Go for the Eyes+1","floor":30}],"player_experience":43107,"relics_obtained":[{"floor":6,"key":"Cables"},{"floor":7,"key":"Shuriken"},{"floor":8,"key":"Bag of Preparation"},{"floor":9,"key":"MawBank"},{"floor":11,"key":"Potion Belt"},{"floor":13,"key":"Tiny Chest"},{"floor":24,"key":"Unceasing Top"},{"floor":26,"key":"Peace Pipe"}],"event_choices":[{"damage_healed":0,"gold_gain":0,"player_choice":"Got Potions","damage_taken":0,"max_hp_gain":0,"max_hp_loss":0,"event_name":"Lab","floor":3,"gold_loss":0},{"damage_healed":0,"gold_gain":0,"player_choice":"Searched \u00272\u0027 times","damage_taken":0,"max_hp_gain":0,"max_hp_loss":0,"event_name":"Dead Adventurer","floor":8,"gold_loss":0},{"damage_healed":0,"gold_gain":0,"player_choice":"Success","damage_taken":12,"relics_obtained":["Smiling Mask"],"max_hp_gain":0,"max_hp_loss":0,"event_name":"Scrap Ooze","floor":14,"gold_loss":0},{"damage_healed":0,"gold_gain":250,"player_choice":"Bet on Owner","damage_taken":0,"max_hp_gain":0,"max_hp_loss":0,"event_name":"The Joust","floor":22,"gold_loss":50}],"is_beta":false,"boss_relics":[{"not_picked":["Lizard Tail","Coffee Dripper"],"picked":"Orrery"}],"items_purged_floors":[20],"is_endless":false,"potions_floor_spawned":[1,2,10,12,13,16,21,24,25,30],"killed_by":"3 Cultists","ascension_level":0}