{"gold_per_floor":[111,130,146,164,184,184,184,209,209,250,262,286,298,330,342,429,441,463,475,487,512,536,548],"floor_reached":23,"playtime":1143,"items_purged":[],"score":410,"play_id":"a28e8de3-1ec6-449d-a396-b916eb907a44","local_time":"20190406193156","is_ascension_mode":true,"campfire_choices":[{"floor":6,"key":"REST"},{"floor":11,"key":"REST"},{"floor":13,"key":"REST"},{"floor":15,"key":"RECALL"}],"neow_cost":"NONE","seed_source_timestamp":159697581718400,"circlet_count":0,"master_deck":["AscendersBane","Zap+1","Defragment","Go for the Eyes","Echo Form","Chill","Cold Snap","Ball Lightning","Self Repair","Cold Snap","Seek","Auto Shields","White Noise","Reinforced Body","Capacitor","Hyperbeam","Auto Shields","Darkness","Multi-Cast","Conserve Battery"],"relics":["Fusion Hammer","MawBank","Bronze Scales","Pandora\u0027s Box","Nloth\u0027s Gift"],"potions_floor_usage":[5,5],"damage_taken":[{"damage":4,"enemies":"Small Slimes","floor":1,"turns":4},{"damage":9,"enemies":"2 Louse","floor":2,"turns":3},{"damage":0,"enemies":"Cultist","floor":3,"turns":3},{"damage":13,"enemies":"Looter","floor":4,"turns":4},{"damage":7,"enemies":"Lots of Slimes","floor":5,"turns":4},{"damage":4,"enemies":"Lagavulin","floor":8,"turns":7},{"damage":4,"enemies":"3 Sentries","floor":10,"turns":9},{"damage":15,"enemies":"3 Louse","floor":12,"turns":3},{"damage":10,"enemies":"Blue Slaver","floor":14,"turns":5},{"damage":29,"enemies":"Slime Boss","floor":16,"turns":10},{"damage":19,"enemies":"Chosen","floor":18,"turns":4},{"damage":8,"enemies":"Shell Parasite","floor":21,"turns":5},{"damage":12,"enemies":"Snecko","floor":22,"turns":5},{"damage":54,"enemies":"Gremlin Leader","floor":23,"turns":4}],"seed_played":"6681260460687628569","potions_obtained":[{"floor":1,"key":"LiquidBronze"},{"floor":4,"key":"SkillPotion"},{"floor":12,"key":"Regen Potion"},{"floor":22,"key":"Block Potion"}],"is_trial":false,"path_per_floor":["M","M","M","M","M","R","?","E","T","E","R","M","R","M","R","B",null,"M","?","?","M","M","E"],"character_chosen":"DEFECT","items_purchased":[],"campfire_rested":3,"item_purchase_floors":[],"current_hp_per_floor":[60,51,51,38,31,52,52,48,48,44,65,50,71,61,61,39,63,44,44,44,50,45,0],"gold":548,"neow_bonus":"BOSS_RELIC","is_prod":false,"is_daily":false,"chose_seed":false,"campfire_upgraded":0,"win_rate":0,"timestamp":1554546716,"path_taken":["M","M","M","M","M","R","?","E","T","E","R","M","R","M","R","BOSS","M","?","?","M","?","E"],"build_version":"2019-01-23","purchased_purges":0,"victory":false,"max_hp_per_floor":[71,71,71,71,71,71,71,71,71,71,71,71,71,71,71,71,71,71,71,71,71,71,71],"card_choices":[{"not_picked":["Redo","Sweeping Beam"],"picked":"Defragment","floor":1},{"not_picked":["Leap","Barrage"],"picked":"Go for the Eyes","floor":2},{"not_picked":["Turbo","Recycle"],"picked":"Echo Form","floor":3},{"not_picked":["Rip and Tear","Aggregate","Turbo"],"picked":"SKIP","floor":4},{"not_picked":["Compile Driver","Rebound"],"picked":"Chill","floor":5},{"not_picked":["Melter","Buffer"],"picked":"Cold Snap","floor":8},{"not_picked":["Gash","Doom and Gloom"],"picked":"Ball Lightning","floor":10},{"not_picked":["Cold Snap","Beam Cell"],"picked":"Self Repair","floor":12},{"not_picked":["Force Field","Go for the Eyes"],"picked":"Cold Snap","floor":14},{"not_picked":["Amplify","All For One"],"picked":"Seek","floor":16},{"not_picked":["Ball Lightning","Stack"],"picked":"Conserve Battery","floor":18},{"not_picked":["Hologram","Compile Driver","Turbo+1"],"picked":"SKIP","floor":21},{"not_picked":["Lockon","Steam","Blizzard"],"picked":"SKIP","floor":22}],"player_experience":494993,"relics_obtained":[{"floor":8,"key":"War Paint"},{"floor":9,"key":"MawBank"},{"floor":10,"key":"Bronze Scales"}],"event_choices":[{"damage_healed":0,"gold_gain":0,"player_choice":"Ignored","damage_taken":0,"max_hp_gain":0,"max_hp_loss":0,"event_name":"Liars Game","floor":7,"gold_loss":0},{"cards_removed":["Dualcast"],"damage_healed":0,"gold_gain":0,"player_choice":"Elegance","damage_taken":0,"max_hp_gain":0,"max_hp_loss":0,"event_name":"Back to Basics","floor":19,"gold_loss":0},{"damage_healed":0,"gold_gain":0,"player_choice":"Traded Relic","damage_taken":0,"relics_obtained":["Nloth\u0027s Gift"],"max_hp_gain":0,"max_hp_loss":0,"event_name":"N\u0027loth","floor":20,"relics_lost":["War Paint"],"gold_loss":0}],"is_beta":false,"boss_relics":[{"not_picked":["Nuclear Battery","Velvet Choker"],"picked":"Pandora\u0027s Box"}],"items_purged_floors":[],"is_endless":false,"potions_floor_spawned":[1,4,12,22],"killed_by":"Gremlin Leader","ascension_level":20}