{"gold_per_floor":[110,122,122,134,146,146,177,177,177,177,195,195,209,229,229,331,331,342,112,112,112,130,130,161,161,461,461,471,471,483,496,496,595,595,615,56,56,73,73,73,86,106,106,119,119,119,135,135,135,135],"floor_reached":51,"playtime":2582,"items_purged":["Strike_R","Defend_R"],"score":721,"play_id":"0bded4e9-d6d2-4b11-a329-269e80dcc8db","local_time":"20190410220340","is_ascension_mode":false,"campfire_choices":[{"data":"Carnage","floor":6,"key":"SMITH"},{"data":"Bash","floor":8,"key":"SMITH"},{"data":"Clothesline","floor":10,"key":"SMITH"},{"data":"Strike_R","floor":12,"key":"PURGE"},{"data":"Strike_R","floor":15,"key":"PURGE"},{"data":"Strike_R","floor":23,"key":"PURGE"},{"data":"Heavy Blade","floor":25,"key":"SMITH"},{"data":"Strike_R","floor":29,"key":"PURGE"},{"data":"Defend_R","floor":32,"key":"PURGE"},{"data":"Whirlwind","floor":40,"key":"SMITH"},{"data":"Shockwave","floor":46,"key":"SMITH"},{"data":"Double Tap","floor":49,"key":"SMITH"}],"neow_cost":"TEN_PERCENT_HP_LOSS","seed_source_timestamp":16250373414500,"circlet_count":0,"master_deck":["Bash+1","Shrug It Off","Clothesline+1","Spot Weakness","Carnage+1","Spot Weakness","Sword Boomerang","Headbutt","Feed","Disarm+1","Double Tap+1","Disarm","Heavy Blade+1","Armaments+1","Armaments+1","Impervious","Whirlwind+1","Shockwave+1","Reaper","Dark Shackles","Discovery","Bandage Up","Ghostly Armor+1","Flame Barrier","Intimidate+1","True Grit+1","Shrug It Off"],"relics":["Burning Blood","Peace Pipe","Letter Opener","Kunai","Coffee Dripper","Darkstone Periapt","Old Coin","Ornamental Fan","Mark of Pain","Vajra","Mercury Hourglass"],"potions_floor_usage":[28,33,33,33,33,50,50,50],"damage_taken":[{"damage":1,"enemies":"Jaw Worm","floor":1,"turns":5},{"damage":0,"enemies":"Cultist","floor":2,"turns":3},{"damage":0,"enemies":"2 Louse","floor":4,"turns":3},{"damage":4,"enemies":"Large Slime","floor":5,"turns":7},{"damage":12,"enemies":"3 Sentries","floor":7,"turns":8},{"damage":2,"enemies":"Blue Slaver","floor":11,"turns":3},{"damage":17,"enemies":"Gremlin Gang","floor":13,"turns":5},{"damage":5,"enemies":"Exordium Wildlife","floor":14,"turns":4},{"damage":39,"enemies":"The Guardian","floor":16,"turns":9},{"damage":3,"enemies":"3 Byrds","floor":18,"turns":5},{"damage":7,"enemies":"Shell Parasite","floor":22,"turns":5},{"damage":14,"enemies":"Book of Stabbing","floor":24,"turns":6},{"damage":21,"enemies":"Snecko","floor":28,"turns":4},{"damage":12,"enemies":"3 Cultists","floor":30,"turns":6},{"damage":0,"enemies":"Snake Plant","floor":31,"turns":5},{"damage":29,"enemies":"Collector","floor":33,"turns":9},{"damage":4,"enemies":"3 Darklings","floor":35,"turns":5},{"damage":5,"enemies":"Orb Walker","floor":38,"turns":3},{"damage":3,"enemies":"Jaw Worm Horde","floor":41,"turns":5},{"damage":14,"enemies":"Spire Growth","floor":42,"turns":5},{"damage":11,"enemies":"Sphere and 2 Shapes","floor":44,"turns":4},{"damage":19,"enemies":"3 Darklings","floor":47,"turns":4},{"damage":5,"enemies":"Donu and Deca","floor":50,"turns":7}],"seed_played":"-2016849485229279961","potions_obtained":[{"floor":4,"key":"FearPotion"},{"floor":13,"key":"Block Potion"},{"floor":24,"key":"BloodPotion"},{"floor":28,"key":"EntropicBrew"},{"floor":31,"key":"Weak Potion"},{"floor":41,"key":"Strength Potion"},{"floor":44,"key":"Block Potion"}],"is_trial":false,"path_per_floor":["M","M","?","M","M","R","E","R","T","R","M","R","M","M","R","B",null,"M","$","?","?","M","R","E","R","T","T","M","R","M","M","R","B",null,"M","$","?","M","?","R","M","M","T","M","?","R","M","$","R","B",null],"character_chosen":"IRONCLAD","items_purchased":["Double Tap","Ancient Potion","Shockwave","Reaper","Dark Shackles","Vajra"],"campfire_rested":0,"item_purchase_floors":[19,19,36,36,36,36],"current_hp_per_floor":[72,72,72,72,72,72,66,66,66,66,70,70,59,60,60,27,72,75,75,75,75,77,77,72,72,72,72,68,68,65,71,71,48,87,87,87,82,90,90,90,93,85,85,89,89,89,91,91,91,99],"gold":135,"neow_bonus":"ONE_RARE_RELIC","is_prod":false,"is_daily":false,"chose_seed":false,"campfire_upgraded":7,"win_rate":1,"timestamp":1554959020,"path_taken":["M","M","?","M","M","R","E","R","T","R","M","R","M","?","R","BOSS","M","$","?","?","M","R","E","R","T","?","M","R","M","M","R","BOSS","M","$","?","M","?","R","M","?","T","M","?","R","M","?","R","BOSS"],"build_version":"2019-01-23","purchased_purges":2,"victory":true,"max_hp_per_floor":[72,72,72,72,72,72,72,72,72,72,72,72,72,72,72,72,72,75,75,75,75,78,78,81,81,81,81,84,84,87,87,87,87,87,87,87,87,90,90,90,93,93,93,96,96,96,96,96,96,99],"card_choices":[{"not_picked":["Intimidate","Headbutt"],"picked":"Shrug It Off","floor":1},{"not_picked":["Flame Barrier","Cleave"],"picked":"Clothesline","floor":2},{"not_picked":["Perfected Strike","Rupture"],"picked":"Spot Weakness","floor":4},{"not_picked":["Havoc","Armaments"],"picked":"Carnage","floor":5},{"not_picked":["Warcry","Body Slam","Reckless Charge"],"picked":"SKIP","floor":7},{"not_picked":["Anger","Armaments"],"picked":"Spot Weakness","floor":11},{"not_picked":["Juggernaut","Clothesline"],"picked":"Sword Boomerang","floor":13},{"not_picked":["Dropkick","Body Slam"],"picked":"Headbutt","floor":14},{"not_picked":["Double Tap","Exhume"],"picked":"Feed","floor":16},{"not_picked":["Burning Pact","Shrug It Off"],"picked":"Disarm+1","floor":18},{"not_picked":["Havoc","Carnage","Warcry"],"picked":"SKIP","floor":22},{"not_picked":["Havoc","Feel No Pain"],"picked":"Heavy Blade","floor":24},{"not_picked":["Shrug It Off","Cleave"],"picked":"Armaments+1","floor":28},{"not_picked":["Reckless Charge+1","Rupture+1","Infernal Blade"],"picked":"SKIP","floor":30},{"not_picked":["Anger","Bloodletting"],"picked":"Armaments+1","floor":31},{"not_picked":["Brutality","Feed"],"picked":"Impervious","floor":33},{"not_picked":["Entrench+1","Havoc"],"picked":"Whirlwind","floor":35},{"not_picked":["Magnetism","Jack Of All Trades"],"picked":"Discovery","floor":37},{"not_picked":["Good Instincts","Dramatic Entrance"],"picked":"Bandage Up","floor":37},{"not_picked":["True Grit","Fire Breathing"],"picked":"Ghostly Armor+1","floor":38},{"not_picked":["Sever Soul+1","Thunderclap+1"],"picked":"Intimidate+1","floor":41},{"not_picked":["Anger","Spot Weakness+1"],"picked":"True Grit+1","floor":42},{"not_picked":["Hemokinesis+1","Armaments+1"],"picked":"Shrug It Off","floor":44},{"not_picked":["Reckless Charge+1","Rage","Twin Strike+1"],"picked":"SKIP","floor":47}],"player_experience":273281,"relics_obtained":[{"floor":7,"key":"Letter Opener"},{"floor":9,"key":"Kunai"},{"floor":24,"key":"Darkstone Periapt"},{"floor":26,"key":"Old Coin"},{"floor":27,"key":"Ornamental Fan"},{"floor":43,"key":"Mercury Hourglass"}],"event_choices":[{"damage_healed":0,"gold_gain":0,"player_choice":"Bought 0 Potions","damage_taken":0,"max_hp_gain":0,"max_hp_loss":0,"event_name":"The Woman in Blue","floor":3,"gold_loss":0},{"damage_healed":0,"gold_gain":0,"player_choice":"Read","damage_taken":0,"max_hp_gain":0,"max_hp_loss":0,"event_name":"The Library","floor":20,"gold_loss":0,"cards_obtained":["Disarm"]},{"damage_healed":0,"gold_gain":0,"player_choice":"Ignored","damage_taken":0,"max_hp_gain":0,"max_hp_loss":0,"event_name":"Ghosts","floor":21,"gold_loss":0},{"damage_healed":0,"gold_gain":0,"player_choice":"Memory 2","damage_taken":5,"max_hp_gain":0,"max_hp_loss":0,"event_name":"SensoryStone","floor":37,"gold_loss":0},{"damage_healed":0,"gold_gain":0,"cards_transformed":["Defend_R"],"player_choice":"Transformed","damage_taken":0,"max_hp_gain":0,"max_hp_loss":0,"event_name":"Transmorgrifier","floor":39,"gold_loss":0,"cards_obtained":["Flame Barrier"]},{"cards_removed":["Defend_R"],"damage_healed":0,"gold_gain":0,"player_choice":"Removed Skill","damage_taken":0,"max_hp_gain":0,"max_hp_loss":0,"event_name":"Falling","floor":45,"gold_loss":0}],"is_beta":false,"boss_relics":[{"not_picked":["Eternal Feather","Runic Cube"],"picked":"Coffee Dripper"},{"not_picked":["Black Blood","Black Star"],"picked":"Mark of Pain"}],"items_purged_floors":[19,36],"is_endless":false,"potions_floor_spawned":[4,13,24,28,31,41,44],"ascension_level":0}