{"gold_per_floor":[112,128,146,71,71,71,86,86,110,123,134,148,168,68,68,172,172,183,195,110,209,84,84,84,84,164,183,33,46,46,60,60,159,159,177,195,20,20,31,41,54,67,92,111,128,145,162,177,177,177],"floor_reached":51,"playtime":1580,"items_purged":["Strike_R","Strike_R","Strike_R","Defend_R","Feel No Pain"],"score":728,"play_id":"4cb9a043-fcf1-4744-bc13-2281dc22f1b1","local_time":"20190412015934","is_ascension_mode":false,"campfire_choices":[{"data":"Bash","floor":6,"key":"SMITH"},{"data":"Dropkick","floor":15,"key":"SMITH"},{"data":"Double Tap","floor":23,"key":"SMITH"},{"data":"Dropkick","floor":25,"key":"SMITH"},{"data":"Thunderclap","floor":32,"key":"SMITH"},{"floor":49,"key":"RECALL"}],"neow_cost":"TEN_PERCENT_HP_LOSS","seed_source_timestamp":309252611102705,"circlet_count":0,"master_deck":["Bash+1","Dropkick+1","Dropkick+1","Thunderclap+1","Double Tap+1","Clash+1"],"relics":["Burning Blood","Bag of Marbles","Sozu","Strawberry","Darkstone Periapt","Pandora\u0027s Box","Ancient Tea Set"],"potions_floor_usage":[16,16],"damage_taken":[{"damage":1,"enemies":"Cultist","floor":1,"turns":4},{"damage":4,"enemies":"2 Louse","floor":2,"turns":3},{"damage":6,"enemies":"Jaw Worm","floor":3,"turns":3},{"damage":0,"enemies":"3 Louse","floor":7,"turns":4},{"damage":10,"enemies":"Looter","floor":10,"turns":3},{"damage":12,"enemies":"Blue Slaver","floor":11,"turns":3},{"damage":3,"enemies":"Red Slaver","floor":12,"turns":3},{"damage":6,"enemies":"Exordium Wildlife","floor":13,"turns":3},{"damage":16,"enemies":"Slime Boss","floor":16,"turns":8},{"damage":10,"enemies":"2 Thieves","floor":18,"turns":2},{"damage":3,"enemies":"3 Byrds","floor":19,"turns":3},{"damage":0,"enemies":"3 Cultists","floor":27,"turns":2},{"damage":0,"enemies":"Snake Plant","floor":29,"turns":2},{"damage":0,"enemies":"Snecko","floor":31,"turns":1},{"damage":0,"enemies":"Collector","floor":33,"turns":1},{"damage":0,"enemies":"Orb Walker","floor":35,"turns":1},{"damage":0,"enemies":"3 Darklings","floor":36,"turns":1},{"damage":0,"enemies":"Spire Growth","floor":39,"turns":1},{"damage":0,"enemies":"Sphere and 2 Shapes","floor":40,"turns":2},{"damage":0,"enemies":"Maw","floor":41,"turns":1},{"damage":0,"enemies":"3 Darklings","floor":42,"turns":1},{"damage":0,"enemies":"Spire Growth","floor":44,"turns":1},{"damage":9,"enemies":"4 Shapes","floor":45,"turns":1},{"damage":0,"enemies":"3 Darklings","floor":46,"turns":1},{"damage":0,"enemies":"Jaw Worm Horde","floor":47,"turns":2},{"damage":0,"enemies":"Sphere and 2 Shapes","floor":48,"turns":2},{"damage":46,"enemies":"Donu and Deca","floor":50,"turns":4}],"seed_played":"-577090129546474444","potions_obtained":[{"floor":2,"key":"LiquidBronze"},{"floor":3,"key":"PowerPotion"},{"floor":10,"key":"Weak Potion"},{"floor":12,"key":"AttackPotion"},{"floor":16,"key":"Dexterity Potion"}],"is_trial":false,"path_per_floor":["M","M","M","$","?","R","M","?","T","M","M","M","M","$","R","B",null,"M","M","?","?","$","R","?","R","T","M","$","M","?","M","R","B",null,"M","M","$","?","M","M","M","M","T","M","M","M","M","M","R","B",null],"character_chosen":"IRONCLAD","items_purchased":[],"campfire_rested":0,"item_purchase_floors":[],"current_hp_per_floor":[72,72,72,72,72,72,72,65,65,61,55,58,58,58,58,48,72,68,71,78,78,78,78,78,78,78,79,79,79,79,79,79,79,79,79,79,79,79,79,79,79,79,79,79,76,79,79,79,79,39],"gold":177,"neow_bonus":"REMOVE_TWO","is_prod":false,"is_daily":false,"chose_seed":false,"campfire_upgraded":5,"win_rate":0,"timestamp":1555059574,"path_taken":["M","M","?","$","?","R","M","?","T","M","?","M","M","$","R","BOSS","M","M","?","?","?","R","?","R","T","M","$","?","?","M","R","BOSS","M","M","$","?","M","M","M","?","T","M","M","M","M","M","R","BOSS"],"build_version":"2019-01-23","purchased_purges":5,"victory":true,"max_hp_per_floor":[72,72,72,72,72,72,72,72,72,72,72,72,72,72,72,72,72,72,72,79,79,79,79,79,79,79,79,79,79,79,79,79,79,79,79,79,79,79,79,79,79,79,79,79,79,79,79,79,79,79],"card_choices":[{"not_picked":["Anger","Clothesline","Reckless Charge"],"picked":"SKIP","floor":1},{"not_picked":["Disarm","Flex","Sword Boomerang"],"picked":"SKIP","floor":2},{"not_picked":["Sword Boomerang","Bloodletting"],"picked":"Dropkick","floor":3},{"not_picked":["Body Slam","Brutality"],"picked":"Dropkick","floor":7},{"not_picked":["Armaments","Cleave","Flame Barrier"],"picked":"SKIP","floor":10},{"not_picked":["Cleave","Metallicize","Clothesline"],"picked":"SKIP","floor":11},{"not_picked":["Burning Pact","Battle Trance","Body Slam"],"picked":"SKIP","floor":12},{"not_picked":["Armaments","Burning Pact"],"picked":"Thunderclap","floor":13},{"not_picked":["Reaper","Juggernaut"],"picked":"Double Tap","floor":16},{"not_picked":["Rage","Thunderclap","Cleave"],"picked":"SKIP","floor":18},{"not_picked":["Clothesline","Spot Weakness","Inflame"],"picked":"SKIP","floor":19},{"not_picked":["Twin Strike","Body Slam","Iron Wave"],"picked":"SKIP","floor":27},{"not_picked":["Heavy Blade","Warcry","Intimidate"],"picked":"SKIP","floor":29},{"not_picked":["Flex","Pommel Strike","Thunderclap"],"picked":"SKIP","floor":31},{"not_picked":["Shrug It Off","True Grit+1","Sword Boomerang"],"picked":"SKIP","floor":35},{"not_picked":["Clothesline+1","Perfected Strike+1"],"picked":"Clash","floor":36},{"not_picked":["Metallicize+1","Cleave+1","Combust+1"],"picked":"SKIP","floor":39},{"not_picked":["Warcry+1","Pommel Strike","Perfected Strike"],"picked":"SKIP","floor":40},{"not_picked":["Burning Pact+1","Limit Break","Seeing Red+1"],"picked":"SKIP","floor":41},{"not_picked":["Body Slam","Headbutt","Bloodletting+1"],"picked":"SKIP","floor":42},{"not_picked":["Metallicize+1","Headbutt","Sword Boomerang+1"],"picked":"SKIP","floor":44},{"not_picked":["Iron Wave+1","Feel No Pain","Disarm+1"],"picked":"SKIP","floor":45},{"not_picked":["Entrench+1","Flex","Carnage"],"picked":"SKIP","floor":46},{"not_picked":["Rupture+1","Inflame+1","Perfected Strike+1"],"picked":"SKIP","floor":47},{"not_picked":["Shrug It Off+1","Twin Strike","Pommel Strike+1"],"picked":"SKIP","floor":48}],"player_experience":553176,"relics_obtained":[{"floor":9,"key":"Bag of Marbles"},{"floor":26,"key":"Darkstone Periapt"},{"floor":43,"key":"Ancient Tea Set"}],"event_choices":[{"cards_removed":["Defend_R"],"damage_healed":0,"gold_gain":0,"player_choice":"Forget","damage_taken":0,"max_hp_gain":0,"max_hp_loss":0,"event_name":"Living Wall","floor":5,"gold_loss":0},{"cards_removed":["Strike_R"],"damage_healed":0,"gold_gain":0,"player_choice":"Card Removal","damage_taken":7,"max_hp_gain":0,"max_hp_loss":0,"event_name":"Golden Wing","floor":8,"gold_loss":0},{"damage_healed":0,"gold_gain":0,"player_choice":"Obtained Relic","damage_taken":0,"relics_obtained":["Strawberry"],"max_hp_gain":0,"max_hp_loss":0,"event_name":"Addict","floor":20,"gold_loss":85},{"damage_healed":0,"gold_gain":99,"player_choice":"Stole From Cult","damage_taken":0,"max_hp_gain":0,"max_hp_loss":0,"event_name":"Nest","floor":21,"gold_loss":0},{"damage_healed":0,"gold_gain":0,"player_choice":"Bought 0 Potions","damage_taken":0,"max_hp_gain":0,"max_hp_loss":0,"event_name":"The Woman in Blue","floor":24,"gold_loss":0},{"damage_healed":0,"gold_gain":0,"player_choice":"Ignored","damage_taken":0,"max_hp_gain":0,"max_hp_loss":0,"event_name":"Beggar","floor":30,"gold_loss":0},{"damage_healed":0,"gold_gain":0,"player_choice":"Upgraded","damage_taken":0,"max_hp_gain":0,"max_hp_loss":0,"event_name":"Upgrade Shrine","floor":38,"gold_loss":0,"cards_upgraded":["Clash"]}],"is_beta":false,"boss_relics":[{"not_picked":["Mark of Pain","Fusion Hammer"],"picked":"Sozu"},{"not_picked":["Runic Pyramid","Orrery"],"picked":"Pandora\u0027s Box"}],"items_purged_floors":[4,14,22,28,37],"is_endless":false,"potions_floor_spawned":[2,3,10,12,16,19,29,31,40,42,44,45,47],"ascension_level":0}