{"gold_per_floor":[113,1,1,1,1,28,45,73,121,121,141,156,172,186,186,289,289,303,315,332,232,232,232],"floor_reached":23,"playtime":863,"items_purged":["Defend_R","Strike_R"],"score":239,"play_id":"5c13cf97-7e54-451d-a4ab-66090108ecc5","local_time":"20190417020616","is_ascension_mode":true,"campfire_choices":[{"data":"Bash","floor":15,"key":"SMITH"}],"neow_cost":"NONE","seed_source_timestamp":61130820028112,"circlet_count":0,"master_deck":["Strike_R","Strike_R+1","Strike_R+1","Strike_R","Defend_R","Defend_R","Defend_R","Bash+1","Shrug It Off","Dropkick","Juggernaut+1","Clash","Double Tap"],"relics":["Burning Blood","NeowsBlessing","Art of War","Meat on the Bone","Regal Pillow","Black Star"],"potions_floor_usage":[8,16,20,23,23],"damage_taken":[{"damage":0,"enemies":"Cultist","floor":1,"turns":1},{"damage":0,"enemies":"Lagavulin","floor":6,"turns":1},{"damage":0,"enemies":"2 Louse","floor":7,"turns":1},{"damage":28,"enemies":"3 Sentries","floor":8,"turns":9},{"damage":3,"enemies":"Small Slimes","floor":11,"turns":4},{"damage":21,"enemies":"Exordium Thugs","floor":12,"turns":5},{"damage":5,"enemies":"Looter","floor":13,"turns":2},{"damage":7,"enemies":"Exordium Wildlife","floor":14,"turns":3},{"damage":44,"enemies":"The Guardian","floor":16,"turns":10},{"damage":13,"enemies":"Shell Parasite","floor":18,"turns":5},{"damage":10,"enemies":"Chosen","floor":19,"turns":3},{"damage":45,"enemies":"Centurion and Healer","floor":20,"turns":6},{"damage":45,"enemies":"Gremlin Leader","floor":23,"turns":5}],"seed_played":"-2479469042763070081","potions_obtained":[{"floor":1,"key":"Explosive Potion"},{"floor":6,"key":"GamblersBrew"},{"floor":11,"key":"Ancient Potion"},{"floor":13,"key":"PowerPotion"},{"floor":18,"key":"Explosive Potion"}],"is_trial":false,"path_per_floor":["M","$","$","?","?","E","M","E","T","?","M","M","M","M","R","B",null,"M","M","M","$","?","E"],"character_chosen":"IRONCLAD","items_purchased":["Dropkick"],"campfire_rested":0,"item_purchase_floors":[2],"current_hp_per_floor":[80,80,80,64,64,70,76,54,54,54,57,54,55,54,54,28,80,73,69,42,42,42,0],"gold":232,"neow_bonus":"THREE_ENEMY_KILL","is_prod":false,"is_daily":false,"chose_seed":false,"campfire_upgraded":1,"win_rate":0,"timestamp":1555491976,"path_taken":["M","?","$","?","?","E","M","E","T","?","M","M","M","M","R","BOSS","M","M","M","$","?","E"],"build_version":"2019-01-23","purchased_purges":2,"victory":false,"max_hp_per_floor":[80,80,80,80,80,80,80,80,80,80,80,80,80,80,80,80,80,80,80,80,80,80,80],"card_choices":[{"not_picked":["Rage","Searing Blow"],"picked":"Shrug It Off","floor":1},{"not_picked":["Evolve","Pommel Strike","Battle Trance"],"picked":"SKIP","floor":6},{"not_picked":["Metallicize","Infernal Blade","Corruption"],"picked":"SKIP","floor":7},{"not_picked":["Infernal Blade","Flex"],"picked":"Juggernaut","floor":8},{"not_picked":["Armaments","Sentinel","Wild Strike"],"picked":"SKIP","floor":11},{"not_picked":["Carnage","Body Slam"],"picked":"Clash","floor":12},{"not_picked":["Rampage","Twin Strike","Shrug It Off"],"picked":"SKIP","floor":13},{"not_picked":["Havoc","Shrug It Off","Sword Boomerang"],"picked":"SKIP","floor":14},{"not_picked":["Exhume","Barricade"],"picked":"Double Tap","floor":16},{"not_picked":["Shockwave","Thunderclap","Wild Strike"],"picked":"SKIP","floor":18},{"not_picked":["True Grit","Thunderclap","Evolve"],"picked":"SKIP","floor":19},{"not_picked":["Seeing Red","Entrench","Heavy Blade+1"],"picked":"SKIP","floor":20}],"player_experience":557423,"relics_obtained":[{"floor":6,"key":"Art of War"},{"floor":8,"key":"Meat on the Bone"},{"floor":9,"key":"Regal Pillow"}],"event_choices":[{"damage_healed":0,"gold_gain":0,"player_choice":"Entered Light","damage_taken":16,"max_hp_gain":0,"max_hp_loss":0,"event_name":"Shining Light","floor":4,"gold_loss":0,"cards_upgraded":["Strike_R","Strike_R"]},{"damage_healed":0,"gold_gain":0,"player_choice":"Ignored","damage_taken":0,"max_hp_gain":0,"max_hp_loss":0,"event_name":"Liars Game","floor":5,"gold_loss":0},{"damage_healed":0,"gold_gain":0,"player_choice":"Upgraded","damage_taken":0,"max_hp_gain":0,"max_hp_loss":0,"event_name":"Upgrade Shrine","floor":10,"gold_loss":0,"cards_upgraded":["Juggernaut"]},{"damage_healed":0,"gold_gain":0,"player_choice":"Ignored","damage_taken":0,"max_hp_gain":0,"max_hp_loss":0,"event_name":"The Mausoleum","floor":22,"gold_loss":0}],"is_beta":false,"boss_relics":[{"not_picked":["Lizard Tail","Runic Cube"],"picked":"Black Star"}],"items_purged_floors":[2,21],"is_endless":false,"potions_floor_spawned":[1,6,11,13,18,19],"killed_by":"Gremlin Leader","ascension_level":1}