{"gold_per_floor":[111,111,130,305,305,305,321,333,333,353,367,216,216,226,226,327,327,337,352,123,123,134,167,201,116,116,116,116,130,130,159,159,159],"floor_reached":33,"playtime":1048,"items_purged":["Doubt"],"score":277,"play_id":"657c05bf-b2c8-4325-b687-5987dfbe66fc","local_time":"20190406222539","is_ascension_mode":false,"campfire_choices":[{"data":"Defend_R","floor":6.0,"key":"SMITH"},{"data":"Perfected Strike","floor":13.0,"key":"SMITH"},{"data":"Perfected Strike","floor":15.0,"key":"SMITH"},{"data":"Pommel Strike","floor":30.0,"key":"SMITH"},{"data":"J.A.X.","floor":32.0,"key":"SMITH"}],"neow_cost":"NONE","seed_source_timestamp":0,"circlet_count":0,"master_deck":["Strike_R+1","Strike_R+1","Strike_R+1","Strike_R+1","Strike_R","Defend_R","Defend_R","Defend_R+1","Defend_R","Bash+1","Perfected Strike+1","Perfected Strike+1","Pommel Strike+1","RitualDagger","Body Slam+1","J.A.X.+1","Wild Strike"],"special_seed":0,"relics":["Burning Blood","NeowsBlessing","Anchor","PreservedInsect","Mark of Pain","Orichalcum","Mummified Hand","Red Mask","Matryoshka","Oddly Smooth Stone","Whetstone"],"potions_floor_usage":[33],"damage_taken":[{"damage":0.0,"enemies":"Jaw Worm","floor":1.0,"turns":1.0},{"damage":0.0,"enemies":"Small Slimes","floor":3.0,"turns":1.0},{"damage":0.0,"enemies":"Cultist","floor":7.0,"turns":1.0},{"damage":8.0,"enemies":"Exordium Wildlife","floor":8.0,"turns":5.0},{"damage":7.0,"enemies":"Large Slime","floor":10.0,"turns":5.0},{"damage":9.0,"enemies":"2 Fungi Beasts","floor":11.0,"turns":3.0},{"damage":0.0,"enemies":"Looter","floor":14.0,"turns":2.0},{"damage":45.0,"enemies":"Slime Boss","floor":16.0,"turns":8.0},{"damage":5.0,"enemies":"Chosen","floor":18.0,"turns":4.0},{"damage":0.0,"enemies":"Spheric Guardian","floor":19.0,"turns":3.0},{"damage":12.0,"enemies":"Centurion and Healer","floor":22.0,"turns":4.0},{"damage":2.0,"enemies":"Book of Stabbing","floor":23.0,"turns":2.0},{"damage":7.0,"enemies":"Masked Bandits","floor":24.0,"turns":3.0},{"damage":11.0,"enemies":"Snecko","floor":29.0,"turns":5.0},{"damage":4.0,"enemies":"Slavers","floor":31.0,"turns":3.0},{"damage":73,"enemies":"Collector","floor":33,"turns":9}],"seed_played":"4379134498834087747","potions_obtained":[{"floor":3.0,"key":"Explosive Potion"},{"floor":7.0,"key":"AttackPotion"},{"floor":8.0,"key":"Weak Potion"},{"floor":16.0,"key":"PowerPotion"},{"floor":19.0,"key":"SteroidPotion"}],"is_trial":false,"path_per_floor":["M","?","M","?","?","R","M","M","T","M","M","$","R","M","R","B",null,"M","M","$","?","M","E","?","?","T","$","?","M","R","E","R","B"],"character_chosen":"IRONCLAD","items_purchased":["PreservedInsect","Orichalcum"],"campfire_rested":0,"item_purchase_floors":[12,20],"current_hp_per_floor":[80,64,70,70,70,70,76,74,74,73,70,70,70,76,76,37,80,80,80,80,74,68,72,71,71,71,71,71,66,66,68,68,0],"gold":159,"neow_bonus":"THREE_ENEMY_KILL","is_prod":false,"is_daily":false,"chose_seed":false,"campfire_upgraded":5,"win_rate":0,"timestamp":1554614739,"path_taken":["M","?","M","?","?","R","M","M","T","M","M","$","R","?","R","BOSS","M","M","$","?","M","E","?","?","T","$","?","M","R","E","R","BOSS"],"build_version":"2019-01-23","purchased_purges":1,"victory":false,"max_hp_per_floor":[80,80,80,80,80,80,80,80,80,80,80,80,80,80,80,80,80,80,80,80,80,80,80,80,80,80,80,80,80,80,80,80,80],"card_choices":[{"not_picked":["Flex","Flame Barrier","Searing Blow"],"picked":"SKIP","floor":1.0},{"not_picked":["Blood for Blood","Power Through","Corruption"],"picked":"SKIP","floor":3.0},{"not_picked":["Havoc","Sever Soul"],"picked":"Perfected Strike","floor":7.0},{"not_picked":["Entrench","Armaments","Dropkick"],"picked":"SKIP","floor":8.0},{"not_picked":["Twin Strike","Flame Barrier"],"picked":"Perfected Strike","floor":10.0},{"not_picked":["Armaments","Sentinel","Sword Boomerang"],"picked":"SKIP","floor":11.0},{"not_picked":["Anger","Carnage","Blood for Blood"],"picked":"SKIP","floor":14.0},{"not_picked":["True Grit","Body Slam","Rage"],"picked":"SKIP","floor":18.0},{"not_picked":["Intimidate","Armaments+1"],"picked":"Pommel Strike","floor":19.0},{"not_picked":["Anger","Feel No Pain","Power Through"],"picked":"SKIP","floor":22.0},{"not_picked":["Sword Boomerang","Reckless Charge"],"picked":"Body Slam+1","floor":23.0},{"not_picked":["Feel No Pain","Fire Breathing+1"],"picked":"Wild Strike","floor":29.0},{"not_picked":["Double Tap","Anger","Feel No Pain"],"picked":"SKIP","floor":31.0}],"player_experience":514266,"relics_obtained":[{"floor":9.0,"key":"Anchor"},{"floor":23.0,"key":"Mummified Hand"},{"floor":24.0,"key":"Red Mask"},{"floor":26.0,"key":"Oddly Smooth Stone"},{"floor":31.0,"key":"Whetstone"}],"event_choices":[{"damage_healed":0.0,"max_hp_gain":0.0,"max_hp_loss":0.0,"gold_gain":0.0,"event_name":"Shining Light","player_choice":"Entered Light","floor":2.0,"gold_loss":0.0,"damage_taken":16.0,"cards_upgraded":["Strike_R","Strike_R"]},{"damage_healed":0.0,"max_hp_gain":0.0,"max_hp_loss":0.0,"gold_gain":175.0,"event_name":"Liars Game","player_choice":"AGREE","floor":4.0,"gold_loss":0.0,"damage_taken":0.0,"cards_obtained":["Doubt"]},{"damage_healed":0.0,"max_hp_gain":0.0,"max_hp_loss":0.0,"gold_gain":0.0,"event_name":"Upgrade Shrine","player_choice":"Upgraded","floor":5.0,"gold_loss":0.0,"damage_taken":0.0,"cards_upgraded":["Bash"]},{"damage_healed":0.0,"max_hp_gain":0.0,"max_hp_loss":0.0,"gold_gain":0.0,"event_name":"Nest","player_choice":"Joined the Cult","floor":21.0,"gold_loss":0.0,"damage_taken":6.0,"cards_obtained":["RitualDagger"]},{"damage_healed":0.0,"max_hp_gain":0.0,"max_hp_loss":0.0,"gold_gain":0.0,"event_name":"Masked Bandits","player_choice":"Fought Bandits","floor":24.0,"gold_loss":0.0,"damage_taken":0.0},{"damage_healed":0.0,"max_hp_gain":0.0,"max_hp_loss":0.0,"gold_gain":0.0,"event_name":"Addict","player_choice":"Obtained Relic","floor":25.0,"gold_loss":85.0,"damage_taken":0.0,"relics_obtained":["Matryoshka"]},{"damage_healed":0.0,"max_hp_gain":0.0,"max_hp_loss":0.0,"gold_gain":0.0,"event_name":"Drug Dealer","player_choice":"Obtain J.A.X.","floor":28.0,"gold_loss":0.0,"damage_taken":0.0,"cards_obtained":["J.A.X."]}],"is_beta":false,"boss_relics":[{"not_picked":["Lizard Tail","Runic Cube"],"picked":"Mark of Pain"}],"items_purged_floors":[20],"is_endless":false,"potions_floor_spawned":[3,7,8,16,19,22],"killed_by":"Collector","ascension_level":0}