{"gold_per_floor":[217,234,251,107,127,127,145,12,64,64,64,81,81,96,96,193,193,133,48,48,60,60,60],"floor_reached":23,"playtime":590,"items_purged":["Zap"],"score":208,"play_id":"e1109c04-d347-47ac-9f0e-26a545647a18","local_time":"20190417225242","is_ascension_mode":true,"campfire_choices":[{"data":"Defragment","floor":6,"key":"SMITH"},{"floor":13,"key":"REST"},{"floor":15,"key":"REST"}],"neow_cost":"NONE","seed_source_timestamp":531419554544292,"circlet_count":0,"master_deck":["Defend_B","Defend_B","Defend_B","Dualcast","Melter","Hologram","Defragment+1","Self Repair+1","Barrage","Ball Lightning","Static Discharge","Cold Snap","Genetic Algorithm","Core Surge","Darkness+1","BootSequence+1","Hologram+1","Sweeping Beam","Sweeping Beam+1"],"relics":["Cracked Core","Juzu Bracelet","Astrolabe","Cables"],"potions_floor_usage":[23,23,23],"damage_taken":[{"damage":5,"enemies":"2 Louse","floor":1,"turns":3},{"damage":0,"enemies":"Small Slimes","floor":2,"turns":3},{"damage":12,"enemies":"Jaw Worm","floor":3,"turns":2},{"damage":9,"enemies":"Looter","floor":5,"turns":4},{"damage":29,"enemies":"Lots of Slimes","floor":7,"turns":5},{"damage":9,"enemies":"2 Fungi Beasts","floor":12,"turns":3},{"damage":11,"enemies":"Large Slime","floor":14,"turns":5},{"damage":39,"enemies":"Hexaghost","floor":16,"turns":9},{"damage":20,"enemies":"2 Thieves","floor":18,"turns":4},{"damage":16,"enemies":"Shell Parasite","floor":21,"turns":4},{"damage":34,"enemies":"Colosseum Slavers","floor":22,"turns":4},{"damage":40,"enemies":"Slavers","floor":23,"turns":3}],"seed_played":"4913495738523028798","potions_obtained":[{"floor":7,"key":"SpeedPotion"},{"floor":12,"key":"EssenceOfSteel"},{"floor":16,"key":"Strength Potion"}],"is_trial":false,"path_per_floor":["M","M","M","$","M","R","M","$","T","?","?","M","R","M","R","B",null,"M","?","?","M","?","E"],"character_chosen":"DEFECT","items_purchased":["Self Repair","Static Discharge","Cold Snap"],"campfire_rested":2,"item_purchase_floors":[4,8,8],"current_hp_per_floor":[70,70,58,58,56,56,34,34,34,34,27,28,50,49,71,42,75,65,65,65,59,35,0],"gold":60,"neow_bonus":"HUNDRED_GOLD","is_prod":false,"is_daily":false,"chose_seed":false,"campfire_upgraded":1,"win_rate":0,"timestamp":1555559562,"path_taken":["M","M","M","$","M","R","M","$","T","?","?","M","R","M","R","BOSS","M","?","?","M","?","E"],"build_version":"2019-01-23","purchased_purges":1,"victory":false,"max_hp_per_floor":[75,75,75,75,75,75,75,75,75,75,75,75,75,75,75,75,75,75,75,75,75,75,75],"card_choices":[{"not_picked":["Leap","Gash"],"picked":"Melter","floor":1},{"not_picked":["Leap","White Noise"],"picked":"Hologram","floor":2},{"not_picked":["Skim","Reinforced Body"],"picked":"Defragment","floor":3},{"not_picked":["Streamline","Redo"],"picked":"Barrage","floor":5},{"not_picked":["Steam","Tempest"],"picked":"Ball Lightning","floor":7},{"not_picked":["Hello World","Recycle"],"picked":"Genetic Algorithm","floor":12},{"not_picked":["Heatsinks","White Noise","Melter"],"picked":"SKIP","floor":14},{"not_picked":["Heatsinks","White Noise","Melter"],"picked":"SKIP","floor":14},{"not_picked":["Fission","Meteor Strike"],"picked":"Core Surge","floor":16},{"not_picked":["Hologram","Go for the Eyes"],"picked":"Sweeping Beam","floor":18},{"not_picked":["Turbo","Steam+1"],"picked":"Sweeping Beam+1","floor":21}],"player_experience":203970,"relics_obtained":[{"floor":9,"key":"Juzu Bracelet"}],"event_choices":[{"damage_healed":0,"gold_gain":0,"player_choice":"Grow","damage_taken":0,"max_hp_gain":0,"max_hp_loss":0,"event_name":"Living Wall","floor":10,"gold_loss":0,"cards_upgraded":["Self Repair"]},{"cards_removed":["Strike_B"],"damage_healed":0,"gold_gain":0,"player_choice":"Card Removal","damage_taken":7,"max_hp_gain":0,"max_hp_loss":0,"event_name":"Golden Wing","floor":11,"gold_loss":0},{"damage_healed":0,"gold_gain":0,"player_choice":"Obtained Relic","damage_taken":0,"relics_obtained":["Cables"],"max_hp_gain":0,"max_hp_loss":0,"event_name":"Addict","floor":19,"gold_loss":85},{"cards_removed":["Defend_B"],"damage_healed":0,"gold_gain":0,"player_choice":"Offered Basic","damage_taken":0,"max_hp_gain":0,"max_hp_loss":0,"event_name":"Bonfire Elementals","floor":20,"gold_loss":0},{"damage_healed":0,"gold_gain":0,"player_choice":"Fight","damage_taken":0,"max_hp_gain":0,"max_hp_loss":0,"event_name":"Colosseum","floor":22,"gold_loss":0},{"damage_healed":0,"gold_gain":0,"player_choice":"Fled From Nobs","damage_taken":0,"max_hp_gain":0,"max_hp_loss":0,"event_name":"Colosseum","floor":22,"gold_loss":0}],"is_beta":false,"boss_relics":[{"not_picked":["Ectoplasm","Nuclear Battery"],"picked":"Astrolabe"}],"items_purged_floors":[4],"is_endless":false,"potions_floor_spawned":[7,12,16],"killed_by":"Slavers","ascension_level":3}