{"gold_per_floor":[115,40,115,115,130,160,175,175,175,175,190,207,233,250,250,250],"floor_reached":16,"playtime":492,"items_purged":["Strike_B"],"score":127,"play_id":"e563ade1-a9b3-44c3-b168-40314dfe46bd","local_time":"20190410002112","is_ascension_mode":false,"campfire_choices":[{"data":"Zap","floor":8,"key":"SMITH"},{"data":"Dualcast","floor":10,"key":"SMITH"},{"floor":15,"key":"REST"}],"neow_cost":"NONE","seed_source_timestamp":248924427817227,"circlet_count":0,"master_deck":["Strike_B","Strike_B","Strike_B","Defend_B","Defend_B","Defend_B","Defend_B","Zap+1","Dualcast+1","Echo Form","Redo"],"relics":["Cracked Core","NeowsBlessing","FaceOfCleric","Centennial Puzzle","Molten Egg 2","Odd Mushroom"],"potions_floor_usage":[16,16,16],"damage_taken":[{"damage":0,"enemies":"Jaw Worm","floor":1,"turns":1},{"damage":0,"enemies":"2 Louse","floor":5,"turns":1},{"damage":0,"enemies":"Gremlin Nob","floor":6,"turns":1},{"damage":1,"enemies":"Cultist","floor":7,"turns":3},{"damage":0,"enemies":"Large Slime","floor":11,"turns":3},{"damage":10,"enemies":"Looter","floor":12,"turns":3},{"damage":21,"enemies":"The Mushroom Lair","floor":13,"turns":4},{"damage":16,"enemies":"Lots of Slimes","floor":14,"turns":4},{"damage":67,"enemies":"The Guardian","floor":16,"turns":9}],"seed_played":"6060326428798138309","potions_obtained":[{"floor":6,"key":"SteroidPotion"},{"floor":12,"key":"SkillPotion"},{"floor":13,"key":"Regen Potion"}],"is_trial":false,"path_per_floor":["M","$","?","?","M","E","M","R","T","R","M","M","?","M","R","B"],"character_chosen":"DEFECT","items_purchased":[],"campfire_rested":1,"item_purchase_floors":[],"current_hp_per_floor":[75,75,64,64,65,66,66,66,66,66,67,58,38,23,47,0],"gold":250,"neow_bonus":"THREE_ENEMY_KILL","is_prod":false,"is_daily":false,"chose_seed":false,"campfire_upgraded":2,"win_rate":0,"timestamp":1554880872,"path_taken":["M","$","?","?","?","E","M","R","T","R","M","M","?","M","R","BOSS"],"build_version":"2019-01-23","purchased_purges":1,"victory":false,"max_hp_per_floor":[75,75,75,75,76,77,78,78,78,78,79,80,81,82,82,82],"card_choices":[{"not_picked":["Barrage","Sunder","Sweeping Beam"],"picked":"SKIP","floor":1},{"not_picked":["Sweeping Beam","Go for the Eyes","Gash"],"picked":"SKIP","floor":5},{"not_picked":["Darkness","Rebound"],"picked":"Echo Form","floor":6},{"not_picked":["Steam Power","Chaos","Leap"],"picked":"SKIP","floor":7},{"not_picked":["Sweeping Beam+1","Beam Cell+1"],"picked":"Redo","floor":11},{"not_picked":["Aggregate","Lockon+1","Loop"],"picked":"SKIP","floor":12},{"not_picked":["Hyperbeam+1","Darkness","Redo"],"picked":"SKIP","floor":14}],"player_experience":539951,"relics_obtained":[{"floor":6,"key":"Centennial Puzzle"},{"floor":9,"key":"Molten Egg 2"},{"floor":13,"key":"Odd Mushroom"}],"event_choices":[{"damage_healed":0,"gold_gain":75,"player_choice":"Gather Gold","damage_taken":11,"max_hp_gain":0,"max_hp_loss":0,"event_name":"World of Goop","floor":3,"gold_loss":0},{"damage_healed":0,"gold_gain":0,"player_choice":"Trade","damage_taken":0,"relics_obtained":["FaceOfCleric"],"max_hp_gain":0,"max_hp_loss":0,"event_name":"FaceTrader","floor":4,"gold_loss":0},{"damage_healed":0,"gold_gain":0,"player_choice":"Fought Mushrooms","damage_taken":0,"max_hp_gain":0,"max_hp_loss":0,"event_name":"Mushrooms","floor":13,"gold_loss":0}],"is_beta":false,"boss_relics":[],"items_purged_floors":[2],"is_endless":false,"potions_floor_spawned":[6,12,13,14],"killed_by":"The Guardian","ascension_level":0}