{"gold_per_floor":[209,225,500,261,273,273,50,75,75,86,119,70,83,117,117,216,216,228,248,248,259,271,298,298,298,298,298,298,310,335,355,355,452,452,468,485,585,585,599,630,642,686,751,814,853,396,428,428,428,428],"floor_reached":51,"playtime":2712,"items_purged":["Regret"],"score":898,"play_id":"d0f19c83-eb66-47cc-a81d-65c9b2293c8b","local_time":"20190418132625","is_ascension_mode":false,"campfire_choices":[{"data":"Bash","floor":6,"key":"SMITH"},{"data":"Clothesline","floor":15,"key":"SMITH"},{"data":"Perfected Strike","floor":25,"key":"SMITH"},{"data":"Juggernaut","floor":27,"key":"SMITH"},{"data":"J.A.X.","floor":32,"key":"SMITH"},{"data":"Strike_R+1","floor":49,"key":"PURGE"}],"neow_cost":"NONE","seed_source_timestamp":526019428384900,"circlet_count":0,"master_deck":["Strike_R+1","Strike_R+1","Strike_R+1","Strike_R+1","Defend_R+1","Defend_R+1","Defend_R+1","Defend_R+1","Bash+1","Battle Trance","Perfected Strike+1","Headbutt","PanicButton","Power Through","Shrug It Off+1","Clothesline+1","Iron Wave","Anger","Iron Wave","Iron Wave","Thunderclap","Perfected Strike","Juggernaut+1","Twin Strike","Reaper","J.A.X.+1","True Grit+1","Shrug It Off","Reaper","Cleave+1","Trip+1","Mayhem","Iron Wave+1","Mayhem","Uppercut+1"],"relics":["Burning Blood","Orichalcum","Peace Pipe","Du-Vu Doll","Shuriken","Blood Vial","Busted Crown","Ancient Tea Set","Happy Flower","Art of War","Fusion Hammer","FossilizedHelix","MawBank","Ornamental Fan","Oddly Smooth Stone","Mango","Bottled Tornado","Membership Card","Vajra","War Paint","Unceasing Top","Omamori"],"potions_floor_usage":[14,23,30,37,37,50],"damage_taken":[{"damage":5,"enemies":"Small Slimes","floor":1,"turns":4},{"damage":1,"enemies":"Cultist","floor":2,"turns":3},{"damage":6,"enemies":"Jaw Worm","floor":5,"turns":3},{"damage":10,"enemies":"3 Sentries","floor":8,"turns":9},{"damage":10,"enemies":"Large Slime","floor":10,"turns":4},{"damage":10,"enemies":"Gremlin Nob","floor":11,"turns":4},{"damage":3,"enemies":"2 Fungi Beasts","floor":13,"turns":3},{"damage":13,"enemies":"Lagavulin","floor":14,"turns":7},{"damage":29,"enemies":"The Guardian","floor":16,"turns":9},{"damage":14,"enemies":"2 Thieves","floor":18,"turns":3},{"damage":6,"enemies":"Shell Parasite","floor":19,"turns":4},{"damage":2,"enemies":"Chosen and Byrds","floor":21,"turns":5},{"damage":2,"enemies":"Centurion and Healer","floor":22,"turns":5},{"damage":24,"enemies":"Gremlin Leader","floor":23,"turns":5},{"damage":3,"enemies":"Snecko","floor":29,"turns":3},{"damage":14,"enemies":"Slavers","floor":30,"turns":10},{"damage":10,"enemies":"Chosen and Byrds","floor":31,"turns":5},{"damage":46,"enemies":"Champ","floor":33,"turns":8},{"damage":15,"enemies":"3 Darklings","floor":35,"turns":5},{"damage":6,"enemies":"3 Shapes","floor":36,"turns":4},{"damage":23,"enemies":"Mind Bloom Boss Battle","floor":37,"turns":6},{"damage":3,"enemies":"Transient","floor":39,"turns":5},{"damage":45,"enemies":"Reptomancer","floor":40,"turns":7},{"damage":35,"enemies":"Giant Head","floor":42,"turns":7},{"damage":20,"enemies":"2 Orb Walkers","floor":44,"turns":4},{"damage":19,"enemies":"Reptomancer","floor":45,"turns":6},{"damage":17,"enemies":"Giant Head","floor":47,"turns":6},{"damage":27,"enemies":"Donu and Deca","floor":50,"turns":7}],"seed_played":"-5284755669235389492","potions_obtained":[{"floor":1,"key":"Block Potion"},{"floor":10,"key":"Explosive Potion"},{"floor":13,"key":"Dexterity Potion"},{"floor":19,"key":"Strength Potion"},{"floor":29,"key":"Weak Potion"},{"floor":31,"key":"PowerPotion"},{"floor":33,"key":"Fruit Juice"},{"floor":40,"key":"SpeedPotion"},{"floor":42,"key":"Regen Potion"}],"is_trial":false,"path_per_floor":["M","M","?","$","M","R","$","E","T","M","E","$","M","E","R","B",null,"M","M","?","M","M","E","?","R","T","R","?","M","E","M","R","B",null,"M","M","?","?","M","E","?","E","T","?","E","$","E","T","R","B",null],"character_chosen":"IRONCLAD","items_purchased":["Headbutt","Shrug It Off","PanicButton","Shrug It Off","Clothesline","Orichalcum","Iron Wave","Membership Card","Vajra","War Paint","Mayhem","Block Potion"],"campfire_rested":0,"item_purchase_floors":[4,4,4,7,7,7,12,46,46,46,46,46],"current_hp_per_floor":[80,80,80,80,80,80,80,76,76,72,68,68,71,64,64,43,80,72,74,74,80,80,62,62,62,62,62,62,67,67,71,71,47,80,80,80,80,70,85,78,78,83,83,95,89,89,99,99,99,99],"gold":428,"neow_bonus":"HUNDRED_GOLD","is_prod":false,"is_daily":false,"chose_seed":false,"campfire_upgraded":5,"win_rate":1,"timestamp":1555619185,"path_taken":["M","M","?","$","M","R","$","E","T","M","E","?","M","E","R","BOSS","M","M","?","M","M","E","?","R","T","R","?","M","E","M","R","BOSS","M","M","?","?","M","E","?","E","T","?","E","$","E","?","R","BOSS"],"build_version":"2019-01-23","purchased_purges":1,"victory":true,"max_hp_per_floor":[80,80,80,80,80,80,80,80,80,80,80,80,80,80,80,80,80,80,80,80,80,80,80,80,80,80,80,80,80,80,80,80,80,80,80,80,85,85,85,85,85,85,85,99,99,99,99,99,99,99],"card_choices":[{"not_picked":["Havoc","Armaments"],"picked":"Battle Trance","floor":1},{"not_picked":["Metallicize","Wild Strike"],"picked":"Perfected Strike","floor":2},{"not_picked":["Flex","Clash"],"picked":"Power Through","floor":5},{"not_picked":["Ghostly Armor","Clothesline"],"picked":"Iron Wave","floor":8},{"not_picked":["Wild Strike","True Grit"],"picked":"Anger","floor":10},{"not_picked":["Thunderclap","Combust"],"picked":"Iron Wave","floor":11},{"not_picked":["Barricade","Clash"],"picked":"Thunderclap","floor":13},{"not_picked":["Entrench","Iron Wave"],"picked":"Perfected Strike","floor":14},{"not_picked":["Bludgeon","Dark Embrace"],"picked":"Juggernaut","floor":16},{"not_picked":["Clothesline"],"picked":"SKIP","floor":18},{"not_picked":[],"picked":"Twin Strike","floor":19},{"not_picked":["Burning Pact"],"picked":"SKIP","floor":21},{"not_picked":["Combust"],"picked":"SKIP","floor":22},{"not_picked":[],"picked":"Reaper","floor":23},{"not_picked":["Entrench"],"picked":"SKIP","floor":29},{"not_picked":[],"picked":"True Grit+1","floor":30},{"not_picked":[],"picked":"Shrug It Off","floor":31},{"not_picked":[],"picked":"Reaper","floor":33},{"not_picked":["Heavy Blade"],"picked":"SKIP","floor":35},{"not_picked":[],"picked":"Cleave+1","floor":36},{"not_picked":[],"picked":"Trip","floor":38},{"not_picked":[],"picked":"Mayhem","floor":38},{"not_picked":["Power Through"],"picked":"SKIP","floor":39},{"not_picked":["Fire Breathing"],"picked":"SKIP","floor":40},{"not_picked":[],"picked":"Iron Wave+1","floor":42},{"not_picked":["Anger+1"],"picked":"SKIP","floor":45},{"not_picked":[],"picked":"Uppercut+1","floor":47}],"player_experience":437583,"relics_obtained":[{"floor":8,"key":"Peace Pipe"},{"floor":9,"key":"Du-Vu Doll"},{"floor":11,"key":"Shuriken"},{"floor":14,"key":"Blood Vial"},{"floor":23,"key":"Ancient Tea Set"},{"floor":26,"key":"Happy Flower"},{"floor":30,"key":"Art of War"},{"floor":37,"key":"FossilizedHelix"},{"floor":40,"key":"MawBank"},{"floor":42,"key":"Ornamental Fan"},{"floor":43,"key":"Oddly Smooth Stone"},{"floor":44,"key":"Mango"},{"floor":45,"key":"Bottled Tornado"},{"floor":47,"key":"Unceasing Top"},{"floor":48,"key":"Omamori"}],"event_choices":[{"damage_healed":0,"gold_gain":275,"player_choice":"Desecrate","damage_taken":0,"max_hp_gain":0,"max_hp_loss":0,"event_name":"Golden Shrine","floor":3,"gold_loss":0,"cards_obtained":["Regret"]},{"damage_healed":0,"gold_gain":0,"player_choice":"Ignored","damage_taken":0,"max_hp_gain":0,"max_hp_loss":0,"event_name":"Ghosts","floor":20,"gold_loss":0},{"damage_healed":0,"gold_gain":0,"player_choice":"Obtain J.A.X.","damage_taken":0,"max_hp_gain":0,"max_hp_loss":0,"event_name":"Drug Dealer","floor":24,"gold_loss":0,"cards_obtained":["J.A.X."]},{"damage_healed":0,"gold_gain":0,"player_choice":"Simplicity","damage_taken":0,"max_hp_gain":0,"max_hp_loss":0,"event_name":"Back to Basics","floor":28,"gold_loss":0,"cards_upgraded":["Strike_R","Strike_R","Strike_R","Strike_R","Strike_R","Defend_R","Defend_R","Defend_R","Defend_R"]},{"damage_healed":0,"gold_gain":0,"player_choice":"Fight","damage_taken":0,"max_hp_gain":0,"max_hp_loss":0,"event_name":"MindBloom","floor":37,"gold_loss":0},{"damage_healed":0,"gold_gain":0,"player_choice":"Memory 3","damage_taken":10,"max_hp_gain":0,"max_hp_loss":0,"event_name":"SensoryStone","floor":38,"gold_loss":0},{"cards_removed":["Shrug It Off"],"damage_healed":0,"gold_gain":0,"player_choice":"Removed Skill","damage_taken":0,"max_hp_gain":0,"max_hp_loss":0,"event_name":"Falling","floor":41,"gold_loss":0},{"damage_healed":0,"gold_gain":0,"player_choice":"Fight","damage_taken":0,"max_hp_gain":0,"max_hp_loss":0,"event_name":"Mysterious Sphere","floor":44,"gold_loss":0}],"is_beta":false,"boss_relics":[{"not_picked":["Runic Cube","Black Blood"],"picked":"Busted Crown"},{"not_picked":["Tiny House","White Beast Statue"],"picked":"Fusion Hammer"}],"items_purged_floors":[4],"is_endless":false,"potions_floor_spawned":[1,10,13,19,29,31,33,40,42,47],"ascension_level":0}