{"gold_per_floor":[18,37,50,50,50,78,97,130,130,130,149,167,197,112,112,216,216,228,228,238,238,251,251,251,327,327,3,17,50,50],"floor_reached":30,"playtime":3084,"items_purged":["Strike_R"],"score":322,"play_id":"b49b4218-8c3c-4754-8a38-7da40c1a0045","local_time":"20190416172717","is_ascension_mode":true,"campfire_choices":[{"floor":10.0,"key":"REST"},{"floor":15.0,"key":"REST"},{"floor":23,"key":"REST"},{"floor":24,"key":"REST"}],"neow_cost":"NO_GOLD","seed_source_timestamp":0,"circlet_count":0,"master_deck":["Strike_R","Strike_R","Strike_R","Strike_R","Defend_R","Defend_R","Defend_R","Defend_R","Bash","Berserk","Armaments","Intimidate","Warcry","Warcry","Ghostly Armor","Shrug It Off","Feed","Finesse","Demon Form+1","True Grit+1","Flex","Metallicize"],"special_seed":0,"relics":["Burning Blood","Mummified Hand","Ornamental Fan","WingedGreaves","Charon\u0027s Ashes","Mercury Hourglass","Black Star","Letter Opener","Nunchaku","Bottled Tornado","Pen Nib","Self Forming Clay"],"potions_floor_usage":[],"damage_taken":[{"damage":13.0,"enemies":"Jaw Worm","floor":1.0,"turns":3.0},{"damage":6.0,"enemies":"Small Slimes","floor":2.0,"turns":4.0},{"damage":1.0,"enemies":"2 Louse","floor":3.0,"turns":4.0},{"damage":34.0,"enemies":"3 Sentries","floor":6.0,"turns":12.0},{"damage":7.0,"enemies":"2 Fungi Beasts","floor":7.0,"turns":4.0},{"damage":15.0,"enemies":"Gremlin Nob","floor":8.0,"turns":4.0},{"damage":16.0,"enemies":"Red Slaver","floor":11.0,"turns":4.0},{"damage":9.0,"enemies":"Exordium Thugs","floor":12.0,"turns":6.0},{"damage":24.0,"enemies":"Lagavulin","floor":13.0,"turns":11.0},{"damage":31.0,"enemies":"The Guardian","floor":16.0,"turns":16.0},{"damage":37.0,"enemies":"Spheric Guardian","floor":18.0,"turns":7.0},{"damage":21.0,"enemies":"Chosen","floor":20.0,"turns":5.0},{"damage":14.0,"enemies":"Snake Plant","floor":22.0,"turns":6.0},{"damage":48,"enemies":"Centurion and Healer","floor":28,"turns":7},{"damage":36,"enemies":"Slavers","floor":29,"turns":5},{"damage":15,"enemies":"Shelled Parasite and Fungi","floor":30,"turns":5}],"seed_played":"-1305653188071345009","potions_obtained":[{"floor":1.0,"key":"Swift Potion"},{"floor":2.0,"key":"EssenceOfSteel"},{"floor":11.0,"key":"Weak Potion"},{"floor":12.0,"key":"Block Potion"},{"floor":18.0,"key":"AttackPotion"},{"floor":20.0,"key":"SkillPotion"}],"is_trial":false,"path_per_floor":["?","?","?","?","M","T"],"character_chosen":"IRONCLAD","items_purchased":["Finesse","Bottled Tornado"],"campfire_rested":4,"item_purchase_floors":[14,27],"current_hp_per_floor":[73,73,78,83,65,37,36,27,27,52,42,39,21,21,46,21,85,54,38,26,26,21,49,77,77,77,77,39,12,0],"gold":50,"neow_bonus":"THREE_RARE_CARDS","is_prod":false,"is_daily":false,"chose_seed":false,"campfire_upgraded":0,"win_rate":0,"timestamp":1555428437,"path_taken":["M","M","M","?","?","E","M","E","T","R","M","M","E","$","R","BOSS","M","?","M","?","?","R","R","?","T","$","M","E","M"],"build_version":"2019-01-23","purchased_purges":1,"victory":false,"max_hp_per_floor":[80,80,80,85,85,85,85,85,85,85,85,85,85,85,85,85,85,85,90,93,93,96,96,96,96,96,96,100,103,103],"card_choices":[{"not_picked":["Impervious","Fiend Fire"],"picked":"Berserk","floor":0.0},{"not_picked":["Burning Pact","Rampage"],"picked":"Armaments","floor":1.0},{"not_picked":["Cleave","Thunderclap"],"picked":"Intimidate","floor":2.0},{"not_picked":["Armaments","Heavy Blade","Wild Strike"],"picked":"SKIP","floor":3.0},{"not_picked":["True Grit","Fire Breathing","Disarm"],"picked":"SKIP","floor":6.0},{"not_picked":["Iron Wave","Hemokinesis"],"picked":"Warcry","floor":7.0},{"not_picked":["Clothesline","Armaments"],"picked":"Warcry","floor":8.0},{"not_picked":["Headbutt","Wild Strike"],"picked":"Ghostly Armor","floor":11.0},{"not_picked":["Wild Strike","Iron Wave"],"picked":"Shrug It Off","floor":12.0},{"not_picked":["Fire Breathing","Second Wind"],"picked":"Feed","floor":13.0},{"not_picked":["Impervious","Barricade"],"picked":"Demon Form","floor":16.0},{"not_picked":["Iron Wave","Thunderclap","Sword Boomerang+1"],"picked":"SKIP","floor":18.0},{"not_picked":["Carnage","Dual Wield"],"picked":"True Grit+1","floor":20.0},{"not_picked":["Twin Strike","Thunderclap"],"picked":"Flex","floor":22.0},{"not_picked":["Havoc","Wild Strike"],"picked":"Metallicize","floor":28},{"not_picked":["Anger","Whirlwind","Wild Strike"],"picked":"SKIP","floor":29}],"player_experience":112078,"relics_obtained":[{"floor":6.0,"key":"Ornamental Fan"},{"floor":8.0,"key":"WingedGreaves"},{"floor":9.0,"key":"Charon\u0027s Ashes"},{"floor":13.0,"key":"Mercury Hourglass"},{"floor":25,"key":"Letter Opener"},{"floor":26,"key":"Nunchaku"},{"floor":29,"key":"Pen Nib"},{"floor":29,"key":"Self Forming Clay"}],"event_choices":[{"damage_healed":0.0,"max_hp_gain":5.0,"max_hp_loss":0.0,"gold_gain":0.0,"event_name":"Big Fish","player_choice":"Donut","floor":4.0,"gold_loss":0.0,"damage_taken":0.0},{"damage_healed":0.0,"max_hp_gain":0.0,"max_hp_loss":0.0,"gold_gain":0.0,"event_name":"Scrap Ooze","player_choice":"Success","floor":5.0,"gold_loss":0.0,"damage_taken":18.0,"relics_obtained":["Mummified Hand"]},{"damage_healed":0.0,"max_hp_gain":5.0,"max_hp_loss":0.0,"gold_gain":0.0,"event_name":"Forgotten Altar","player_choice":"Shed Blood","floor":19.0,"gold_loss":0.0,"damage_taken":21.0},{"damage_healed":0.0,"max_hp_gain":0.0,"max_hp_loss":0.0,"gold_gain":0.0,"event_name":"Upgrade Shrine","player_choice":"Upgraded","floor":21.0,"gold_loss":0.0,"damage_taken":0.0,"cards_upgraded":["Demon Form"]}],"is_beta":false,"boss_relics":[{"not_picked":["Calling Bell","Eternal Feather"],"picked":"Black Star"}],"items_purged_floors":[27],"is_endless":false,"potions_floor_spawned":[1,2,11,12,18,20],"killed_by":"Shelled Parasite and Fungi","ascension_level":2}