{"gold_per_floor":[110,124,30,47,47,82,82,0,0,0,11,11,11,11,11,113,113,129,129,149,149,149],"floor_reached":22,"playtime":673,"items_purged":[],"score":209,"play_id":"00e7fc3b-2871-4ec5-b83a-cd2bb13b6614","local_time":"20190416011459","is_ascension_mode":true,"campfire_choices":[{"data":"Zap","floor":7,"key":"SMITH"},{"floor":12,"key":"REST"},{"floor":15,"key":"REST"}],"neow_cost":"NONE","seed_source_timestamp":367072863608159,"circlet_count":0,"master_deck":["Zap+1","Dualcast","Sweeping Beam","Gash","Glacier","Steam","Sunder","Redo","Echo Form+1","Heatsinks","Amplify","Force Field","Hyperbeam","Go for the Eyes","Beam Cell","Leap","Sunder","Hyperbeam","White Noise","Streamline+1","Glacier"],"relics":["Cracked Core","Art of War","Dodecahedron","Regal Pillow","Matryoshka","Pandora\u0027s Box","Incense Burner"],"potions_floor_usage":[],"damage_taken":[{"damage":6,"enemies":"Cultist","floor":1,"turns":4},{"damage":4,"enemies":"2 Louse","floor":2,"turns":2},{"damage":6,"enemies":"Jaw Worm","floor":4,"turns":4},{"damage":28,"enemies":"3 Sentries","floor":6,"turns":11},{"damage":18,"enemies":"Red Slaver","floor":11,"turns":3},{"damage":15,"enemies":"The Guardian","floor":16,"turns":12},{"damage":8,"enemies":"Chosen","floor":18,"turns":2},{"damage":42,"enemies":"2 Thieves","floor":20,"turns":4},{"damage":66,"enemies":"Cultist and Chosen","floor":22,"turns":6}],"seed_played":"5578683823112953448","potions_obtained":[{"floor":1,"key":"EssenceOfSteel"},{"floor":6,"key":"PowerPotion"},{"floor":11,"key":"EssenceOfSteel"}],"is_trial":false,"path_per_floor":["M","M","$","M","?","E","R","$","T","$","M","R","?","T","R","B",null,"M","?","M","?","M"],"character_chosen":"DEFECT","items_purchased":["Glacier","Steam","Echo Form"],"campfire_rested":2,"item_purchase_floors":[3,3,8],"current_hp_per_floor":[69,65,65,59,59,31,31,31,31,31,13,50,50,50,75,60,75,67,67,25,50,0],"gold":149,"neow_bonus":"RANDOM_COMMON_RELIC","is_prod":false,"is_daily":false,"chose_seed":false,"campfire_upgraded":1,"win_rate":0,"timestamp":1555395299,"path_taken":["M","?","$","M","?","E","R","$","T","?","?","R","?","?","R","BOSS","M","?","M","?","?"],"build_version":"2019-01-23","purchased_purges":0,"victory":false,"max_hp_per_floor":[75,75,75,75,75,75,75,75,75,75,75,75,75,75,75,75,75,75,75,75,75,75],"card_choices":[{"not_picked":["Turbo","Beam Cell"],"picked":"Sweeping Beam","floor":1},{"not_picked":["Compile Driver","Barrage"],"picked":"Gash","floor":2},{"not_picked":["Loop","Go for the Eyes"],"picked":"Sunder","floor":4},{"not_picked":["Stack","Steam Power"],"picked":"Redo","floor":6},{"not_picked":["All For One","Stack"],"picked":"Heatsinks","floor":11},{"not_picked":["Thunder Strike","Meteor Strike"],"picked":"Amplify","floor":16},{"not_picked":["Coolheaded","Loop+1"],"picked":"Streamline+1","floor":18},{"not_picked":["Ball Lightning+1","Fusion+1"],"picked":"Glacier","floor":20}],"player_experience":191840,"relics_obtained":[{"floor":6,"key":"Dodecahedron"},{"floor":9,"key":"Regal Pillow"},{"floor":14,"key":"Matryoshka"}],"event_choices":[{"damage_healed":0,"gold_gain":0,"player_choice":"Leave","damage_taken":0,"max_hp_gain":0,"max_hp_loss":0,"event_name":"The Cleric","floor":5,"gold_loss":0},{"damage_healed":0,"gold_gain":0,"player_choice":"Grow","damage_taken":0,"max_hp_gain":0,"max_hp_loss":0,"event_name":"Living Wall","floor":13,"gold_loss":0,"cards_upgraded":["Echo Form"]},{"damage_healed":0,"gold_gain":0,"player_choice":"Opened","damage_taken":0,"relics_obtained":["Incense Burner"],"max_hp_gain":0,"max_hp_loss":0,"event_name":"The Mausoleum","floor":19,"gold_loss":0},{"damage_healed":25,"gold_gain":0,"player_choice":"Heal","damage_taken":0,"max_hp_gain":0,"max_hp_loss":0,"event_name":"The Library","floor":21,"gold_loss":0}],"is_beta":false,"boss_relics":[{"not_picked":["Ectoplasm","Velvet Choker"],"picked":"Pandora\u0027s Box"}],"items_purged_floors":[],"is_endless":false,"potions_floor_spawned":[1,6,11,20],"killed_by":"Cultist and Chosen","ascension_level":3}