{"gold_per_floor":[117,117,117,22,22,22,22,39,62,62,62,62,97,26,26,124,124,136,136,96,111,182,182,210,210,236,248,248,71,82,99,99,204,204,222,222,222,222,222,247,16,47,100,118,118,118],"floor_reached":46,"playtime":1214,"items_purged":["Chaos"],"score":562,"play_id":"226ddc7e-5743-4e88-9e17-94c0784f4542","local_time":"20190412181630","is_ascension_mode":true,"campfire_choices":[{"data":"Dualcast","floor":6,"key":"SMITH"},{"data":"Capacitor","floor":10,"key":"SMITH"},{"floor":15,"key":"REST"},{"data":"Biased Cognition","floor":23,"key":"SMITH"},{"floor":25,"key":"REST"},{"floor":28,"key":"REST"},{"data":"Biased Cognition","floor":32,"key":"SMITH"}],"neow_cost":"NONE","seed_source_timestamp":82221558378901,"circlet_count":0,"master_deck":["Zap+1","Dualcast+1","Steam","Capacitor+1","Leap","Parasite","Beam Cell","FTL","Gash","Biased Cognition+1","Compile Driver","Steam","Blizzard","Electrodynamics","Scrape","White Noise","Rip and Tear+1","Electrodynamics","Beam Cell+1","Biased Cognition+1","Ball Lightning","Self Repair","Self Repair+1","Cold Snap","Coolheaded","Glacier","Cold Snap+1","Thunder Strike","Cold Snap+1","Sweeping Beam","BootSequence","Master of Strategy","Ball Lightning","Double Energy+1"],"relics":["Cracked Core","Dream Catcher","Oddly Smooth Stone","Juzu Bracelet","Gremlin Horn","Pandora\u0027s Box","Symbiotic Virus","Bottled Lightning","Blood Vial","Inserter","Emotion Chip","Pen Nib"],"potions_floor_usage":[33,33,33],"damage_taken":[{"damage":4,"enemies":"2 Louse","floor":1,"turns":2},{"damage":0,"enemies":"Jaw Worm","floor":8,"turns":2},{"damage":48,"enemies":"Gremlin Nob","floor":13,"turns":5},{"damage":18,"enemies":"Slime Boss","floor":16,"turns":12},{"damage":0,"enemies":"3 Byrds","floor":18,"turns":2},{"damage":5,"enemies":"Chosen","floor":21,"turns":4},{"damage":30,"enemies":"Gremlin Leader","floor":24,"turns":3},{"damage":30,"enemies":"Centurion and Healer","floor":27,"turns":4},{"damage":1,"enemies":"Snecko","floor":30,"turns":4},{"damage":33,"enemies":"Cultist and Chosen","floor":31,"turns":7},{"damage":36,"enemies":"Champ","floor":33,"turns":9},{"damage":20,"enemies":"3 Shapes","floor":35,"turns":3},{"damage":35,"enemies":"Reptomancer","floor":40,"turns":5},{"damage":49,"enemies":"Nemesis","floor":42,"turns":7},{"damage":0,"enemies":"Orb Walker","floor":44,"turns":2},{"damage":30,"enemies":"Transient","floor":46,"turns":5}],"seed_played":"-3027118752098471368","potions_obtained":[{"floor":1,"key":"LiquidBronze"},{"floor":16,"key":"SteroidPotion"},{"floor":18,"key":"FearPotion"},{"floor":31,"key":"Weak Potion"},{"floor":40,"key":"Explosive Potion"},{"floor":42,"key":"Ancient Potion"}],"is_trial":false,"path_per_floor":["M","?","?","$","?","R","?","M","T","R","?","?","E","$","R","B",null,"M","?","?","M","T","R","E","R","T","M","R","$","M","M","R","B",null,"M","?","?","?","?","E","$","E","T","M","?","M"],"character_chosen":"DEFECT","items_purchased":["Capacitor","Leap","FTL","Cold Snap","Coolheaded","BootSequence","Master of Strategy"],"campfire_rested":3,"item_purchase_floors":[4,4,14,29,29,41,41],"current_hp_per_floor":[71,71,56,56,56,56,56,56,56,56,56,74,26,26,48,30,75,75,75,75,70,70,70,40,62,62,41,63,63,71,54,54,34,75,69,69,69,69,69,53,53,23,23,25,25,0],"gold":118,"neow_bonus":"RANDOM_COMMON_RELIC","is_prod":false,"is_daily":false,"chose_seed":false,"campfire_upgraded":4,"win_rate":0,"timestamp":1555110990,"path_taken":["M","?","?","$","?","R","?","?","T","R","?","?","E","?","R","BOSS","M","?","?","M","?","R","E","R","T","M","R","$","M","M","R","BOSS","M","?","?","?","?","E","$","E","T","M","?","M"],"build_version":"2019-01-23","purchased_purges":1,"victory":false,"max_hp_per_floor":[75,75,75,75,75,75,75,75,75,75,75,75,75,75,75,75,75,75,75,75,75,75,75,75,75,75,75,75,75,75,75,75,75,75,75,75,71,71,71,71,71,71,71,71,71,71],"card_choices":[{"not_picked":["Ball Lightning","Consume"],"picked":"Steam","floor":1},{"not_picked":["Steam","Redo"],"picked":"Beam Cell","floor":8},{"not_picked":["Chill","Rebound"],"picked":"Beam Cell","floor":13},{"not_picked":["Leap","Turbo"],"picked":"Gash","floor":15},{"not_picked":["Creative AI","Buffer"],"picked":"Biased Cognition","floor":16},{"not_picked":["White Noise","Turbo"],"picked":"Beam Cell","floor":18},{"not_picked":["Steam","Compile Driver+1"],"picked":"Ball Lightning","floor":21},{"not_picked":["Go for the Eyes","Storm+1"],"picked":"Self Repair","floor":24},{"not_picked":["Melter+1","Fusion+1"],"picked":"Chaos","floor":25},{"not_picked":["Electrodynamics","Melter","White Noise"],"picked":"SKIP","floor":27},{"not_picked":["Stack","Reinforced Body"],"picked":"Self Repair","floor":28},{"not_picked":["Rebound","Hologram+1"],"picked":"Glacier","floor":30},{"not_picked":["Doom and Gloom","Leap+1"],"picked":"Cold Snap+1","floor":31},{"not_picked":["Electrodynamics","Rainbow"],"picked":"Thunder Strike","floor":33},{"not_picked":["Stack+1","Hologram"],"picked":"Cold Snap+1","floor":35},{"not_picked":["Gash","FTL"],"picked":"Sweeping Beam","floor":40},{"not_picked":["Hello World+1","Beam Cell+1"],"picked":"Ball Lightning","floor":42},{"not_picked":["Darkness+1","Machine Learning"],"picked":"Double Energy+1","floor":44}],"player_experience":159707,"relics_obtained":[{"floor":9,"key":"Juzu Bracelet"},{"floor":13,"key":"Gremlin Horn"},{"floor":22,"key":"Symbiotic Virus"},{"floor":24,"key":"Bottled Lightning"},{"floor":26,"key":"Blood Vial"},{"floor":40,"key":"Emotion Chip"},{"floor":42,"key":"Pen Nib"}],"event_choices":[{"damage_healed":0,"gold_gain":0,"player_choice":"Grow","damage_taken":0,"max_hp_gain":0,"max_hp_loss":0,"event_name":"Living Wall","floor":2,"gold_loss":0,"cards_upgraded":["Zap"]},{"damage_healed":0,"gold_gain":0,"player_choice":"Entered Light","damage_taken":15,"max_hp_gain":0,"max_hp_loss":0,"event_name":"Shining Light","floor":3,"gold_loss":0,"cards_upgraded":["Strike_B","Defend_B"]},{"damage_healed":0,"gold_gain":0,"player_choice":"Leave","damage_taken":0,"max_hp_gain":0,"max_hp_loss":0,"event_name":"The Cleric","floor":5,"gold_loss":0},{"damage_healed":0,"gold_gain":0,"player_choice":"Gave Potion","damage_taken":0,"relics_obtained":["Oddly Smooth Stone"],"max_hp_gain":0,"max_hp_loss":0,"event_name":"WeMeetAgain","floor":7,"gold_loss":0},{"damage_healed":0,"gold_gain":0,"player_choice":"Searched \u00270\u0027 times","damage_taken":0,"max_hp_gain":0,"max_hp_loss":0,"event_name":"Dead Adventurer","floor":11,"gold_loss":0},{"damage_healed":18,"gold_gain":0,"player_choice":"Healed and dodged fight","damage_taken":0,"max_hp_gain":0,"max_hp_loss":0,"event_name":"Mushrooms","floor":12,"gold_loss":0,"cards_obtained":["Parasite"]},{"damage_healed":0,"gold_gain":0,"player_choice":"Copied","damage_taken":0,"max_hp_gain":0,"max_hp_loss":0,"event_name":"Duplicator","floor":19,"gold_loss":0,"cards_obtained":["Biased Cognition"]},{"damage_healed":0,"gold_gain":0,"player_choice":"Upgraded Two","damage_taken":0,"max_hp_gain":0,"max_hp_loss":0,"event_name":"Designer","floor":20,"gold_loss":40,"cards_upgraded":["Beam Cell","Rip and Tear"]},{"damage_healed":0,"gold_gain":0,"player_choice":"Ignored","damage_taken":0,"max_hp_gain":0,"max_hp_loss":0,"event_name":"Tomb of Lord Red Mask","floor":36,"gold_loss":0},{"damage_healed":0,"gold_gain":0,"player_choice":"Max HP","damage_taken":0,"max_hp_gain":0,"max_hp_loss":4,"event_name":"Winding Halls","floor":37,"gold_loss":0},{"damage_healed":0,"gold_gain":0,"player_choice":"Ignored","damage_taken":0,"max_hp_gain":0,"max_hp_loss":0,"event_name":"Mysterious Sphere","floor":38,"gold_loss":0},{"damage_healed":0,"gold_gain":0,"player_choice":"Upgraded","damage_taken":0,"max_hp_gain":0,"max_hp_loss":0,"event_name":"Upgrade Shrine","floor":39,"gold_loss":0,"cards_upgraded":["Self Repair"]},{"cards_removed":["Beam Cell"],"damage_healed":0,"gold_gain":0,"player_choice":"Removed Attack","damage_taken":0,"max_hp_gain":0,"max_hp_loss":0,"event_name":"Falling","floor":45,"gold_loss":0}],"is_beta":false,"boss_relics":[{"not_picked":["Empty Cage","Tiny House"],"picked":"Pandora\u0027s Box"},{"not_picked":["Eternal Feather","Snecko Eye"],"picked":"Inserter"}],"items_purged_floors":[29],"is_endless":false,"potions_floor_spawned":[1,16,18,31,40,42],"killed_by":"Transient","ascension_level":2}