{"gold_per_floor":[211,311,324,249,269,298,310,127,151,182,57,87],"floor_reached":12,"playtime":426,"items_purged":["Defend_R","Strike_R","Strike_R"],"score":90,"play_id":"cffe2280-6c33-4a86-a034-a1a78d8782f3","local_time":"20190417021335","is_ascension_mode":true,"campfire_choices":[],"neow_cost":"NONE","seed_source_timestamp":62007773924917,"circlet_count":0,"master_deck":["Strike_R","Strike_R","Strike_R","Defend_R","Defend_R","Defend_R","Bash","Thunderclap","Madness","Juggernaut"],"relics":["Burning Blood","MawBank","Golden Idol","Juzu Bracelet","Bag of Preparation"],"potions_floor_usage":[6,12],"damage_taken":[{"damage":6,"enemies":"Small Slimes","floor":1,"turns":4},{"damage":1,"enemies":"Cultist","floor":3,"turns":3},{"damage":8,"enemies":"Jaw Worm","floor":5,"turns":3},{"damage":14,"enemies":"Gremlin Nob","floor":6,"turns":3},{"damage":35,"enemies":"3 Sentries","floor":10,"turns":9},{"damage":26,"enemies":"3 Sentries","floor":12,"turns":3}],"seed_played":"7948041810053438770","potions_obtained":[{"floor":1,"key":"Strength Potion"},{"floor":6,"key":"FearPotion"}],"is_trial":false,"path_per_floor":["M","?","M","$","M","E","?","$","T","E","$","?"],"character_chosen":"IRONCLAD","items_purchased":["Madness"],"campfire_rested":0,"item_purchase_floors":[8],"current_hp_per_floor":[80,80,80,80,78,70,50,50,50,21,21,0],"gold":87,"neow_bonus":"HUNDRED_GOLD","is_prod":false,"is_daily":false,"chose_seed":false,"campfire_upgraded":0,"win_rate":0,"timestamp":1555492415,"path_taken":["M","?","?","$","M","E","?","$","T","E","?","?"],"build_version":"2019-01-23","purchased_purges":3,"victory":false,"max_hp_per_floor":[80,80,80,80,80,80,80,80,80,80,80,80],"card_choices":[{"not_picked":["Whirlwind","Carnage","Feel No Pain"],"picked":"SKIP","floor":1},{"not_picked":["Cleave","Rage","Metallicize"],"picked":"SKIP","floor":3},{"not_picked":["Shockwave","Headbutt"],"picked":"Thunderclap","floor":5},{"not_picked":["Rampage","Flame Barrier","Shockwave"],"picked":"SKIP","floor":6},{"not_picked":["True Grit","Shockwave"],"picked":"Juggernaut","floor":10}],"player_experience":558286,"relics_obtained":[{"floor":6,"key":"MawBank"},{"floor":9,"key":"Juzu Bracelet"},{"floor":10,"key":"Bag of Preparation"}],"event_choices":[{"damage_healed":0,"gold_gain":100,"player_choice":"Gold","damage_taken":0,"max_hp_gain":0,"max_hp_loss":0,"event_name":"Wheel of Change","floor":2,"gold_loss":0},{"damage_healed":0,"gold_gain":0,"player_choice":"Take Damage","damage_taken":20,"relics_obtained":["Golden Idol"],"max_hp_gain":0,"max_hp_loss":0,"event_name":"Golden Idol","floor":7,"gold_loss":0},{"damage_healed":0,"gold_gain":30,"player_choice":"Searched \u00272\u0027 times","damage_taken":0,"max_hp_gain":0,"max_hp_loss":0,"event_name":"Dead Adventurer","floor":12,"gold_loss":0}],"is_beta":false,"boss_relics":[],"items_purged_floors":[4,8,11],"is_endless":false,"potions_floor_spawned":[1,6],"killed_by":"3 Sentries","ascension_level":1}