{"gold_per_floor":[119,119,294,294,219,245,245,272,272,300,311,261,336,348,348,447,447,462,362,237,257,107,107,118,131,200,125,144,144,144,144,144,144],"floor_reached":33,"playtime":1009,"items_purged":["Doubt","Defend_R","Strike_R","Defend_R"],"score":274,"play_id":"95379f7c-7d7c-45e8-9735-674895ca9d86","local_time":"20190417124440","is_ascension_mode":true,"campfire_choices":[{"data":"Bash","floor":7,"key":"SMITH"},{"floor":15,"key":"REST"},{"data":"Clash","floor":23,"key":"SMITH"},{"floor":32,"key":"REST"}],"neow_cost":"NONE","seed_source_timestamp":65173845158646,"circlet_count":0,"master_deck":["Strike_R","Strike_R","Defend_R","Defend_R","Bash+1","Clash+1","Dropkick"],"relics":["Sozu","WingedGreaves","Kunai","Paper Frog","Darkstone Periapt","Blood Vial","Eternal Feather","Question Card","MutagenicStrength"],"potions_floor_usage":[],"damage_taken":[{"damage":2,"enemies":"2 Louse","floor":1,"turns":3},{"damage":32,"enemies":"Lagavulin","floor":6,"turns":9},{"damage":20,"enemies":"3 Sentries","floor":8,"turns":10},{"damage":15,"enemies":"Gremlin Nob","floor":10,"turns":4},{"damage":1,"enemies":"Jaw Worm","floor":11,"turns":3},{"damage":0,"enemies":"Small Slimes","floor":14,"turns":2},{"damage":13,"enemies":"Hexaghost","floor":16,"turns":9},{"damage":15,"enemies":"2 Thieves","floor":18,"turns":4},{"damage":13,"enemies":"Shell Parasite","floor":21,"turns":5},{"damage":10,"enemies":"3 Cultists","floor":24,"turns":4},{"damage":33,"enemies":"Snake Plant","floor":25,"turns":4},{"damage":9,"enemies":"Snecko","floor":28,"turns":4},{"damage":7,"enemies":"Colosseum Slavers","floor":30,"turns":3},{"damage":57,"enemies":"Collector","floor":33,"turns":5}],"seed_played":"-527740245232214496","potions_obtained":[],"is_trial":false,"path_per_floor":["M","?","?","T","$","E","R","E","T","E","M","?","?","M","R","B",null,"M","$","$","M","$","R","M","M","T","?","M","?","?","?","R","B"],"character_chosen":"IRONCLAD","items_purchased":[],"campfire_rested":2,"item_purchase_floors":[],"current_hp_per_floor":[78,83,83,83,83,51,51,31,31,16,17,17,6,8,33,22,85,70,70,70,59,59,62,54,23,23,23,16,16,11,11,39,0],"gold":144,"neow_bonus":"BOSS_RELIC","is_prod":false,"is_daily":false,"chose_seed":false,"campfire_upgraded":2,"win_rate":0,"timestamp":1555530280,"path_taken":["M","?","?","?","$","E","R","E","T","E","M","?","?","M","R","BOSS","M","$","$","M","$","R","M","M","T","?","M","?","?","?","R","BOSS"],"build_version":"2019-01-23","purchased_purges":4,"victory":false,"max_hp_per_floor":[80,85,85,85,85,85,85,85,85,85,85,85,85,85,85,85,85,85,85,85,85,85,85,85,85,85,85,85,85,85,85,85,85],"card_choices":[{"not_picked":["Heavy Blade","Clothesline","Armaments"],"picked":"SKIP","floor":1},{"not_picked":["Whirlwind","Havoc","Bloodletting"],"picked":"SKIP","floor":6},{"not_picked":["Cleave","Metallicize","Warcry"],"picked":"SKIP","floor":8},{"not_picked":["Shockwave","Offering","Warcry"],"picked":"SKIP","floor":10},{"not_picked":["Blood for Blood","Rupture","Anger"],"picked":"SKIP","floor":11},{"not_picked":["Perfected Strike","Exhume"],"picked":"Clash","floor":14},{"not_picked":["Cleave","Thunderclap","Burning Pact"],"picked":"SKIP","floor":18},{"not_picked":["Second Wind+1","Fire Breathing","Flame Barrier"],"picked":"SKIP","floor":21},{"not_picked":["Armaments","Havoc","Reckless Charge+1"],"picked":"SKIP","floor":24},{"not_picked":["Headbutt","Seeing Red"],"picked":"Dropkick","floor":25},{"not_picked":["Sword Boomerang+1","Armaments+1","Ghostly Armor","Headbutt"],"picked":"SKIP","floor":28}],"player_experience":561350,"relics_obtained":[{"floor":4,"key":"WingedGreaves"},{"floor":6,"key":"Kunai"},{"floor":8,"key":"Paper Frog"},{"floor":9,"key":"Darkstone Periapt"},{"floor":10,"key":"Blood Vial"},{"floor":26,"key":"Question Card"}],"event_choices":[{"damage_healed":0,"gold_gain":0,"player_choice":"Donut","damage_taken":0,"max_hp_gain":5,"max_hp_loss":0,"event_name":"Big Fish","floor":2,"gold_loss":0},{"damage_healed":0,"gold_gain":175,"player_choice":"AGREE","damage_taken":0,"max_hp_gain":0,"max_hp_loss":0,"event_name":"Liars Game","floor":3,"gold_loss":0,"cards_obtained":["Doubt"]},{"cards_removed":["Strike_R"],"damage_healed":0,"gold_gain":0,"player_choice":"Card Removal","damage_taken":0,"max_hp_gain":0,"max_hp_loss":0,"event_name":"The Cleric","floor":12,"gold_loss":50},{"damage_healed":0,"gold_gain":75,"player_choice":"Gather Gold","damage_taken":11,"max_hp_gain":0,"max_hp_loss":0,"event_name":"World of Goop","floor":13,"gold_loss":0},{"cards_removed":["Strike_R"],"damage_healed":0,"gold_gain":0,"player_choice":"Gave Gold","damage_taken":0,"max_hp_gain":0,"max_hp_loss":0,"event_name":"Beggar","floor":27,"gold_loss":75},{"damage_healed":0,"gold_gain":0,"player_choice":"Inject Mutagens","damage_taken":0,"relics_obtained":["MutagenicStrength"],"max_hp_gain":0,"max_hp_loss":0,"event_name":"Drug Dealer","floor":29,"gold_loss":0},{"damage_healed":0,"gold_gain":0,"player_choice":"Fight","damage_taken":0,"max_hp_gain":0,"max_hp_loss":0,"event_name":"Colosseum","floor":30,"gold_loss":0},{"damage_healed":0,"gold_gain":0,"player_choice":"Fled From Nobs","damage_taken":0,"max_hp_gain":0,"max_hp_loss":0,"event_name":"Colosseum","floor":30,"gold_loss":0},{"damage_healed":0,"gold_gain":0,"player_choice":"Ignored","damage_taken":0,"max_hp_gain":0,"max_hp_loss":0,"event_name":"The Mausoleum","floor":31,"gold_loss":0}],"is_beta":false,"boss_relics":[{"not_picked":["Velvet Choker","Runic Cube"],"picked":"Eternal Feather"}],"items_purged_floors":[5,19,20,22],"is_endless":false,"potions_floor_spawned":[8,11,16,21,24,30],"killed_by":"Collector","ascension_level":1}