{"gold_per_floor":[114,114,132,146,4,31,31,57,57,67,67,342,352,363,363,363],"floor_reached":16,"playtime":706,"items_purged":["Blood for Blood"],"score":143,"play_id":"43f056f0-2885-42ff-bb41-4908dbc4a349","local_time":"20190416044006","is_ascension_mode":true,"campfire_choices":[{"data":"Corruption","floor":7,"key":"SMITH"},{"floor":11,"key":"RECALL"},{"floor":15,"key":"REST"}],"neow_cost":"NONE","seed_source_timestamp":353344111888400,"circlet_count":0,"master_deck":["Strike_R","Strike_R","Strike_R","Strike_R","Defend_R","Defend_R","Defend_R","Defend_R","Bash","Perfected Strike","Twin Strike","Corruption+1","Entrench","Shrug It Off","Immolate","Regret","Armaments","Armaments"],"relics":["Burning Blood","Strawberry","Pear"],"potions_floor_usage":[6,8,16,16],"damage_taken":[{"damage":4,"enemies":"2 Louse","floor":1,"turns":4},{"damage":1,"enemies":"Cultist","floor":3,"turns":4},{"damage":0,"enemies":"Small Slimes","floor":4,"turns":3},{"damage":49,"enemies":"Lagavulin","floor":6,"turns":6},{"damage":14,"enemies":"Gremlin Nob","floor":8,"turns":4},{"damage":8,"enemies":"Gremlin Gang","floor":10,"turns":6},{"damage":19,"enemies":"Large Slime","floor":13,"turns":5},{"damage":3,"enemies":"2 Fungi Beasts","floor":14,"turns":3},{"damage":77,"enemies":"Hexaghost","floor":16,"turns":14}],"seed_played":"527344291758346078","potions_obtained":[{"floor":3,"key":"AttackPotion"},{"floor":6,"key":"Weak Potion"},{"floor":10,"key":"GamblersBrew"},{"floor":14,"key":"Swift Potion"}],"is_trial":false,"path_per_floor":["M","?","M","M","$","E","R","E","T","M","R","?","M","M","R","B"],"character_chosen":"IRONCLAD","items_purchased":["Corruption"],"campfire_rested":1,"item_purchase_floors":[5],"current_hp_per_floor":[88,88,88,88,88,52,52,54,54,52,52,52,39,42,73,0],"gold":363,"neow_bonus":"TEN_PERCENT_HP_BONUS","is_prod":false,"is_daily":false,"chose_seed":false,"campfire_upgraded":1,"win_rate":0,"timestamp":1555414806,"path_taken":["M","?","M","M","$","E","R","E","T","?","R","?","M","?","R","BOSS"],"build_version":"2019-01-23","purchased_purges":1,"victory":false,"max_hp_per_floor":[88,88,88,88,88,95,95,105,105,105,105,105,105,105,105,105],"card_choices":[{"not_picked":["Pommel Strike","Carnage"],"picked":"Perfected Strike","floor":1},{"not_picked":["Clash","Inflame"],"picked":"Blood for Blood","floor":3},{"not_picked":["Clash","Clothesline"],"picked":"Twin Strike","floor":4},{"not_picked":["Headbutt","Warcry"],"picked":"Entrench","floor":6},{"not_picked":["Warcry","Cleave"],"picked":"Shrug It Off","floor":8},{"not_picked":["Evolve","Warcry"],"picked":"Immolate","floor":10},{"not_picked":["Body Slam","Clash"],"picked":"Armaments","floor":13},{"not_picked":["Iron Wave","Searing Blow"],"picked":"Armaments","floor":14}],"player_experience":131210,"relics_obtained":[{"floor":6,"key":"Strawberry"},{"floor":8,"key":"Pear"}],"event_choices":[{"cards_removed":["Strike_R"],"damage_healed":0,"gold_gain":0,"player_choice":"Purged","damage_taken":0,"max_hp_gain":0,"max_hp_loss":0,"event_name":"Purifier","floor":2,"gold_loss":0},{"damage_healed":0,"gold_gain":275,"player_choice":"Desecrate","damage_taken":0,"max_hp_gain":0,"max_hp_loss":0,"event_name":"Golden Shrine","floor":12,"gold_loss":0,"cards_obtained":["Regret"]}],"is_beta":false,"boss_relics":[],"items_purged_floors":[5],"is_endless":false,"potions_floor_spawned":[3,6,10,14],"killed_by":"Hexaghost","ascension_level":1}