{"gold_per_floor":[117,128,128,128,144,172,195,211,236,311,336,336,353,368,368,464,464,481,500,39,39,56,119,119,138,163,177,28,28,28,45,45,45],"floor_reached":33,"playtime":1784,"items_purged":["Strike_R"],"score":293,"play_id":"0819a06c-ac60-4ffe-96c3-185ced26dbde","local_time":"20190416051001","is_ascension_mode":true,"campfire_choices":[{"floor":12,"key":"REST"},{"floor":15,"key":"REST"},{"data":"Reaper","floor":24,"key":"SMITH"},{"data":"Feed","floor":32,"key":"SMITH"}],"neow_cost":"PERCENT_DAMAGE","seed_source_timestamp":354061109027700,"circlet_count":0,"master_deck":["Strike_R+1","Strike_R+1","Strike_R+1","Defend_R+1","Defend_R+1","Defend_R+1","Defend_R+1","Bash","Panacea","Good Instincts","Whirlwind","Uppercut+1","Uppercut","Ghostly Armor","Metallicize","True Grit","Limit Break","Reaper+1","Heavy Blade+1","Flame Barrier+1","Feel No Pain","Uppercut","Battle Trance","Combust","Warcry+1","Exhume","Feed+1"],"relics":["Burning Blood","Bag of Preparation","Darkstone Periapt","Juzu Bracelet","Torii","Coffee Dripper","Calipers","Tiny Chest","Lantern"],"potions_floor_usage":[6,11,16,16,23,23,33],"damage_taken":[{"damage":0,"enemies":"2 Louse","floor":1,"turns":4},{"damage":6,"enemies":"Jaw Worm","floor":2,"turns":4},{"damage":2,"enemies":"Small Slimes","floor":5,"turns":4},{"damage":39,"enemies":"Lagavulin","floor":6,"turns":6},{"damage":4,"enemies":"2 Fungi Beasts","floor":8,"turns":3},{"damage":21,"enemies":"3 Sentries","floor":11,"turns":8},{"damage":9,"enemies":"Exordium Thugs","floor":13,"turns":6},{"damage":15,"enemies":"Gremlin Gang","floor":14,"turns":3},{"damage":36,"enemies":"The Guardian","floor":16,"turns":10},{"damage":0,"enemies":"3 Byrds","floor":18,"turns":6},{"damage":0,"enemies":"Chosen","floor":19,"turns":5},{"damage":17,"enemies":"Snake Plant","floor":22,"turns":8},{"damage":60,"enemies":"Gremlin Leader","floor":23,"turns":9},{"damage":7,"enemies":"Chosen and Byrds","floor":25,"turns":8},{"damage":8,"enemies":"Centurion and Healer","floor":27,"turns":8},{"damage":16,"enemies":"Cultist and Chosen","floor":31,"turns":7},{"damage":70,"enemies":"Collector","floor":33,"turns":7}],"seed_played":"7855245512647609875","potions_obtained":[{"floor":5,"key":"Regen Potion"},{"floor":8,"key":"EssenceOfSteel"},{"floor":11,"key":"SteroidPotion"},{"floor":14,"key":"Weak Potion"},{"floor":18,"key":"EssenceOfSteel"},{"floor":22,"key":"Explosive Potion"},{"floor":27,"key":"LiquidBronze"}],"is_trial":false,"path_per_floor":["M","M","?","?","M","E","T","M","T","?","E","R","M","M","R","B",null,"M","M","$","?","M","E","R","M","T","M","$","?","$","M","R","B"],"character_chosen":"IRONCLAD","items_purchased":["Feel No Pain","Calipers","Exhume"],"campfire_rested":2,"item_purchase_floors":[20,20,28],"current_hp_per_floor":[62,62,62,59,63,44,44,46,46,35,20,44,41,32,56,26,80,80,80,80,80,69,19,19,25,25,33,33,33,33,43,43,0],"gold":45,"neow_bonus":"RANDOM_COLORLESS_2","is_prod":false,"is_daily":false,"chose_seed":false,"campfire_upgraded":2,"win_rate":0,"timestamp":1555416601,"path_taken":["M","M","?","?","M","E","?","M","T","?","E","R","M","M","R","BOSS","M","M","$","?","M","E","R","M","T","M","?","?","$","M","R","BOSS"],"build_version":"2019-01-23","purchased_purges":1,"victory":false,"max_hp_per_floor":[80,80,80,80,80,80,80,80,80,80,80,80,80,80,80,80,80,80,80,80,80,80,80,80,80,80,80,80,80,80,80,80,80],"card_choices":[{"not_picked":["Entrench","Flex"],"picked":"Whirlwind","floor":1},{"not_picked":["Fire Breathing","Headbutt"],"picked":"Uppercut","floor":2},{"not_picked":["Clothesline","Pummel"],"picked":"Uppercut","floor":5},{"not_picked":["Clothesline","Second Wind"],"picked":"Ghostly Armor","floor":6},{"not_picked":["Intimidate","Clash"],"picked":"Metallicize","floor":8},{"not_picked":["Pommel Strike","Second Wind"],"picked":"True Grit","floor":11},{"not_picked":["Clash","Clothesline","Body Slam"],"picked":"SKIP","floor":13},{"not_picked":["Clash","Pummel"],"picked":"Limit Break","floor":14},{"not_picked":["Bludgeon","Juggernaut"],"picked":"Reaper","floor":16},{"not_picked":["Carnage+1","Perfected Strike"],"picked":"Heavy Blade+1","floor":18},{"not_picked":["Clash+1","Entrench"],"picked":"Flame Barrier+1","floor":19},{"not_picked":["Anger","Sentinel"],"picked":"Battle Trance","floor":22},{"not_picked":["Pummel","Anger"],"picked":"Combust","floor":23},{"not_picked":["Pommel Strike","Bloodletting+1","Twin Strike"],"picked":"SKIP","floor":25},{"not_picked":["Clothesline","Twin Strike"],"picked":"Warcry+1","floor":27},{"not_picked":["Flex+1","Dual Wield"],"picked":"Feed","floor":31}],"player_experience":131916,"relics_obtained":[{"floor":6,"key":"Darkstone Periapt"},{"floor":7,"key":"Juzu Bracelet"},{"floor":11,"key":"Torii"},{"floor":23,"key":"Tiny Chest"},{"floor":26,"key":"Lantern"}],"event_choices":[{"damage_healed":0,"gold_gain":0,"player_choice":"Grow","damage_taken":0,"max_hp_gain":0,"max_hp_loss":0,"event_name":"Living Wall","floor":3,"gold_loss":0,"cards_upgraded":["Uppercut"]},{"damage_healed":0,"gold_gain":0,"player_choice":"Success","damage_taken":3,"relics_obtained":["Bag of Preparation"],"max_hp_gain":0,"max_hp_loss":0,"event_name":"Scrap Ooze","floor":4,"gold_loss":0},{"damage_healed":0,"gold_gain":75,"player_choice":"Gather Gold","damage_taken":11,"max_hp_gain":0,"max_hp_loss":0,"event_name":"World of Goop","floor":10,"gold_loss":0},{"damage_healed":0,"gold_gain":0,"cards_transformed":["Strike_R"],"player_choice":"Transformed","damage_taken":0,"max_hp_gain":0,"max_hp_loss":0,"event_name":"Transmorgrifier","floor":21,"gold_loss":0,"cards_obtained":["Uppercut"]},{"damage_healed":0,"gold_gain":0,"player_choice":"Simplicity","damage_taken":0,"max_hp_gain":0,"max_hp_loss":0,"event_name":"Back to Basics","floor":29,"gold_loss":0,"cards_upgraded":["Strike_R","Strike_R","Strike_R","Defend_R","Defend_R","Defend_R","Defend_R"]}],"is_beta":false,"boss_relics":[{"not_picked":["Empty Cage","Runic Pyramid"],"picked":"Coffee Dripper"}],"items_purged_floors":[20],"is_endless":false,"potions_floor_spawned":[5,8,11,14,18,22,27],"killed_by":"Collector","ascension_level":1}