{"gold_per_floor":[110,285,235,235,254,288,288,321,346,375,375,410,427,443,443,547,547,557,557,571,64,74,74,108,123,123,23,23,23,23,41,41,41],"floor_reached":33,"playtime":2067,"items_purged":["Strike_R","Strike_R"],"score":413,"play_id":"138eae1f-a4ef-40ec-8dc5-13dd0bfd40b8","local_time":"20190319213833","is_ascension_mode":true,"campfire_choices":[{"data":"Heavy Blade","floor":7,"key":"SMITH"},{"floor":11,"key":"REST"},{"floor":15,"key":"REST"},{"floor":23,"key":"REST"},{"floor":30,"key":"REST"},{"floor":32,"key":"REST"}],"neow_cost":"NONE","seed_source_timestamp":602619598666878,"circlet_count":0,"master_deck":["Strike_R","Strike_R","Strike_R","Defend_R","Defend_R","Defend_R","Defend_R","Bash","Inflame","Decay","Cleave","Heavy Blade+1","Twin Strike","Metallicize","Shockwave","Shrug It Off","Battle Trance","Demon Form","Clothesline","Immolate","Shrug It Off+1","Iron Wave+1","Metallicize","Decay"],"relics":["Burning Blood","NeowsBlessing","Ancient Tea Set","Sundial","Orichalcum","StoneCalendar","Matryoshka","Philosopher\u0027s Stone","Potion Belt","Girya","Bag of Preparation","Vajra","Dodecahedron"],"potions_floor_usage":[10,10,18,22,33],"damage_taken":[{"damage":0,"enemies":"Small Slimes","floor":1,"turns":1},{"damage":0,"enemies":"Jaw Worm","floor":5,"turns":1},{"damage":0,"enemies":"Gremlin Nob","floor":6,"turns":1},{"damage":49,"enemies":"3 Sentries","floor":8,"turns":8},{"damage":21,"enemies":"Lagavulin","floor":10,"turns":6},{"damage":9,"enemies":"3 Sentries","floor":12,"turns":7},{"damage":0,"enemies":"Cultist","floor":13,"turns":2},{"damage":9,"enemies":"Exordium Wildlife","floor":14,"turns":3},{"damage":35,"enemies":"Hexaghost","floor":16,"turns":9},{"damage":20,"enemies":"2 Thieves","floor":18,"turns":3},{"damage":41,"enemies":"3 Byrds","floor":20,"turns":4},{"damage":27,"enemies":"Centurion and Healer","floor":22,"turns":4},{"damage":13,"enemies":"Gremlin Leader","floor":24,"turns":6},{"damage":12,"enemies":"Snake Plant","floor":25,"turns":4},{"damage":17,"enemies":"Snecko","floor":31,"turns":4},{"damage":62,"enemies":"Collector","floor":33,"turns":6}],"seed_played":"-4151155430373298550","potions_obtained":[{"floor":6,"key":"Swift Potion"},{"floor":8,"key":"PowerPotion"},{"floor":14,"key":"Energy Potion"},{"floor":20,"key":"Regen Potion"},{"floor":31,"key":"SkillPotion"}],"is_trial":false,"path_per_floor":["M","?","?","?","M","E","R","E","T","E","R","E","M","M","R","B",null,"M","?","M","$","M","R","E","M","T","$","?","?","R","M","R","B"],"character_chosen":"IRONCLAD","items_purchased":["Potion Belt","Girya"],"campfire_rested":5,"item_purchase_floors":[21,21],"current_hp_per_floor":[78,78,78,78,80,80,80,37,37,22,46,43,49,46,70,41,70,56,56,21,21,12,36,29,23,23,23,23,23,47,36,60,0],"gold":41,"neow_bonus":"THREE_ENEMY_KILL","is_prod":false,"is_daily":false,"chose_seed":false,"campfire_upgraded":1,"win_rate":0,"timestamp":1553056713,"path_taken":["M","?","?","?","M","E","R","E","T","E","R","E","M","?","R","BOSS","M","?","M","$","?","R","E","M","T","$","?","?","R","M","R","BOSS"],"build_version":"2019-01-23","purchased_purges":2,"victory":false,"max_hp_per_floor":[80,80,80,80,80,80,80,80,80,80,80,80,80,80,80,80,80,80,80,80,80,80,80,80,80,80,80,80,80,80,80,80,80],"card_choices":[{"not_picked":["Armaments","Warcry"],"picked":"Inflame","floor":1},{"not_picked":["Twin Strike","Sever Soul"],"picked":"Cleave","floor":5},{"not_picked":["Perfected Strike","Seeing Red"],"picked":"Heavy Blade","floor":6},{"not_picked":["Exhume","Anger"],"picked":"Twin Strike","floor":8},{"not_picked":["Wild Strike","Clash"],"picked":"Metallicize","floor":10},{"not_picked":["Flex","Anger"],"picked":"Shockwave","floor":12},{"not_picked":["Perfected Strike","Brutality"],"picked":"Shrug It Off","floor":13},{"not_picked":["Disarm","Cleave"],"picked":"Battle Trance","floor":14},{"not_picked":["Brutality","Exhume"],"picked":"Demon Form","floor":16},{"not_picked":["Twin Strike+1","Anger"],"picked":"Clothesline","floor":18},{"not_picked":["Clothesline","Thunderclap"],"picked":"Shrug It Off+1","floor":20},{"not_picked":["Evolve","Corruption","Warcry"],"picked":"SKIP","floor":22},{"not_picked":["Sever Soul","Clothesline+1"],"picked":"Iron Wave+1","floor":24},{"not_picked":["Seeing Red+1","Shrug It Off"],"picked":"Metallicize","floor":25},{"not_picked":["Battle Trance","Pommel Strike","Entrench"],"picked":"SKIP","floor":31}],"player_experience":188330,"relics_obtained":[{"floor":6,"key":"Ancient Tea Set"},{"floor":8,"key":"Sundial"},{"floor":9,"key":"Orichalcum"},{"floor":10,"key":"StoneCalendar"},{"floor":12,"key":"Matryoshka"},{"floor":24,"key":"Bag of Preparation"},{"floor":26,"key":"Vajra"},{"floor":26,"key":"Dodecahedron"}],"event_choices":[{"damage_healed":0,"gold_gain":175,"player_choice":"AGREE","damage_taken":0,"max_hp_gain":0,"max_hp_loss":0,"event_name":"Liars Game","floor":2,"gold_loss":0,"cards_obtained":["Doubt"]},{"cards_removed":["Doubt"],"damage_healed":0,"gold_gain":0,"player_choice":"Card Removal","damage_taken":0,"max_hp_gain":0,"max_hp_loss":0,"event_name":"The Cleric","floor":3,"gold_loss":50},{"damage_healed":0,"gold_gain":0,"player_choice":"Cursed","damage_taken":0,"max_hp_gain":0,"max_hp_loss":0,"event_name":"Wheel of Change","floor":4,"gold_loss":0,"cards_obtained":["Decay"]},{"damage_healed":0,"gold_gain":0,"player_choice":"1 cards matched","damage_taken":0,"max_hp_gain":0,"max_hp_loss":0,"event_name":"Match and Keep!","floor":19,"gold_loss":0,"cards_obtained":["Immolate"]},{"damage_healed":0,"gold_gain":0,"player_choice":"Ignored","damage_taken":0,"max_hp_gain":0,"max_hp_loss":0,"event_name":"Cursed Tome","floor":28,"gold_loss":0},{"damage_healed":0,"gold_gain":0,"player_choice":"Smashed Altar","damage_taken":0,"max_hp_gain":0,"max_hp_loss":0,"event_name":"Forgotten Altar","floor":29,"gold_loss":0,"cards_obtained":["Decay"]}],"is_beta":false,"boss_relics":[{"not_picked":["Orrery","Eternal Feather"],"picked":"Philosopher\u0027s Stone"}],"items_purged_floors":[21,27],"is_endless":false,"potions_floor_spawned":[6,8,14,20,31],"killed_by":"Collector","ascension_level":6}