{"gold_per_floor":[116,116,116,127,52,52,52,63,86,96,96,108,108,126,126,226,226,240,260,260,279,291,291,291,291,317,336,336,352,364,382,382,487,487,499,499,510,520,532,532,543,543,543,556,237,253,267,267,267,267],"floor_reached":51,"playtime":4881,"items_purged":["Strike_R","Defend_R"],"score":674,"play_id":"27610df3-cf36-46c0-91f0-d5aedf083116","local_time":"20190108025303","is_ascension_mode":false,"campfire_choices":[{"data":"Bash","floor":6,"key":"SMITH"},{"data":"Barricade","floor":11,"key":"SMITH"},{"data":"Defend_R","floor":15,"key":"SMITH"},{"data":"Bludgeon","floor":23,"key":"SMITH"},{"data":"Shrug It Off","floor":28,"key":"SMITH"},{"data":"Body Slam","floor":32,"key":"SMITH"},{"data":"Armaments","floor":40,"key":"SMITH"},{"data":"Body Slam","floor":49,"key":"SMITH"}],"neow_cost":"NONE","seed_source_timestamp":4698491770141,"circlet_count":0,"master_deck":["Defend_R","Defend_R","Defend_R+1","Barricade+1","Ghostly Armor+1","Headbutt","Bludgeon+1","Shrug It Off+1","Shrug It Off","Bite","Bite","Bite","Bite","Shrug It Off","Feed","Body Slam+1","Shrug It Off+1","Battle Trance","Armaments+1","Body Slam+1","Shrug It Off","Trip","Entrench+1","Impatience"],"relics":["Coffee Dripper"],"potions_floor_usage":[10,16,19,27,37,37,46,50,50],"damage_taken":[{"damage":1,"enemies":"Jaw Worm","floor":1,"turns":3},{"damage":0,"enemies":"Small Slimes","floor":4,"turns":4},{"damage":0,"enemies":"2 Louse","floor":8,"turns":2},{"damage":0,"enemies":"Red Slaver","floor":10,"turns":4},{"damage":23,"enemies":"Lots of Slimes","floor":12,"turns":5},{"damage":0,"enemies":"Large Slime","floor":14,"turns":5},{"damage":16,"enemies":"Hexaghost","floor":16,"turns":12},{"damage":2,"enemies":"Shell Parasite","floor":18,"turns":7},{"damage":6,"enemies":"Spheric Guardian","floor":19,"turns":6},{"damage":8,"enemies":"Centurion and Healer","floor":21,"turns":4},{"damage":0,"enemies":"Snecko","floor":22,"turns":6},{"damage":16,"enemies":"Snake Plant","floor":27,"turns":3},{"damage":15,"enemies":"Centurion and Healer","floor":29,"turns":11},{"damage":50,"enemies":"3 Cultists","floor":30,"turns":8},{"damage":30,"enemies":"Sentry and Sphere","floor":31,"turns":31},{"damage":16,"enemies":"Automaton","floor":33,"turns":18},{"damage":20,"enemies":"3 Darklings","floor":35,"turns":15},{"damage":14,"enemies":"3 Shapes","floor":37,"turns":6},{"damage":24,"enemies":"Writhing Mass","floor":38,"turns":9},{"damage":5,"enemies":"3 Darklings","floor":39,"turns":12},{"damage":21,"enemies":"Sphere and 2 Shapes","floor":41,"turns":9},{"damage":12,"enemies":"Jaw Worm Horde","floor":44,"turns":6},{"damage":14,"enemies":"Maw","floor":46,"turns":9},{"damage":4,"enemies":"Sphere and 2 Shapes","floor":47,"turns":12},{"damage":66,"enemies":"Donu and Deca","floor":50,"turns":13}],"seed_played":"-7655628579691218977","potions_obtained":[{"floor":8,"key":"PowerPotion"},{"floor":10,"key":"BloodPotion"},{"floor":12,"key":"SteroidPotion"},{"floor":18,"key":"Poison Potion"},{"floor":22,"key":"AttackPotion"},{"floor":30,"key":"Dexterity Potion"},{"floor":33,"key":"Fire Potion"},{"floor":35,"key":"Explosive Potion"},{"floor":38,"key":"SteroidPotion"},{"floor":47,"key":"LiquidBronze"}],"is_trial":false,"path_per_floor":["M","?","?","M","$","R","$","M","T","M","R","M","?","M","R","B",null,"M","M","?","M","M","R","?","?","T","M","R","M","M","M","R","B",null,"M","?","M","M","M","R","M","?","T","M","$","M","M","?","R","B",null],"character_chosen":"IRONCLAD","items_purchased":["Shrug It Off","Trip","Regen Potion"],"campfire_rested":0,"item_purchase_floors":[45,45,45],"current_hp_per_floor":[79,79,72,72,72,72,72,72,72,72,72,49,49,49,49,33,80,78,72,72,64,64,64,49,49,49,33,33,56,19,62,62,59,62,62,62,61,50,68,68,63,63,63,69,69,75,75,75,75,24],"gold":267,"neow_bonus":"BOSS_RELIC","is_prod":false,"is_daily":false,"chose_seed":false,"campfire_upgraded":8,"win_rate":0,"timestamp":1546933983,"path_taken":["M","?","?","M","?","R","$","M","T","M","R","M","?","?","R","BOSS","M","?","?","M","M","R","?","?","T","M","R","M","M","M","R","BOSS","M","?","M","?","M","R","M","?","T","M","$","M","M","?","R","BOSS"],"build_version":"2019-01-03v4","purchased_purges":2,"victory":true,"max_hp_per_floor":[80,80,80,80,80,80,80,80,80,80,80,80,80,80,80,80,80,80,80,80,80,80,80,85,59,59,59,59,59,59,62,62,62,62,62,62,65,68,68,68,71,71,71,75,75,75,75,75,75,75],"card_choices":[{"not_picked":["True Grit","Uppercut","Clash"],"picked":"SKIP","floor":1},{"not_picked":["Cleave","Power Through","Second Wind"],"picked":"SKIP","floor":4},{"not_picked":["Battle Trance","Perfected Strike"],"picked":"Barricade","floor":8},{"not_picked":["Armaments","Power Through","Wild Strike"],"picked":"SKIP","floor":10},{"not_picked":["Power Through","Havoc"],"picked":"Ghostly Armor","floor":12},{"not_picked":["Wild Strike","Clash"],"picked":"Headbutt","floor":14},{"not_picked":["Reaper","Feed"],"picked":"Bludgeon","floor":16},{"not_picked":["Whirlwind","Sever Soul+1"],"picked":"Shrug It Off","floor":18},{"not_picked":["Warcry","Flex+1"],"picked":"Shrug It Off","floor":19},{"not_picked":["Metallicize","Spot Weakness","Second Wind"],"picked":"SKIP","floor":21},{"not_picked":["Headbutt","Flex","Dual Wield+1"],"picked":"SKIP","floor":22},{"not_picked":["Sever Soul","Heavy Blade"],"picked":"Shrug It Off","floor":27},{"not_picked":["Flex+1","Blood for Blood"],"picked":"Feed","floor":29},{"not_picked":["Shockwave","Flame Barrier+1"],"picked":"Body Slam","floor":30},{"not_picked":["Sword Boomerang","Feed"],"picked":"Shrug It Off+1","floor":31},{"not_picked":["Headbutt+1","Perfected Strike","Clothesline+1"],"picked":"SKIP","floor":35},{"not_picked":["Hemokinesis","Corruption+1"],"picked":"Battle Trance","floor":37},{"not_picked":["Twin Strike","Cleave"],"picked":"Armaments","floor":38},{"not_picked":["Flex+1","Intimidate","Inflame+1"],"picked":"SKIP","floor":39},{"not_picked":["Havoc","Flex"],"picked":"Body Slam","floor":41},{"not_picked":["Battle Trance","Fire Breathing+1","Headbutt+1"],"picked":"SKIP","floor":44},{"not_picked":["Cleave","Wild Strike+1"],"picked":"Entrench+1","floor":46},{"not_picked":["Anger+1","Clothesline","Pummel"],"picked":"SKIP","floor":47}],"player_experience":689460,"relics_obtained":[],"event_choices":[{"damage_healed":0,"gold_gain":0,"player_choice":"Ignored","damage_taken":0,"max_hp_gain":0,"max_hp_loss":0,"event_name":"Golden Idol","floor":2,"gold_loss":0},{"cards_removed":["Strike_R"],"damage_healed":0,"gold_gain":0,"player_choice":"Card Removal","damage_taken":7,"max_hp_gain":0,"max_hp_loss":0,"event_name":"Golden Wing","floor":3,"gold_loss":0},{"damage_healed":0,"gold_gain":0,"player_choice":"Upgraded","damage_taken":0,"max_hp_gain":0,"max_hp_loss":0,"event_name":"Upgrade Shrine","floor":13,"gold_loss":0,"cards_upgraded":["Ghostly Armor"]},{"damage_healed":0,"gold_gain":0,"player_choice":"Ignored","damage_taken":0,"max_hp_gain":0,"max_hp_loss":0,"event_name":"Cursed Tome","floor":20,"gold_loss":0},{"damage_healed":0,"gold_gain":0,"player_choice":"Shed Blood","damage_taken":20,"max_hp_gain":5,"max_hp_loss":0,"event_name":"Forgotten Altar","floor":24,"gold_loss":0},{"damage_healed":0,"gold_gain":0,"player_choice":"Became a vampire","damage_taken":0,"max_hp_gain":0,"max_hp_loss":26,"event_name":"Vampires","floor":25,"gold_loss":0,"cards_obtained":["Bite","Bite","Bite","Bite","Bite"]},{"damage_healed":0,"gold_gain":0,"player_choice":"Got Potions","damage_taken":0,"max_hp_gain":0,"max_hp_loss":0,"event_name":"Lab","floor":36,"gold_loss":0},{"cards_removed":["Bash"],"damage_healed":0,"gold_gain":0,"player_choice":"Removed Attack","damage_taken":0,"max_hp_gain":0,"max_hp_loss":0,"event_name":"Falling","floor":42,"gold_loss":0},{"damage_healed":0,"gold_gain":0,"cards_transformed":["Bite"],"player_choice":"Transformed","damage_taken":0,"max_hp_gain":0,"max_hp_loss":0,"event_name":"Transmorgrifier","floor":48,"gold_loss":0,"cards_obtained":["Impatience"]}],"is_beta":false,"boss_relics":[{"not_picked":["Fusion Hammer","Black Star","Cursed Key"]},{"not_picked":["Pandora\u0027s Box","Tiny House","Runic Dome"]}],"items_purged_floors":[5,45],"is_endless":false,"potions_floor_spawned":[8,10,12,18,22,30,33,35,38,47],"ascension_level":0}