{"gold_per_floor":[117,3,17,17,36,67,67,17,71,71,93,122,122,122,122,218,218,232,249,249,249,262,280,297,308,334,13,30,30,30,40,40,144,144,164,164,176,192,67,98,98,98,98,112,138,149,159,0,0,0],"floor_reached":50,"playtime":6729,"items_purged":["Defend_G","Writhe","Strike_G"],"score":536,"play_id":"61f51314-47cf-4ecd-8fc2-d8e082b2b16a","local_time":"20190627211054","is_ascension_mode":false,"campfire_choices":[{"data":"Well Laid Plans","floor":7,"key":"SMITH"},{"data":"Slice","floor":10,"key":"SMITH"},{"data":"Crippling Poison","floor":13,"key":"SMITH"},{"floor":15,"key":"REST"},{"floor":30,"key":"REST"},{"floor":32,"key":"REST"},{"floor":41,"key":"REST"},{"floor":49,"key":"REST"}],"neow_cost":"NONE","seed_source_timestamp":128454891778086,"circlet_count":0,"master_deck":["Defend_G","Defend_G","Defend_G","Strike_G","Strike_G","Strike_G","Survivor","Neutralize","Well Laid Plans+1","Terror","Dagger Spray","Underhanded Strike","Slice+1","Prepared","Crippling Poison+1","Glass Knife+1","Poisoned Stab+1","Blur","Slice+1","Slice+1","Slice+1","Calculated Gamble+1","Flash of Steel+1","Slice+1","Noxious Fumes","Backflip","A Thousand Cuts","Quick Slash+1","Crippling Poison+1","Deadly Poison+1","Slice+1","Dash+1","Parasite","Dodge and Roll+1","Escape Plan+1"],"relics":["Ring of the Serpent","NeowsBlessing","Potion Belt","Strawberry","Odd Mushroom","Letter Opener","Molten Egg 2","WristBlade","Paper Crane","Nilry\u0027s Codex","Bronze Scales","Orichalcum","Mercury Hourglass","Ancient Tea Set","Red Mask"],"potions_floor_usage":[6,19,25,25,29,33,40,40,42,50],"damage_taken":[{"damage":0,"enemies":"2 Louse","floor":1,"turns":1},{"damage":0,"enemies":"Cultist","floor":3,"turns":1},{"damage":0,"enemies":"Small Slimes","floor":5,"turns":1},{"damage":10,"enemies":"3 Sentries","floor":6,"turns":7},{"damage":9,"enemies":"The Mushroom Lair","floor":11,"turns":4},{"damage":15,"enemies":"Gremlin Nob","floor":12,"turns":4},{"damage":26,"enemies":"Hexaghost","floor":16,"turns":9},{"damage":5,"enemies":"Chosen","floor":18,"turns":3},{"damage":14,"enemies":"2 Thieves","floor":19,"turns":3},{"damage":0,"enemies":"Snecko","floor":22,"turns":4},{"damage":6,"enemies":"3 Cultists","floor":23,"turns":4},{"damage":0,"enemies":"Chosen and Byrds","floor":24,"turns":3},{"damage":13,"enemies":"Centurion and Healer","floor":25,"turns":4},{"damage":3,"enemies":"Snake Plant","floor":28,"turns":3},{"damage":2,"enemies":"Colosseum Slavers","floor":29,"turns":2},{"damage":11,"enemies":"Cultist and Chosen","floor":31,"turns":5},{"damage":44,"enemies":"Automaton","floor":33,"turns":9},{"damage":10,"enemies":"Orb Walker","floor":35,"turns":2},{"damage":13,"enemies":"3 Shapes","floor":37,"turns":4},{"damage":11,"enemies":"3 Darklings","floor":38,"turns":3},{"damage":11,"enemies":"Giant Head","floor":40,"turns":7},{"damage":0,"enemies":"4 Shapes","floor":42,"turns":1},{"damage":9,"enemies":"Writhing Mass","floor":44,"turns":5},{"damage":9,"enemies":"Maw","floor":46,"turns":5},{"damage":15,"enemies":"4 Shapes","floor":47,"turns":5},{"damage":60,"enemies":"Time Eater","floor":50,"turns":5}],"seed_played":"-4386624914996893735","potions_obtained":[{"floor":1,"key":"Fire Potion"},{"floor":3,"key":"Dexterity Potion"},{"floor":11,"key":"Explosive Potion"},{"floor":16,"key":"FearPotion"},{"floor":18,"key":"AttackPotion"},{"floor":22,"key":"Explosive Potion"},{"floor":28,"key":"Energy Potion"},{"floor":33,"key":"GhostInAJar"},{"floor":37,"key":"Dexterity Potion"},{"floor":40,"key":"SmokeBomb"},{"floor":44,"key":"Strength Potion"}],"is_trial":false,"path_per_floor":["M","$","M","?","M","E","R","?","T","R","?","E","R","?","R","B",null,"M","M","?","?","M","M","M","M","T","$","M","?","R","M","R","B",null,"M","?","M","M","$","E","R","M","T","M","T","M","M","?","R","B"],"character_chosen":"THE_SILENT","items_purchased":["Terror","Flash of Steel+1","Slice+1","Noxious Fumes"],"campfire_rested":5,"item_purchase_floors":[2,27,27,27],"current_hp_per_floor":[70,70,70,70,70,60,60,60,67,67,58,43,43,43,66,40,77,72,58,58,42,42,36,36,23,23,23,20,18,41,30,53,9,77,67,67,54,43,43,32,55,55,55,46,46,37,22,22,45,0],"gold":0,"neow_bonus":"THREE_ENEMY_KILL","is_prod":false,"is_daily":false,"chose_seed":false,"campfire_upgraded":3,"win_rate":0.0,"timestamp":1561695054,"path_taken":["M","$","M","?","?","E","R","?","T","R","?","E","R","?","R","BOSS","M","?","?","?","M","M","M","M","T","$","M","?","R","M","R","BOSS","M","?","?","M","$","E","R","M","T","M","?","M","?","?","R","BOSS"],"build_version":"2019-01-23","purchased_purges":3,"victory":false,"max_hp_per_floor":[70,70,70,70,70,70,70,70,77,77,77,77,77,77,77,77,77,77,77,77,77,77,77,77,77,77,77,77,77,77,77,77,77,77,77,77,77,77,77,77,77,77,77,77,77,77,77,77,77,77],"card_choices":[{"not_picked":["Backflip","Dodge and Roll"],"picked":"Well Laid Plans","floor":1},{"not_picked":["Noxious Fumes","Calculated Gamble"],"picked":"Dagger Spray","floor":3},{"not_picked":["Choke","Reflex"],"picked":"Underhanded Strike","floor":5},{"not_picked":["PiercingWail","Expertise"],"picked":"Slice","floor":6},{"not_picked":["Riddle With Holes","Choke"],"picked":"Prepared","floor":11},{"not_picked":["Tactician","Leg Sweep"],"picked":"Crippling Poison","floor":12},{"not_picked":["Unload+1","Malaise"],"picked":"Glass Knife+1","floor":16},{"not_picked":["Backflip","Well Laid Plans+1"],"picked":"Poisoned Stab+1","floor":18},{"not_picked":["Acrobatics","Underhanded Strike+1"],"picked":"Blur","floor":19},{"not_picked":["Bouncing Flask+1","Underhanded Strike+1"],"picked":"Slice+1","floor":22},{"not_picked":["Quick Slash+1","Acrobatics"],"picked":"Slice+1","floor":23},{"not_picked":["Blade Dance","Riddle With Holes+1"],"picked":"Slice+1","floor":24},{"not_picked":["Blade Dance","Dagger Throw+1"],"picked":"Calculated Gamble+1","floor":25},{"not_picked":["Footwork","Riddle With Holes+1","Underhanded Strike+1"],"picked":"SKIP","floor":28},{"not_picked":["Blade Dance","PiercingWail"],"picked":"Backflip","floor":31},{"not_picked":["Malaise","Night Terror"],"picked":"A Thousand Cuts","floor":33},{"not_picked":["Dagger Spray+1","Acrobatics+1"],"picked":"Quick Slash+1","floor":35},{"not_picked":["Dagger Spray+1","Dodge and Roll"],"picked":"Deadly Poison+1","floor":37},{"not_picked":["Expertise+1","Predator+1"],"picked":"Slice+1","floor":38},{"not_picked":["Deadly Poison","Deflect+1"],"picked":"Dash+1","floor":40},{"not_picked":["Distraction","Outmaneuver+1"],"picked":"Dodge and Roll+1","floor":44},{"not_picked":["Blade Dance","Blur","Outmaneuver"],"picked":"SKIP","floor":46},{"not_picked":["Quick Slash+1","Skewer+1"],"picked":"Escape Plan+1","floor":47}],"player_experience":30569,"relics_obtained":[{"floor":6,"key":"Potion Belt"},{"floor":9,"key":"Strawberry"},{"floor":11,"key":"Odd Mushroom"},{"floor":12,"key":"Letter Opener"},{"floor":21,"key":"Nilry\u0027s Codex"},{"floor":26,"key":"Bronze Scales"},{"floor":40,"key":"Orichalcum"},{"floor":43,"key":"Mercury Hourglass"},{"floor":45,"key":"Ancient Tea Set"}],"event_choices":[{"cards_removed":["Defend_G"],"damage_healed":0,"gold_gain":0,"player_choice":"Purged","damage_taken":0,"max_hp_gain":0,"max_hp_loss":0,"event_name":"Purifier","floor":4,"gold_loss":0},{"cards_removed":["Strike_G"],"damage_healed":0,"gold_gain":0,"player_choice":"Card Removal","damage_taken":0,"max_hp_gain":0,"max_hp_loss":0,"event_name":"The Cleric","floor":8,"gold_loss":50},{"damage_healed":0,"gold_gain":0,"player_choice":"Fought Mushrooms","damage_taken":0,"max_hp_gain":0,"max_hp_loss":0,"event_name":"Mushrooms","floor":11,"gold_loss":0},{"damage_healed":0,"gold_gain":0,"player_choice":"Gave Potion","damage_taken":0,"relics_obtained":["Molten Egg 2"],"max_hp_gain":0,"max_hp_loss":0,"event_name":"WeMeetAgain","floor":14,"gold_loss":0},{"damage_healed":0,"gold_gain":0,"player_choice":"Opened","damage_taken":0,"relics_obtained":["Paper Crane"],"max_hp_gain":0,"max_hp_loss":0,"event_name":"The Mausoleum","floor":20,"gold_loss":0,"cards_obtained":["Writhe"]},{"damage_healed":0,"gold_gain":0,"player_choice":"Obtained Book","damage_taken":16,"max_hp_gain":0,"max_hp_loss":0,"event_name":"Cursed Tome","floor":21,"gold_loss":0},{"damage_healed":0,"gold_gain":0,"player_choice":"Fight","damage_taken":0,"max_hp_gain":0,"max_hp_loss":0,"event_name":"Colosseum","floor":29,"gold_loss":0},{"damage_healed":0,"gold_gain":0,"player_choice":"Fled From Nobs","damage_taken":0,"max_hp_gain":0,"max_hp_loss":0,"event_name":"Colosseum","floor":29,"gold_loss":0},{"damage_healed":0,"gold_gain":0,"player_choice":"Copied","damage_taken":0,"max_hp_gain":0,"max_hp_loss":0,"event_name":"Duplicator","floor":36,"gold_loss":0,"cards_obtained":["Crippling Poison"]},{"damage_healed":0,"gold_gain":0,"player_choice":"Paid","damage_taken":0,"relics_obtained":["Red Mask"],"max_hp_gain":0,"max_hp_loss":0,"event_name":"Tomb of Lord Red Mask","floor":48,"gold_loss":159}],"is_beta":false,"boss_relics":[{"not_picked":["Lizard Tail","Ectoplasm"],"picked":"WristBlade"},{"not_picked":["Philosopher\u0027s Stone","Busted Crown"],"picked":"Ring of the Serpent"}],"items_purged_floors":[2,27,39],"is_endless":false,"potions_floor_spawned":[1,3,11,16,18,22,28,33,37,40,42,44],"killed_by":"Time Eater","ascension_level":0}