{"gold_per_floor":[109,20,33,33,43,74,91,54,54,64,10,10,40,59,59,161,161,181,181,198,216,229,257,257,257,310,310,341,251,266,14,14,14],"floor_reached":33,"playtime":3480,"items_purged":["Defend_R"],"score":297,"play_id":"a97292ab-71e3-4d0c-af89-3598406282fa","local_time":"20190627003127","is_ascension_mode":false,"campfire_choices":[{"data":"Anger","floor":15,"key":"SMITH"},{"floor":24,"key":"REST"},{"floor":27,"key":"REST"},{"data":"Transmutation","floor":32,"key":"SMITH"}],"neow_cost":"PERCENT_DAMAGE","seed_source_timestamp":57339678595430,"circlet_count":0,"master_deck":["Strike_R","Strike_R","Strike_R","Defend_R","Defend_R","Bash","Armaments+1","Whirlwind+1","Iron Wave","Body Slam","Double Tap","Clothesline","Carnage","Anger+1","Armaments","Berserk","Thunderclap","Feed","Warcry","Hemokinesis","Burning Pact","Shockwave","Feel No Pain","Sword Boomerang+1","Warcry","Perfected Strike+1","Reaper","Transmutation+1"],"relics":["Burning Blood","Magic Flower","Lantern","Bronze Scales","Mercury Hourglass","Philosopher\u0027s Stone","Meat on the Bone","Pen Nib","Boot"],"potions_floor_usage":[5,10,16,16,28,33,33],"damage_taken":[{"damage":1,"enemies":"Jaw Worm","floor":1,"turns":3},{"damage":2,"enemies":"Cultist","floor":3,"turns":5},{"damage":0,"enemies":"Small Slimes","floor":5,"turns":3},{"damage":42,"enemies":"Lagavulin","floor":6,"turns":8},{"damage":0,"enemies":"3 Louse","floor":7,"turns":4},{"damage":0,"enemies":"Exordium Wildlife","floor":10,"turns":4},{"damage":22,"enemies":"3 Sentries","floor":13,"turns":5},{"damage":0,"enemies":"Looter","floor":14,"turns":1},{"damage":34,"enemies":"Slime Boss","floor":16,"turns":8},{"damage":4,"enemies":"3 Byrds","floor":18,"turns":3},{"damage":21,"enemies":"Shell Parasite","floor":20,"turns":3},{"damage":25,"enemies":"Centurion and Healer","floor":21,"turns":3},{"damage":19,"enemies":"Snake Plant","floor":22,"turns":2},{"damage":39,"enemies":"Book of Stabbing","floor":23,"turns":5},{"damage":38,"enemies":"Slavers","floor":28,"turns":4},{"damage":25,"enemies":"Sentry and Sphere","floor":30,"turns":4},{"damage":68,"enemies":"Collector","floor":33,"turns":7}],"seed_played":"-4856526955521173719","potions_obtained":[{"floor":3,"key":"EssenceOfSteel"},{"floor":5,"key":"FearPotion"},{"floor":7,"key":"Block Potion"},{"floor":14,"key":"SkillPotion"},{"floor":21,"key":"Dexterity Potion"},{"floor":22,"key":"FearPotion"},{"floor":28,"key":"Block Potion"}],"is_trial":false,"path_per_floor":["M","$","M","?","M","E","M","$","T","M","$","?","E","M","R","B",null,"M","?","M","M","M","E","R","?","T","R","E","?","M","$","R","B"],"character_chosen":"IRONCLAD","items_purchased":["Armaments","Whirlwind","Carnage","Armaments","Transmutation"],"campfire_rested":2,"item_purchase_floors":[2,2,8,11,31],"current_hp_per_floor":[64,64,71,80,80,47,56,56,56,65,65,65,52,61,61,36,80,80,80,68,57,47,17,41,25,25,51,40,40,42,42,42,0],"gold":14,"neow_bonus":"ONE_RARE_RELIC","is_prod":false,"is_daily":false,"chose_seed":false,"campfire_upgraded":2,"win_rate":0,"timestamp":1561620687,"path_taken":["M","$","M","?","M","E","?","$","T","M","$","?","E","M","R","BOSS","M","?","M","M","M","E","R","?","T","R","E","?","?","$","R","BOSS"],"build_version":"2019-01-23","purchased_purges":1,"victory":false,"max_hp_per_floor":[80,80,80,80,80,80,80,80,80,80,80,80,80,80,80,80,80,80,80,80,83,83,83,83,88,88,88,88,88,88,88,88,88],"card_choices":[{"not_picked":["Pommel Strike","Warcry"],"picked":"Corruption","floor":1},{"not_picked":["Shrug It Off","Pommel Strike"],"picked":"Iron Wave","floor":3},{"not_picked":["Bloodletting","True Grit"],"picked":"Body Slam","floor":5},{"not_picked":["Power Through","True Grit"],"picked":"Double Tap","floor":6},{"not_picked":["Flex","Clash"],"picked":"Clothesline","floor":7},{"not_picked":["True Grit","Pommel Strike"],"picked":"Anger","floor":10},{"not_picked":["Spot Weakness","Headbutt"],"picked":"Berserk","floor":13},{"not_picked":["Headbutt","Armaments"],"picked":"Thunderclap","floor":14},{"not_picked":["Limit Break","Demon Form"],"picked":"Feed","floor":16},{"not_picked":["Body Slam","Headbutt"],"picked":"Warcry","floor":18},{"not_picked":["Whirlwind+1","Sever Soul"],"picked":"Shockwave","floor":20},{"not_picked":["Evolve","Shrug It Off"],"picked":"Feel No Pain","floor":21},{"not_picked":["Heavy Blade","Burning Pact"],"picked":"Sword Boomerang+1","floor":22},{"not_picked":["Disarm+1","Limit Break"],"picked":"Warcry","floor":23},{"not_picked":["Clothesline+1","Flame Barrier"],"picked":"Perfected Strike+1","floor":28},{"not_picked":["Whirlwind","Body Slam"],"picked":"Reaper","floor":30}],"player_experience":20624,"relics_obtained":[{"floor":6,"key":"Lantern"},{"floor":9,"key":"Bronze Scales"},{"floor":13,"key":"Mercury Hourglass"},{"floor":23,"key":"Meat on the Bone"},{"floor":26,"key":"Pen Nib"},{"floor":28,"key":"Boot"}],"event_choices":[{"cards_removed":["Corruption"],"damage_healed":9,"gold_gain":0,"player_choice":"Offered Uncommon","damage_taken":0,"max_hp_gain":0,"max_hp_loss":0,"event_name":"Bonfire Elementals","floor":4,"gold_loss":0},{"damage_healed":0,"gold_gain":0,"player_choice":"Grow","damage_taken":0,"max_hp_gain":0,"max_hp_loss":0,"event_name":"Living Wall","floor":12,"gold_loss":0,"cards_upgraded":["Armaments"]},{"damage_healed":0,"gold_gain":0,"cards_transformed":["Strike_R","Defend_R"],"player_choice":"Became Test Subject","damage_taken":0,"max_hp_gain":0,"max_hp_loss":0,"event_name":"Drug Dealer","floor":19,"gold_loss":0,"cards_obtained":["Hemokinesis","Burning Pact"]},{"damage_healed":0,"gold_gain":0,"player_choice":"Shed Blood","damage_taken":21,"max_hp_gain":5,"max_hp_loss":0,"event_name":"Forgotten Altar","floor":25,"gold_loss":0},{"cards_removed":["Strike_R"],"damage_healed":0,"gold_gain":0,"player_choice":"Upgrade and Remove","damage_taken":0,"max_hp_gain":0,"max_hp_loss":0,"event_name":"Designer","floor":29,"gold_loss":90,"cards_upgraded":["Whirlwind"]}],"is_beta":false,"boss_relics":[{"not_picked":["Orrery","Snecko Eye"],"picked":"Philosopher\u0027s Stone"}],"items_purged_floors":[31],"is_endless":false,"potions_floor_spawned":[3,5,7,14,21,22,28],"killed_by":"Collector","ascension_level":0}