{"gold_per_floor":[119,44,62,162,179,209,35,35,35,60,79,28,28,40,40,139,139,122,156,201,220,234,234,254,254,254,254,270,286,302,302,302,404,404,415,242,342,192,209,209,221,221,221,221,255,270,270,270,270,270],"floor_reached":51,"playtime":4111,"items_purged":["Strike_G","Defend_G","Strike_G","Strike_G"],"score":909,"play_id":"2abb5ca2-c507-4b27-914b-4378ac60e863","local_time":"20190812174331","is_ascension_mode":true,"campfire_choices":[{"floor":13,"key":"REST"},{"data":"Noxious Fumes","floor":15,"key":"SMITH"},{"floor":23,"key":"REST"},{"floor":25,"key":"REST"},{"data":"Footwork","floor":27,"key":"SMITH"},{"floor":32,"key":"REST"},{"floor":40,"key":"REST"},{"data":"Footwork","floor":42,"key":"SMITH"},{"data":"Neutralize","floor":49,"key":"SMITH"}],"neow_cost":"NONE","seed_source_timestamp":165077411485900,"circlet_count":0,"master_deck":["Strike_G","Defend_G","Defend_G+1","Survivor+1","Neutralize+1","Footwork+1","Noxious Fumes+1","Deadly Poison","Leg Sweep","Backstab","Footwork+1","Deflect","Deflect","A Thousand Cuts","Slice","All Out Attack","Noxious Fumes+1","Deflect+1","Escape Plan","Escape Plan","Blur","Dodge and Roll","Dodge and Roll+1"],"relics":["Ring of the Snake","Turnip","PreservedInsect","Mercury Hourglass","War Paint","Empty Cage","Red Mask","Strawberry","Singing Bowl","White Beast Statue","Peace Pipe","Ice Cream","Ancient Tea Set","Meat on the Bone"],"potions_floor_usage":[21,22,33,35,39,45,45,46,46,50],"damage_taken":[{"damage":0,"enemies":"Small Slimes","floor":1,"turns":3},{"damage":0,"enemies":"Cultist","floor":3,"turns":5},{"damage":1,"enemies":"2 Louse","floor":5,"turns":4},{"damage":9,"enemies":"Lagavulin","floor":6,"turns":7},{"damage":0,"enemies":"Blue Slaver","floor":11,"turns":4},{"damage":0,"enemies":"Exordium Thugs","floor":14,"turns":5},{"damage":16,"enemies":"Slime Boss","floor":16,"turns":13},{"damage":13,"enemies":"2 Thieves","floor":18,"turns":4},{"damage":44,"enemies":"Masked Bandits","floor":19,"turns":6},{"damage":7,"enemies":"Chosen","floor":21,"turns":5},{"damage":4,"enemies":"Shelled Parasite and Fungi","floor":22,"turns":9},{"damage":0,"enemies":"Centurion and Healer","floor":24,"turns":7},{"damage":29,"enemies":"3 Cultists","floor":28,"turns":6},{"damage":13,"enemies":"Sentry and Sphere","floor":29,"turns":6},{"damage":5,"enemies":"Cultist and Chosen","floor":30,"turns":6},{"damage":14,"enemies":"Automaton","floor":33,"turns":11},{"damage":5,"enemies":"3 Darklings","floor":35,"turns":5},{"damage":0,"enemies":"Mind Bloom Boss Battle","floor":37,"turns":9},{"damage":9,"enemies":"3 Shapes","floor":39,"turns":5},{"damage":2,"enemies":"Spire Growth","floor":41,"turns":7},{"damage":1,"enemies":"Nemesis","floor":45,"turns":8},{"damage":9,"enemies":"Jaw Worm Horde","floor":46,"turns":5},{"damage":28,"enemies":"Awakened One","floor":50,"turns":19}],"seed_played":"2552658033801838985","potions_obtained":[{"floor":3,"key":"SteroidPotion"},{"floor":19,"key":"PowerPotion"},{"floor":30,"key":"Strength Potion"},{"floor":33,"key":"Block Potion"},{"floor":35,"key":"Fire Potion"},{"floor":37,"key":"Regen Potion"},{"floor":39,"key":"Regen Potion"},{"floor":41,"key":"Swift Potion"},{"floor":45,"key":"EssenceOfSteel"},{"floor":46,"key":"SteroidPotion"}],"is_trial":false,"path_per_floor":["M","$","M","?","M","E","$","?","T","T","M","$","R","M","R","B",null,"M","?","T","M","M","R","M","R","T","R","M","M","M","?","R","B",null,"M","$","?","$","M","R","M","R","T","?","E","M","?","T","R","B",null],"character_chosen":"THE_SILENT","items_purchased":["Backstab","Deflect","Dodge and Roll"],"campfire_rested":5,"item_purchase_floors":[7,12,36],"current_hp_per_floor":[63,63,63,63,62,53,53,46,46,46,46,46,67,67,67,51,65,52,8,15,8,4,27,27,50,50,50,21,8,3,3,26,14,63,58,58,60,60,53,77,77,77,77,77,81,83,83,83,83,55],"gold":270,"neow_bonus":"REMOVE_CARD","is_prod":false,"is_daily":false,"chose_seed":false,"campfire_upgraded":4,"win_rate":0,"timestamp":1565657011,"path_taken":["M","$","M","?","M","E","?","?","T","?","M","$","R","M","R","BOSS","M","?","?","?","M","R","M","R","T","R","M","M","?","?","R","BOSS","M","$","?","$","M","R","M","R","T","?","E","M","?","?","R","BOSS"],"build_version":"2019-07-17","purchased_purges":4,"victory":true,"max_hp_per_floor":[70,70,70,70,70,70,70,70,70,70,70,70,70,70,70,70,70,70,70,77,77,77,77,77,77,77,77,77,77,77,77,77,79,79,79,79,81,81,83,83,85,85,85,81,81,83,83,83,83,83],"card_choices":[{"not_picked":["Dagger Throw","Quick Slash"],"picked":"Footwork","floor":1},{"not_picked":["Bane","Setup"],"picked":"Noxious Fumes","floor":3},{"not_picked":["Dagger Throw","Bane"],"picked":"Deadly Poison","floor":5},{"not_picked":["Die Die Die","Slice"],"picked":"Leg Sweep","floor":6},{"not_picked":["Calculated Gamble","Concentrate"],"picked":"Footwork","floor":11},{"not_picked":["Choke","Outmaneuver"],"picked":"Deflect","floor":14},{"not_picked":["Storm of Steel","Tools of the Trade"],"picked":"A Thousand Cuts","floor":16},{"not_picked":["Dodge and Roll","Cloak And Dagger"],"picked":"Slice","floor":18},{"not_picked":["Endless Agony","Dagger Throw"],"picked":"All Out Attack","floor":19},{"not_picked":["Blur","Bane"],"picked":"Expertise","floor":21},{"not_picked":["Acrobatics","Footwork"],"picked":"Noxious Fumes+1","floor":22},{"not_picked":["PiercingWail","Poisoned Stab+1","Blade Dance"],"picked":"SKIP","floor":24},{"not_picked":["Cloak And Dagger","Reflex"],"picked":"Deflect+1","floor":28},{"not_picked":["Prepared+1","Caltrops"],"picked":"Escape Plan","floor":29},{"not_picked":["Crippling Poison","Tactician"],"picked":"Escape Plan","floor":30},{"not_picked":["Venomology","Phantasmal Killer","Tools of the Trade"],"picked":"Singing Bowl","floor":33},{"not_picked":["Poisoned Stab","Skewer+1"],"picked":"Blur","floor":35},{"not_picked":["Blade Dance","Blur","Bane+1"],"picked":"Singing Bowl","floor":37},{"not_picked":["Endless Agony+1","Deflect+1","Infinite Blades"],"picked":"Singing Bowl","floor":39},{"not_picked":["Caltrops+1","Poisoned Stab+1","Leg Sweep+1"],"picked":"Singing Bowl","floor":41},{"not_picked":["Backflip+1","Cloak And Dagger+1"],"picked":"Dodge and Roll+1","floor":45},{"not_picked":["Setup+1","Dodge and Roll","Slice+1"],"picked":"Singing Bowl","floor":46}],"player_experience":317359,"relics_obtained":[{"floor":6,"key":"Turnip"},{"floor":9,"key":"Mercury Hourglass"},{"floor":10,"key":"War Paint"},{"floor":19,"key":"Red Mask"},{"floor":20,"key":"Strawberry"},{"floor":26,"key":"Singing Bowl"},{"floor":37,"key":"Peace Pipe"},{"floor":43,"key":"Ice Cream"},{"floor":45,"key":"Ancient Tea Set"},{"floor":48,"key":"Meat on the Bone"}],"event_choices":[{"damage_healed":0,"gold_gain":100,"player_choice":"Pray","damage_taken":0,"max_hp_gain":0,"max_hp_loss":0,"event_name":"Golden Shrine","floor":4,"gold_loss":0},{"damage_healed":0,"gold_gain":0,"player_choice":"Success","damage_taken":7,"relics_obtained":["PreservedInsect"],"max_hp_gain":0,"max_hp_loss":0,"event_name":"Scrap Ooze","floor":8,"gold_loss":0},{"damage_healed":0,"gold_gain":0,"player_choice":"Fought Bandits","damage_taken":0,"max_hp_gain":0,"max_hp_loss":0,"event_name":"Masked Bandits","floor":19,"gold_loss":0},{"damage_healed":0,"gold_gain":0,"player_choice":"Ignored","damage_taken":0,"max_hp_gain":0,"max_hp_loss":0,"event_name":"Cursed Tome","floor":31,"gold_loss":0},{"damage_healed":0,"gold_gain":0,"player_choice":"Fight","damage_taken":0,"max_hp_gain":0,"max_hp_loss":0,"event_name":"MindBloom","floor":37,"gold_loss":0},{"damage_healed":0,"gold_gain":0,"player_choice":"Max HP","damage_taken":0,"max_hp_gain":0,"max_hp_loss":4,"event_name":"Winding Halls","floor":44,"gold_loss":0},{"cards_removed":["Expertise"],"damage_healed":0,"gold_gain":0,"player_choice":"Removed Skill","damage_taken":0,"max_hp_gain":0,"max_hp_loss":0,"event_name":"Falling","floor":47,"gold_loss":0}],"is_beta":false,"boss_relics":[{"not_picked":["Velvet Choker","Orrery"],"picked":"Empty Cage"},{"not_picked":["HoveringKite","Coffee Dripper"],"picked":"White Beast Statue"}],"items_purged_floors":[2,7,36,38],"is_endless":false,"potions_floor_spawned":[3,19,30,33,35,37,39,41,45,46],"ascension_level":9}