{"gold_per_floor":[117,117,130,55,71,71,91,166,193,193,143,143,169,180,180,279,279,293,308,308,308,210,210,220,235,259,288,299,38,52,66,66,66],"floor_reached":33,"playtime":1205,"items_purged":["Defend_B","Strike_B","Recycle"],"score":269,"play_id":"b48f34e8-6206-4d09-a205-4c571495e884","local_time":"20190805234830","is_ascension_mode":false,"campfire_choices":[{"data":"Zap","floor":6,"key":"SMITH"},{"data":"Dualcast","floor":15,"key":"SMITH"},{"data":"Buffer","floor":23,"key":"SMITH"},{"data":"Buffer","floor":32,"key":"SMITH"}],"neow_cost":"NONE","seed_source_timestamp":53533906566737,"circlet_count":0,"master_deck":["Zap+1","Dualcast+1","Lockon","Buffer+1","Reboot","Gash","Buffer+1"],"relics":["Cracked Core","Smiling Mask","DataDisk","Pandora\u0027s Box","Strawberry","Bronze Scales","Meat on the Bone"],"potions_floor_usage":[5,7,13,13,24,27,31],"damage_taken":[{"damage":3,"enemies":"Small Slimes","floor":1,"turns":3},{"damage":0,"enemies":"2 Louse","floor":3,"turns":2},{"damage":0,"enemies":"Cultist","floor":5,"turns":3},{"damage":4,"enemies":"Gremlin Gang","floor":7,"turns":2},{"damage":14,"enemies":"Gremlin Nob","floor":13,"turns":4},{"damage":0,"enemies":"Looter","floor":14,"turns":2},{"damage":46,"enemies":"The Guardian","floor":16,"turns":12},{"damage":6,"enemies":"Shell Parasite","floor":18,"turns":2},{"damage":5,"enemies":"Chosen","floor":19,"turns":3},{"damage":0,"enemies":"Centurion and Healer","floor":24,"turns":2},{"damage":21,"enemies":"Snake Plant","floor":25,"turns":2},{"damage":6,"enemies":"Book of Stabbing","floor":27,"turns":3},{"damage":10,"enemies":"Sentry and Sphere","floor":28,"turns":4},{"damage":9,"enemies":"3 Cultists","floor":30,"turns":4},{"damage":0,"enemies":"Snake Plant","floor":31,"turns":2},{"damage":69,"enemies":"Automaton","floor":33,"turns":6}],"seed_played":"8582361195594740447","potions_obtained":[{"floor":0,"key":"SteroidPotion"},{"floor":0,"key":"Block Potion"},{"floor":0,"key":"Weak Potion"},{"floor":5,"key":"Explosive Potion"},{"floor":16,"key":"Dexterity Potion"},{"floor":18,"key":"Strength Potion"},{"floor":19,"key":"GamblersBrew"},{"floor":30,"key":"Block Potion"}],"is_trial":false,"path_per_floor":["M","?","M","$","M","R","M","?","T","?","$","?","E","M","R","B",null,"M","M","?","?","$","R","M","M","T","E","M","$","M","M","R","B"],"character_chosen":"DEFECT","items_purchased":["SteroidPotion","Meat on the Bone"],"campfire_rested":0,"item_purchase_floors":[22,29],"current_hp_per_floor":[72,72,72,72,72,72,68,57,57,62,62,62,48,48,48,2,80,74,69,69,69,69,69,69,48,55,49,39,39,42,54,54,0],"gold":66,"neow_bonus":"THREE_SMALL_POTIONS","is_prod":false,"is_daily":false,"chose_seed":false,"campfire_upgraded":4,"win_rate":0,"timestamp":1565074110,"path_taken":["M","?","M","$","M","R","M","?","T","?","$","?","E","M","R","BOSS","M","M","?","?","$","R","M","M","T","E","M","$","M","M","R","BOSS"],"build_version":"2019-07-17","purchased_purges":3,"victory":false,"max_hp_per_floor":[75,75,75,75,75,75,75,75,75,80,80,80,80,80,80,80,80,80,80,80,80,80,80,80,80,87,87,87,87,87,87,87,87],"card_choices":[{"not_picked":["Barrage","Chaos","Skim"],"picked":"SKIP","floor":1},{"not_picked":["Turbo","Rebound","Heatsinks"],"picked":"SKIP","floor":3},{"not_picked":["Defragment","Conserve Battery","Turbo"],"picked":"SKIP","floor":5},{"not_picked":["Cold Snap","Storm","Leap"],"picked":"SKIP","floor":7},{"not_picked":["Multi-Cast","Doom and Gloom","Steam"],"picked":"SKIP","floor":13},{"not_picked":["Double Energy","Redo","Fusion"],"picked":"SKIP","floor":14},{"not_picked":["Conserve Battery","Hologram+1"],"picked":"Gash","floor":18},{"not_picked":["Ball Lightning","Beam Cell+1","Static Discharge+1"],"picked":"SKIP","floor":19},{"not_picked":["Loop","Turbo","Cold Snap+1"],"picked":"SKIP","floor":24},{"not_picked":["Force Field+1","Hologram","Blizzard"],"picked":"SKIP","floor":25},{"not_picked":["Chill","Force Field+1"],"picked":"Buffer","floor":27},{"not_picked":["Auto Shields+1","Steam Power","Tempest"],"picked":"SKIP","floor":28},{"not_picked":["Redo","Turbo","Ball Lightning+1"],"picked":"SKIP","floor":30},{"not_picked":["Heatsinks","FTL","Rebound"],"picked":"SKIP","floor":31}],"player_experience":483258,"relics_obtained":[{"floor":9,"key":"Smiling Mask"},{"floor":13,"key":"DataDisk"},{"floor":26,"key":"Strawberry"},{"floor":27,"key":"Bronze Scales"}],"event_choices":[{"cards_removed":["Strike_B"],"damage_healed":0,"gold_gain":0,"player_choice":"Forget","damage_taken":0,"max_hp_gain":0,"max_hp_loss":0,"event_name":"Living Wall","floor":2,"gold_loss":0},{"damage_healed":0,"gold_gain":75,"player_choice":"Gather Gold","damage_taken":11,"max_hp_gain":0,"max_hp_loss":0,"event_name":"World of Goop","floor":8,"gold_loss":0},{"damage_healed":0,"gold_gain":0,"player_choice":"Donut","damage_taken":0,"max_hp_gain":5,"max_hp_loss":0,"event_name":"Big Fish","floor":10,"gold_loss":0},{"damage_healed":0,"gold_gain":0,"player_choice":"Ignored","damage_taken":0,"max_hp_gain":0,"max_hp_loss":0,"event_name":"Liars Game","floor":12,"gold_loss":0},{"damage_healed":0,"gold_gain":0,"player_choice":"Ignored","damage_taken":0,"max_hp_gain":0,"max_hp_loss":0,"event_name":"Vampires","floor":20,"gold_loss":0},{"cards_removed":["Barrage"],"damage_healed":0,"gold_gain":0,"player_choice":"Elegance","damage_taken":0,"max_hp_gain":0,"max_hp_loss":0,"event_name":"Back to Basics","floor":21,"gold_loss":0}],"is_beta":false,"boss_relics":[{"not_picked":["Nuclear Battery","Philosopher\u0027s Stone"],"picked":"Pandora\u0027s Box"}],"items_purged_floors":[4,11,22],"is_endless":false,"potions_floor_spawned":[3,5,16,18,19,30],"killed_by":"Automaton","ascension_level":0}