{"gold_per_floor":[19,37,37,37,54,84,84,117,167,167,242,255,76,93,93,191,191,211,136,136,136,154,154,188,188,238,271,353,82,82,92,92,193,193,204,252,252,146,164,199,199,229,229,0,18,18,18,32,32,32],"floor_reached":51,"playtime":5252,"items_purged":["Strike_B","Defend_B+1"],"score":959,"play_id":"ccb071ba-3f66-4c90-a92d-9bcd129cefed","local_time":"20190701185539","is_ascension_mode":true,"campfire_choices":[{"floor":7,"key":"REST"},{"floor":10,"key":"REST"},{"data":"Defragment","floor":15,"key":"SMITH"},{"floor":23,"key":"REST"},{"data":"Static Discharge","floor":25,"key":"SMITH"},{"data":"Capacitor","floor":30,"key":"SMITH"},{"data":"Rainbow","floor":32,"key":"SMITH"},{"data":"Tempest","floor":41,"key":"SMITH"},{"floor":46,"key":"REST"},{"data":"Chill","floor":49,"key":"SMITH"}],"neow_cost":"NO_GOLD","seed_source_timestamp":467359210385137,"circlet_count":0,"master_deck":["Zap+1","Dualcast+1","Fusion+1","Compile Driver","Capacitor+1","Auto Shields+1","Scrape","Glacier","Chill+1","Static Discharge+1","Defragment+1","Thunder Strike","Force Field+1","Cold Snap+1","White Noise+1","Gash","RitualDagger","Tempest+1","Go for the Eyes+1","Gash","Rainbow+1","Seek","Tempest+1","Defragment","Conserve Battery+1","Heatsinks+1","Clumsy","Decay"],"relics":["Cracked Core","Bottled Lightning","Boot","War Paint","Astrolabe","Lantern","Art of War","Orichalcum","The Courier","Lee\u0027s Waffle","Cursed Key","Mango","Du-Vu Doll","Bottled Flame","Dodecahedron","Red Mask"],"potions_floor_usage":[5,6,8,12,24,33,39,40,40],"damage_taken":[{"damage":2,"enemies":"Jaw Worm","floor":1,"turns":3},{"damage":0,"enemies":"Small Slimes","floor":2,"turns":3},{"damage":0,"enemies":"Cultist","floor":5,"turns":3},{"damage":63,"enemies":"Gremlin Nob","floor":6,"turns":5},{"damage":10,"enemies":"Lagavulin","floor":8,"turns":7},{"damage":0,"enemies":"Exordium Thugs","floor":12,"turns":5},{"damage":12,"enemies":"Large Slime","floor":14,"turns":5},{"damage":0,"enemies":"The Guardian","floor":16,"turns":13},{"damage":18,"enemies":"Chosen","floor":18,"turns":6},{"damage":24,"enemies":"Shell Parasite","floor":22,"turns":4},{"damage":0,"enemies":"Book of Stabbing","floor":24,"turns":5},{"damage":0,"enemies":"Gremlin Leader","floor":27,"turns":7},{"damage":0,"enemies":"3 Cultists","floor":31,"turns":5},{"damage":0,"enemies":"Collector","floor":33,"turns":9},{"damage":0,"enemies":"Orb Walker","floor":35,"turns":3},{"damage":31,"enemies":"2 Orb Walkers","floor":36,"turns":7},{"damage":1,"enemies":"3 Shapes","floor":39,"turns":4},{"damage":12,"enemies":"Reptomancer","floor":40,"turns":5},{"damage":2,"enemies":"Nemesis","floor":42,"turns":5},{"damage":0,"enemies":"Jaw Worm Horde","floor":45,"turns":3},{"damage":8,"enemies":"Spire Growth","floor":48,"turns":3},{"damage":7,"enemies":"Time Eater","floor":50,"turns":9}],"seed_played":"-1004677952197020116","potions_obtained":[{"floor":1,"key":"Regen Potion"},{"floor":2,"key":"EssenceOfSteel"},{"floor":6,"key":"Regen Potion"},{"floor":8,"key":"Fruit Juice"},{"floor":18,"key":"Swift Potion"},{"floor":31,"key":"Explosive Potion"},{"floor":35,"key":"AttackPotion"},{"floor":40,"key":"SmokeBomb"},{"floor":45,"key":"LiquidBronze"},{"floor":48,"key":"FearPotion"}],"is_trial":false,"path_per_floor":["M","M","?","?","M","E","R","E","T","R","?","M","$","M","R","B",null,"M","?","?","?","M","R","E","R","T","E","T","$","R","M","R","B",null,"M","?","?","$","M","E","R","E","T","?","M","R","?","M","R","B",null],"character_chosen":"DEFECT","items_purchased":["Chill","Static Discharge","Lee\u0027s Waffle","Gash","Defragment","Block Potion","Weak Potion"],"campfire_rested":4,"item_purchase_floors":[13,13,29,29,38,38,38],"current_hp_per_floor":[73,73,58,58,67,4,26,31,31,53,46,51,51,39,39,39,80,62,62,56,56,32,56,56,56,56,56,56,87,87,87,87,87,87,87,70,70,70,69,57,57,55,55,55,55,83,83,75,75,68],"gold":32,"neow_bonus":"REMOVE_TWO","is_prod":false,"is_daily":false,"chose_seed":false,"campfire_upgraded":6,"win_rate":0,"timestamp":1562032539,"path_taken":["M","M","?","?","M","E","R","E","T","R","?","?","$","M","R","BOSS","M","?","?","?","M","R","E","R","T","E","?","$","R","M","R","BOSS","M","?","?","$","M","E","R","E","T","?","M","R","?","?","R","BOSS"],"build_version":"2019-07-01","purchased_purges":2,"victory":true,"max_hp_per_floor":[75,75,75,75,75,75,75,75,75,75,75,80,80,80,80,80,80,80,80,80,80,80,80,80,80,80,80,80,87,87,87,87,87,87,87,101,96,96,96,96,96,96,96,96,96,96,96,96,96,96],"card_choices":[{"not_picked":["Auto Shields","Stack"],"picked":"Fusion","floor":1},{"not_picked":["Gash","Redo"],"picked":"Compile Driver","floor":2},{"not_picked":["Genetic Algorithm","Compile Driver"],"picked":"Capacitor","floor":5},{"not_picked":["Conserve Battery","Gash"],"picked":"Auto Shields","floor":6},{"not_picked":["Gash","Compile Driver"],"picked":"Scrape","floor":8},{"not_picked":["Ball Lightning","Scrape"],"picked":"Glacier","floor":12},{"not_picked":["Coolheaded","Double Energy"],"picked":"Defragment","floor":14},{"not_picked":["Echo Form","Electrodynamics"],"picked":"Thunder Strike","floor":16},{"not_picked":["Compile Driver+1","Loop"],"picked":"Gash","floor":18},{"not_picked":["Stack","Aggregate"],"picked":"Tempest","floor":22},{"not_picked":["Stack","Lockon","Streamline"],"picked":"SKIP","floor":24},{"not_picked":["Cold Snap","Force Field"],"picked":"Go for the Eyes+1","floor":27},{"not_picked":["Streamline","Rebound"],"picked":"Rainbow","floor":31},{"not_picked":["Rainbow","Thunder Strike"],"picked":"Seek","floor":33},{"not_picked":["Redo","Steam Power+1","Lockon"],"picked":"SKIP","floor":35},{"not_picked":["Ball Lightning","Turbo"],"picked":"Tempest+1","floor":36},{"not_picked":["Compile Driver+1","Lockon"],"picked":"Conserve Battery+1","floor":39},{"not_picked":["Darkness+1","Barrage+1","FTL"],"picked":"SKIP","floor":40},{"not_picked":["Conserve Battery+1","Streamline+1"],"picked":"Heatsinks+1","floor":42},{"not_picked":["Beam Cell+1","Barrage+1","Turbo+1"],"picked":"SKIP","floor":45},{"not_picked":["Leap","Hologram","Consume+1"],"picked":"SKIP","floor":48}],"player_experience":119792,"relics_obtained":[{"floor":6,"key":"Bottled Lightning"},{"floor":8,"key":"Boot"},{"floor":9,"key":"War Paint"},{"floor":24,"key":"Lantern"},{"floor":26,"key":"Art of War"},{"floor":27,"key":"Orichalcum"},{"floor":28,"key":"The Courier"},{"floor":36,"key":"Mango"},{"floor":40,"key":"Du-Vu Doll"},{"floor":42,"key":"Bottled Flame"},{"floor":43,"key":"Dodecahedron"}],"event_choices":[{"damage_healed":0,"gold_gain":0,"player_choice":"Entered Light","damage_taken":15,"max_hp_gain":0,"max_hp_loss":0,"event_name":"Shining Light","floor":3,"gold_loss":0,"cards_upgraded":["Dualcast","Zap"]},{"damage_healed":0,"gold_gain":0,"player_choice":"Grow","damage_taken":0,"max_hp_gain":0,"max_hp_loss":0,"event_name":"Living Wall","floor":4,"gold_loss":0,"cards_upgraded":["Fusion"]},{"damage_healed":0,"gold_gain":75,"player_choice":"Touch","damage_taken":7,"max_hp_gain":0,"max_hp_loss":0,"event_name":"FaceTrader","floor":11,"gold_loss":0},{"cards_removed":["Defend_B"],"damage_healed":0,"gold_gain":0,"player_choice":"Gave Gold","damage_taken":0,"max_hp_gain":0,"max_hp_loss":0,"event_name":"Beggar","floor":19,"gold_loss":75},{"damage_healed":0,"gold_gain":0,"player_choice":"Joined the Cult","damage_taken":6,"max_hp_gain":0,"max_hp_loss":0,"event_name":"Nest","floor":20,"gold_loss":0,"cards_obtained":["RitualDagger"]},{"damage_healed":0,"gold_gain":0,"player_choice":"Ignored","damage_taken":0,"max_hp_gain":0,"max_hp_loss":0,"event_name":"Vampires","floor":21,"gold_loss":0},{"damage_healed":0,"gold_gain":0,"player_choice":"Fight","damage_taken":0,"max_hp_gain":0,"max_hp_loss":0,"event_name":"Mysterious Sphere","floor":36,"gold_loss":0},{"damage_healed":0,"gold_gain":0,"player_choice":"Max HP","damage_taken":0,"max_hp_gain":0,"max_hp_loss":5,"event_name":"Winding Halls","floor":37,"gold_loss":0},{"damage_healed":0,"gold_gain":0,"player_choice":"Paid","damage_taken":0,"relics_obtained":["Red Mask"],"max_hp_gain":0,"max_hp_loss":0,"event_name":"Tomb of Lord Red Mask","floor":44,"gold_loss":229},{"damage_healed":0,"gold_gain":0,"player_choice":"Cursed","damage_taken":0,"max_hp_gain":0,"max_hp_loss":0,"event_name":"Wheel of Change","floor":47,"gold_loss":0,"cards_obtained":["Decay"]}],"is_beta":false,"boss_relics":[{"not_picked":["Philosopher\u0027s Stone","Nuclear Battery"],"picked":"Astrolabe"},{"not_picked":["Empty Cage","Lizard Tail"],"picked":"Cursed Key"}],"items_purged_floors":[13,29],"is_endless":false,"potions_floor_spawned":[1,2,6,8,18,31,35,40,45,48],"ascension_level":2}