{"gold_per_floor":[111,130,130,130,144,180,180,213,213,247,247,1,1,17,17,140,140,158,158,230,254,254,254,289,289,289,313,338,338,351,365,365,365],"floor_reached":33,"playtime":1555,"items_purged":["Strike_G"],"score":385,"play_id":"c5e88a03-82da-47a2-a66d-4644136f1a5d","local_time":"20190809014541","is_ascension_mode":true,"campfire_choices":[{"data":"Poisoned Stab","floor":7,"key":"SMITH"},{"data":"Poisoned Stab","floor":13,"key":"SMITH"},{"data":"Noxious Fumes","floor":15,"key":"SMITH"},{"data":"Glass Knife","floor":23,"key":"SMITH"},{"floor":25,"key":"REST"},{"floor":29,"key":"REST"},{"floor":32,"key":"REST"}],"neow_cost":"NONE","seed_source_timestamp":270815175035455,"circlet_count":0,"master_deck":["Strike_G","Strike_G","Strike_G+1","Strike_G","Defend_G","Defend_G","Defend_G","Defend_G","Defend_G","Survivor","Neutralize+1","Poisoned Stab+1","Poisoned Stab+1","Backstab","Noxious Fumes+1","Dodge and Roll","Dagger Spray","Sucker Punch","Glass Knife+1","Backstab","Outmaneuver+1","Necronomicurse","Noxious Fumes","Dodge and Roll","Skewer+1","Heel Hook+1","Calculated Gamble"],"relics":["Ring of the Snake","NeowsBlessing","Golden Idol","Mummified Hand","Gremlin Horn","Ornamental Fan","Smiling Mask","Lee\u0027s Waffle","Velvet Choker","MutagenicStrength","Matryoshka","Necronomicon","Dodecahedron","Oddly Smooth Stone","Sundial"],"potions_floor_usage":[6,16,16,33,33],"damage_taken":[{"damage":0,"enemies":"Small Slimes","floor":1,"turns":1},{"damage":0,"enemies":"Jaw Worm","floor":2,"turns":1},{"damage":0,"enemies":"2 Louse","floor":5,"turns":1},{"damage":14,"enemies":"3 Sentries","floor":6,"turns":10},{"damage":12,"enemies":"Gremlin Nob","floor":8,"turns":3},{"damage":19,"enemies":"Lagavulin","floor":10,"turns":6},{"damage":0,"enemies":"Looter","floor":14,"turns":3},{"damage":11,"enemies":"Slime Boss","floor":16,"turns":9},{"damage":0,"enemies":"3 Byrds","floor":18,"turns":4},{"damage":6,"enemies":"Spheric Guardian","floor":21,"turns":4},{"damage":33,"enemies":"Book of Stabbing","floor":24,"turns":5},{"damage":20,"enemies":"Snecko","floor":27,"turns":4},{"damage":8,"enemies":"Snake Plant","floor":28,"turns":3},{"damage":11,"enemies":"Centurion and Healer","floor":30,"turns":4},{"damage":13,"enemies":"Chosen and Byrds","floor":31,"turns":5},{"damage":34,"enemies":"Champ","floor":33,"turns":6}],"seed_played":"-6512811104497082947","potions_obtained":[{"floor":1,"key":"SpeedPotion"},{"floor":10,"key":"Regen Potion"},{"floor":14,"key":"Swift Potion"},{"floor":21,"key":"Energy Potion"},{"floor":24,"key":"Ancient Potion"},{"floor":31,"key":"FearPotion"}],"is_trial":false,"path_per_floor":["M","M","?","?","M","E","R","E","T","E","?","$","R","M","R","B",null,"M","?","T","M","?","R","E","R","T","M","M","R","M","M","R","B"],"character_chosen":"THE_SILENT","items_purchased":["Lee\u0027s Waffle"],"campfire_rested":3,"item_purchase_floors":[12],"current_hp_per_floor":[63,63,63,50,50,36,36,24,24,5,2,72,72,72,72,71,72,72,72,72,66,50,50,17,38,38,18,10,31,20,7,28,0],"gold":365,"neow_bonus":"THREE_ENEMY_KILL","is_prod":false,"is_daily":false,"chose_seed":false,"campfire_upgraded":4,"win_rate":0,"timestamp":1565340341,"path_taken":["M","M","?","?","M","E","R","E","T","E","?","$","R","M","R","BOSS","M","?","?","?","?","R","E","R","T","M","M","R","M","M","R","BOSS"],"build_version":"2019-07-17","purchased_purges":1,"victory":false,"max_hp_per_floor":[70,70,65,65,65,65,65,65,65,65,65,72,72,72,72,72,72,72,72,72,72,72,72,72,72,72,72,72,72,72,72,72,72],"card_choices":[{"not_picked":["Reflex","Quick Slash"],"picked":"Poisoned Stab","floor":1},{"not_picked":["Finisher","Quick Slash"],"picked":"Poisoned Stab","floor":2},{"not_picked":["Dash","Infinite Blades"],"picked":"Backstab","floor":5},{"not_picked":["Quick Slash","Prepared"],"picked":"Noxious Fumes","floor":6},{"not_picked":["Acrobatics","Underhanded Strike"],"picked":"Dodge and Roll","floor":8},{"not_picked":["Expertise","Bullet Time"],"picked":"Dagger Spray","floor":10},{"not_picked":["Finisher","Riddle With Holes"],"picked":"Sucker Punch","floor":14},{"not_picked":["Phantasmal Killer","A Thousand Cuts"],"picked":"Glass Knife","floor":16},{"not_picked":["Outmaneuver","Cloak And Dagger"],"picked":"Backstab","floor":18},{"not_picked":["Distraction","Dodge and Roll"],"picked":"Outmaneuver+1","floor":21},{"not_picked":["PiercingWail","Predator"],"picked":"Noxious Fumes","floor":24},{"not_picked":["Flechettes","Finisher"],"picked":"Dodge and Roll","floor":27},{"not_picked":["Choke","Dash"],"picked":"Skewer+1","floor":28},{"not_picked":["Eviscerate","Sucker Punch"],"picked":"Heel Hook+1","floor":30},{"not_picked":["Dagger Spray","Cloak And Dagger"],"picked":"Calculated Gamble","floor":31}],"player_experience":237185,"relics_obtained":[{"floor":6,"key":"Mummified Hand"},{"floor":8,"key":"Gremlin Horn"},{"floor":9,"key":"Ornamental Fan"},{"floor":10,"key":"Smiling Mask"},{"floor":20,"key":"Matryoshka"},{"floor":22,"key":"Necronomicon"},{"floor":24,"key":"Dodecahedron"},{"floor":26,"key":"Oddly Smooth Stone"},{"floor":26,"key":"Sundial"}],"event_choices":[{"damage_healed":0,"gold_gain":0,"player_choice":"Lose Max HP","damage_taken":0,"relics_obtained":["Golden Idol"],"max_hp_gain":0,"max_hp_loss":5,"event_name":"Golden Idol","floor":3,"gold_loss":0},{"damage_healed":0,"gold_gain":0,"player_choice":"Entered Light","damage_taken":13,"max_hp_gain":0,"max_hp_loss":0,"event_name":"Shining Light","floor":4,"gold_loss":0,"cards_upgraded":["Strike_G","Neutralize"]},{"damage_healed":0,"gold_gain":0,"player_choice":"Fled","damage_taken":3,"max_hp_gain":0,"max_hp_loss":0,"event_name":"Scrap Ooze","floor":11,"gold_loss":0},{"damage_healed":0,"gold_gain":0,"player_choice":"Inject Mutagens","damage_taken":0,"relics_obtained":["MutagenicStrength"],"max_hp_gain":0,"max_hp_loss":0,"event_name":"Drug Dealer","floor":19,"gold_loss":0},{"damage_healed":0,"gold_gain":0,"player_choice":"Obtained Book","damage_taken":16,"max_hp_gain":0,"max_hp_loss":0,"event_name":"Cursed Tome","floor":22,"gold_loss":0}],"is_beta":false,"boss_relics":[{"not_picked":["Ectoplasm","Fusion Hammer"],"picked":"Velvet Choker"}],"items_purged_floors":[12],"is_endless":false,"potions_floor_spawned":[1,10,14,21,24,31],"killed_by":"Champ","ascension_level":7}