{"gold_per_floor":[115,115,40,58,8,22,22,34,34,54,85,85,85,85,85,188,188,171,187,10,25,39,66,76,76,156,156,171,171,46,71,71,170,170,190,208,208,220,234,234,234,234,234,249,249,269,288,248,248,248,248,248,28,57,57],"floor_reached":55,"playtime":5883,"items_purged":["Strike_G","Strike_G","Strike_G","Parasite"],"score":814,"play_id":"b096ba40-b9f7-4d8f-aaf0-9192b734f398","local_time":"20190309001556","is_ascension_mode":true,"campfire_choices":[{"data":"Footwork","floor":7,"key":"SMITH"},{"data":"Neutralize","floor":13,"key":"SMITH"},{"data":"Bouncing Flask","floor":15,"key":"SMITH"},{"floor":25,"key":"RECALL"},{"data":"Footwork","floor":27,"key":"SMITH"},{"data":"Catalyst","floor":32,"key":"SMITH"},{"floor":40,"key":"REST"},{"data":"Night Terror","floor":42,"key":"SMITH"},{"data":"Backflip","floor":45,"key":"SMITH"},{"data":"After Image","floor":49,"key":"SMITH"},{"data":"Defend_G","floor":52,"key":"SMITH"}],"neow_cost":"NONE","seed_source_timestamp":9759286454341,"circlet_count":0,"master_deck":["Defend_G","Defend_G","Defend_G+1","Defend_G+1","Defend_G+1","Survivor","Neutralize+1","Bouncing Flask+1","Backflip+1","Footwork+1","Prepared+1","Backstab","After Image+1","Noxious Fumes","Crippling Poison+1","Catalyst+1","Footwork+1","Dagger Spray+1","Backstab","Footwork+1","Adrenaline+1","Night Terror+1","Acrobatics+1","Dodge and Roll+1","Prepared+1","Corpse Explosion","Footwork+1","Crippling Poison+1"],"relics":["Ring of the Snake","Letter Opener","Anchor","Velvet Choker","Bottled Lightning","Frozen Egg 2","Sozu","Darkstone Periapt","Molten Egg 2","Sundial"],"potions_floor_usage":[11,19,22,46,54,55],"damage_taken":[{"damage":0,"enemies":"2 Louse","floor":1,"turns":2},{"damage":1,"enemies":"Jaw Worm","floor":4,"turns":3},{"damage":0,"enemies":"Cultist","floor":6,"turns":3},{"damage":5,"enemies":"Red Slaver","floor":8,"turns":4},{"damage":2,"enemies":"Blue Slaver","floor":10,"turns":6},{"damage":8,"enemies":"Lagavulin","floor":11,"turns":6},{"damage":8,"enemies":"The Guardian","floor":16,"turns":8},{"damage":0,"enemies":"2 Thieves","floor":18,"turns":4},{"damage":2,"enemies":"3 Byrds","floor":19,"turns":4},{"damage":0,"enemies":"Shelled Parasite and Fungi","floor":21,"turns":4},{"damage":0,"enemies":"3 Cultists","floor":22,"turns":5},{"damage":6,"enemies":"Slavers","floor":23,"turns":5},{"damage":0,"enemies":"Chosen and Byrds","floor":24,"turns":5},{"damage":0,"enemies":"Snake Plant","floor":28,"turns":4},{"damage":3,"enemies":"Book of Stabbing","floor":31,"turns":8},{"damage":1,"enemies":"Collector","floor":33,"turns":7},{"damage":22,"enemies":"3 Shapes","floor":35,"turns":4},{"damage":1,"enemies":"3 Darklings","floor":36,"turns":4},{"damage":9,"enemies":"Spire Growth","floor":38,"turns":5},{"damage":0,"enemies":"Writhing Mass","floor":39,"turns":5},{"damage":3,"enemies":"Sphere and 2 Shapes","floor":44,"turns":4},{"damage":0,"enemies":"Transient","floor":46,"turns":5},{"damage":0,"enemies":"Jaw Worm Horde","floor":47,"turns":3},{"damage":10,"enemies":"Awakened One","floor":50,"turns":19},{"damage":14,"enemies":"Shield and Spear","floor":54,"turns":7},{"damage":77,"enemies":"The Heart","floor":55,"turns":5}],"seed_played":"-5798910995287580211","potions_obtained":[{"floor":0,"key":"GhostInAJar"},{"floor":0,"key":"Strength Potion"},{"floor":0,"key":"Explosive Potion"},{"floor":6,"key":"Block Potion"},{"floor":8,"key":"SkillPotion"},{"floor":11,"key":"Block Potion"},{"floor":22,"key":"Strength Potion"},{"floor":23,"key":"Weak Potion"},{"floor":31,"key":"Swift Potion"}],"is_trial":false,"path_per_floor":["M","?","$","M","?","M","R","M","T","M","E","$","R","?","R","B",null,"M","M","$","M","M","E","M","R","T","R","M","?","$","E","R","B",null,"M","M","T","M","M","R","?","R","T","M","R","M","M","?","R","B",null,"R","$","E","B"],"character_chosen":"THE_SILENT","items_purchased":["Catalyst","Footwork+1"],"campfire_rested":1,"item_purchase_floors":[20,53],"current_hp_per_floor":[70,70,70,69,69,69,69,64,64,62,54,54,54,40,40,32,70,70,68,68,68,68,62,62,62,62,62,62,62,62,59,59,58,70,48,47,47,38,44,66,66,66,66,63,63,63,63,63,63,53,76,76,73,59,0],"gold":57,"neow_bonus":"THREE_SMALL_POTIONS","is_prod":false,"is_daily":false,"chose_seed":false,"campfire_upgraded":9,"win_rate":0,"timestamp":1552119356,"path_taken":["M","?","$","M","?","M","R","M","T","M","E","$","R","?","R","BOSS","M","M","$","M","M","E","M","R","T","R","M","?","?","E","R","BOSS","M","M","?","M","M","R","?","R","T","M","R","M","?","?","R","BOSS","R","$","E","BOSS"],"build_version":"2019-01-23","purchased_purges":4,"victory":false,"max_hp_per_floor":[70,70,70,70,70,70,70,70,70,70,70,70,70,70,70,70,70,70,70,70,70,70,70,70,70,70,70,70,70,70,70,70,70,70,70,70,70,70,76,76,76,76,76,76,76,76,76,76,76,76,76,76,73,73,73],"card_choices":[{"not_picked":["Sucker Punch","Outmaneuver"],"picked":"Bouncing Flask","floor":1},{"not_picked":["Setup","Prepared"],"picked":"Backflip","floor":4},{"not_picked":["Deadly Poison","Flying Knee"],"picked":"Footwork","floor":6},{"not_picked":["Distraction","Expertise","Cloak And Dagger"],"picked":"SKIP","floor":8},{"not_picked":["Riddle With Holes","Blade Dance"],"picked":"Prepared","floor":10},{"not_picked":["Cloak And Dagger","Blade Dance"],"picked":"Backstab","floor":11},{"not_picked":["Wraith Form v2","Grand Finale"],"picked":"After Image","floor":16},{"not_picked":["Flying Knee","Deadly Poison"],"picked":"Noxious Fumes","floor":18},{"not_picked":["Reflex+1","Calculated Gamble"],"picked":"Crippling Poison+1","floor":19},{"not_picked":["Noxious Fumes","Distraction"],"picked":"Footwork","floor":21},{"not_picked":["Infinite Blades","Quick Slash"],"picked":"Dagger Spray+1","floor":22},{"not_picked":["Cloak And Dagger","Deadly Poison","Acrobatics"],"picked":"SKIP","floor":23},{"not_picked":["Acrobatics","Accuracy"],"picked":"Backstab","floor":24},{"not_picked":["Dagger Throw","Choke","Sucker Punch"],"picked":"SKIP","floor":28},{"not_picked":["Cloak And Dagger","Tactician"],"picked":"Adrenaline","floor":31},{"not_picked":["Envenom+1","Doppelganger"],"picked":"Night Terror","floor":33},{"not_picked":["Slice","Outmaneuver"],"picked":"Acrobatics+1","floor":35},{"not_picked":["Poisoned Stab","Sucker Punch","Bane+1"],"picked":"SKIP","floor":36},{"not_picked":["Dagger Spray+1","Underhanded Strike"],"picked":"Dodge and Roll+1","floor":38},{"not_picked":["Distraction+1","Outmaneuver"],"picked":"Prepared+1","floor":39},{"not_picked":["Blade Dance","Poisoned Stab+1","Dash+1"],"picked":"SKIP","floor":44},{"not_picked":["Caltrops+1","Escape Plan"],"picked":"Corpse Explosion","floor":46},{"not_picked":["Flechettes+1","Dodge and Roll+1","Acrobatics"],"picked":"SKIP","floor":47},{"not_picked":["Dagger Throw+1","Storm of Steel"],"picked":"Crippling Poison+1","floor":54}],"player_experience":123114,"relics_obtained":[{"floor":9,"key":"Letter Opener"},{"floor":11,"key":"Anchor"},{"floor":23,"key":"Bottled Lightning"},{"floor":31,"key":"Frozen Egg 2"},{"floor":37,"key":"Darkstone Periapt"},{"floor":43,"key":"Molten Egg 2"},{"floor":54,"key":"Sundial"}],"event_choices":[{"cards_removed":["Strike_G"],"damage_healed":0,"gold_gain":0,"player_choice":"Forget","damage_taken":0,"max_hp_gain":0,"max_hp_loss":0,"event_name":"Living Wall","floor":2,"gold_loss":0},{"cards_removed":["Strike_G"],"damage_healed":0,"gold_gain":0,"player_choice":"Card Removal","damage_taken":0,"max_hp_gain":0,"max_hp_loss":0,"event_name":"The Cleric","floor":5,"gold_loss":50},{"damage_healed":0,"gold_gain":0,"player_choice":"Entered Light","damage_taken":14,"max_hp_gain":0,"max_hp_loss":0,"event_name":"Shining Light","floor":14,"gold_loss":0,"cards_upgraded":["Defend_G","Defend_G"]},{"damage_healed":0,"gold_gain":0,"player_choice":"Copied","damage_taken":0,"max_hp_gain":0,"max_hp_loss":0,"event_name":"Duplicator","floor":29,"gold_loss":0,"cards_obtained":["Footwork"]},{"damage_healed":0,"gold_gain":0,"player_choice":"Ignored","damage_taken":0,"max_hp_gain":0,"max_hp_loss":0,"event_name":"SecretPortal","floor":41,"gold_loss":0},{"damage_healed":0,"gold_gain":0,"player_choice":"Upgraded Two","damage_taken":0,"max_hp_gain":0,"max_hp_loss":0,"event_name":"Designer","floor":48,"gold_loss":40,"cards_upgraded":["Prepared","Adrenaline"]}],"is_beta":false,"boss_relics":[{"not_picked":["WristBlade","Runic Dome"],"picked":"Velvet Choker"},{"not_picked":["White Beast Statue","Empty Cage"],"picked":"Sozu"}],"items_purged_floors":[3,20,30,53],"is_endless":false,"potions_floor_spawned":[6,8,11,22,23,31,33,39,44,47],"killed_by":"The Heart","ascension_level":3}