{"gold_per_floor":[119,138,138,153,78,78,105,105,105,138,138,153,72,82,82,161,161,180,190,24,38,38],"floor_reached":22,"playtime":2195,"items_purged":["Strike_G"],"score":382,"play_id":"cc94de00-efca-437c-9056-806254bda7f7","local_time":"20190706114334","is_ascension_mode":true,"campfire_choices":[{"data":"Neutralize","floor":6.0,"key":"SMITH"},{"data":"Unload","floor":8.0,"key":"SMITH"},{"data":"Well Laid Plans","floor":15.0,"key":"SMITH"}],"neow_cost":"NONE","seed_source_timestamp":0,"circlet_count":0,"master_deck":["AscendersBane","Strike_G","Strike_G","Strike_G","Defend_G","Defend_G","Defend_G","Defend_G","Defend_G","Survivor","Neutralize+1","Poisoned Stab","Backflip","Unload+1","PiercingWail","Tools of the Trade+1","Footwork","Well Laid Plans+1","Footwork","Adrenaline","Underhanded Strike+1","Poisoned Stab","Burst","Deadly Poison"],"special_seed":0,"relics":["Ring of the Snake","Blood Vial","Question Card","Omamori","Art of War","HoveringKite"],"potions_floor_usage":[21],"damage_taken":[{"damage":0.0,"enemies":"2 Louse","floor":1.0,"turns":3.0},{"damage":1.0,"enemies":"Cultist","floor":2.0,"turns":4.0},{"damage":0.0,"enemies":"Small Slimes","floor":4.0,"turns":2.0},{"damage":36.0,"enemies":"Lagavulin","floor":7.0,"turns":7.0},{"damage":19.0,"enemies":"3 Sentries","floor":10.0,"turns":11.0},{"damage":7.0,"enemies":"2 Fungi Beasts","floor":12.0,"turns":3.0},{"damage":1.0,"enemies":"Exordium Wildlife","floor":14.0,"turns":4.0},{"damage":8.0,"enemies":"The Guardian","floor":16.0,"turns":13.0},{"damage":29,"enemies":"Shell Parasite","floor":18,"turns":10},{"damage":7,"enemies":"Spheric Guardian","floor":19,"turns":11},{"damage":12,"enemies":"Snake Plant","floor":21,"turns":6},{"damage":22,"enemies":"Sentry and Sphere","floor":22,"turns":6}],"seed_played":"7775221262876196927","potions_obtained":[{"floor":4.0,"key":"FearPotion"},{"floor":7.0,"key":"Ancient Potion"},{"floor":10.0,"key":"Regen Potion"},{"floor":14.0,"key":"Dexterity Potion"},{"floor":21,"key":"Explosive Potion"}],"is_trial":false,"path_per_floor":["M","M","?","M","$","R","E","R","T","E","?","M","$","M","R","B",null,"M","M","$","M","M"],"character_chosen":"THE_SILENT","items_purchased":["Well Laid Plans","Burst"],"campfire_rested":0,"item_purchase_floors":[13,20],"current_hp_per_floor":[61,62,62,64,64,64,30,30,30,13,13,17,17,18,18,12,53,26,21,21,11,0],"gold":38,"neow_bonus":"RANDOM_COMMON_RELIC","is_prod":false,"is_daily":false,"chose_seed":false,"campfire_upgraded":3,"win_rate":0,"timestamp":1562427814,"path_taken":["M","M","?","M","?","R","E","R","T","E","?","M","$","M","R","BOSS","M","M","$","M","M"],"build_version":"2019-07-05","purchased_purges":1,"victory":false,"max_hp_per_floor":[66,66,66,66,66,66,66,66,66,66,66,66,66,66,66,66,66,66,66,66,66,66],"card_choices":[{"not_picked":["Escape Plan","Flying Knee"],"picked":"Poisoned Stab","floor":1.0},{"not_picked":["Deflect","Outmaneuver"],"picked":"Backflip","floor":2.0},{"not_picked":["Cloak And Dagger","Sucker Punch"],"picked":"PiercingWail","floor":4.0},{"not_picked":["Escape Plan","Flechettes","Cloak And Dagger"],"picked":"SKIP","floor":7.0},{"not_picked":["Poisoned Stab","Dagger Throw","Sucker Punch"],"picked":"Tools of the Trade","floor":10.0},{"not_picked":["Outmaneuver","Cloak And Dagger","Noxious Fumes"],"picked":"Footwork","floor":12.0},{"not_picked":["Caltrops","Cloak And Dagger","Slice"],"picked":"Footwork","floor":14.0},{"not_picked":["Glass Knife","After Image","Doppelganger"],"picked":"Adrenaline","floor":16.0},{"not_picked":["Cloak And Dagger","Outmaneuver","Acrobatics"],"picked":"Underhanded Strike+1","floor":18},{"not_picked":["Dodge and Roll","Blade Dance+1","Sucker Punch"],"picked":"Poisoned Stab","floor":19},{"not_picked":["Deflect","Bane","Dagger Throw"],"picked":"Deadly Poison","floor":21}],"player_experience":857986,"relics_obtained":[{"floor":7.0,"key":"Question Card"},{"floor":9.0,"key":"Omamori"},{"floor":10.0,"key":"Art of War"}],"event_choices":[{"damage_healed":0.0,"max_hp_gain":0.0,"max_hp_loss":0.0,"gold_gain":0.0,"cards_transformed":["Strike_G"],"event_name":"Transmorgrifier","player_choice":"Transformed","floor":3.0,"gold_loss":0.0,"damage_taken":0.0,"cards_obtained":["Unload"]},{"damage_healed":0.0,"max_hp_gain":0.0,"max_hp_loss":0.0,"gold_gain":0.0,"event_name":"Upgrade Shrine","player_choice":"Upgraded","floor":11.0,"gold_loss":0.0,"damage_taken":0.0,"cards_upgraded":["Tools of the Trade"]}],"is_beta":false,"boss_relics":[{"not_picked":["Ectoplasm","Orrery"],"picked":"HoveringKite"}],"items_purged_floors":[5],"is_endless":false,"potions_floor_spawned":[4,7,10,14,21],"killed_by":"Sentry and Sphere","ascension_level":19}