{"path_per_floor":["M","M","?","M","M","R","E","M","T","E","M","?","R","M","R","B",null,"M","?","M","T","?","R","E","R","T","R","M","?","$","?","R","B",null,"M","$","?","M","M","R","E","M","T","M","E","$","E","?","R","B"],"character_chosen":"IRONCLAD","items_purchased":["Ice Cream","Burning Pact"],"gold_per_floor":[17,27,27,38,53,53,84,94,167,224,236,236,236,249,249,351,351,370,370,381,405,405,405,432,432,432,432,448,448,59,59,59,157,157,168,68,118,136,152,152,186,200,200,218,251,52,80,80,80,80],"floor_reached":51,"campfire_rested":1,"playtime":3957,"current_hp_per_floor":[80,80,85,78,82,82,77,72,72,59,50,50,50,49,49,58,78,65,65,67,74,74,74,79,79,79,79,81,81,81,81,81,92,92,92,92,43,44,43,70,69,74,74,73,81,81,81,71,71,95],"items_purged":["Strike_R","Strike_R","Strike_R"],"gold":80,"play_id":"af0b28f7-c10d-4087-be41-b1069bd7ddb3","is_prod":false,"is_daily":false,"is_ascension_mode":true,"campfire_upgraded":8,"path_taken":["M","M","?","?","M","R","E","M","T","E","M","?","R","M","R","BOSS","M","?","M","?","?","R","E","R","T","R","?","?","$","?","R","BOSS","M","?","?","M","M","R","E","M","T","M","E","$","E","?","R","BOSS"],"build_version":"2018-02-01-PROD3","purchased_purges":3,"victory":true,"master_deck":["Defend_R","Defend_R","Defend_R","Bash","Clash","Barricade+1","Ghostly Armor+1","Body Slam","Armaments+1","True Grit+1","Body Slam","Body Slam+1","Offering+1","Shrug It Off+1","Brutality","Whirlwind+1","Ghostly Armor","Intimidate+1","True Grit+1","Burning Pact+1","Madness","Madness"],"max_hp_per_floor":[80,80,85,85,85,85,85,85,85,85,85,85,85,85,85,85,85,85,85,85,92,92,92,92,92,92,92,92,92,92,92,92,92,92,92,92,92,92,92,92,92,92,92,92,106,106,106,106,106,106],"relics":["Burning Blood","Kunai","Pantograph","Tiny Chest","Runic Dome","Strawberry","Charon\u0027s Ashes","Mummified Hand","Molten Egg 2","Ice Cream","Sozu","Calipers","Juzu Bracelet","Du-Vu Doll","Mango","Oddly Smooth Stone"],"card_choices":[{"not_picked":["Cleave","Perfected Strike"],"picked":"Clash"},{"not_picked":["Clash","Ghostly Armor"],"picked":"Barricade"},{"not_picked":["Spot Weakness","Carnage"],"picked":"Ghostly Armor"},{"not_picked":["Ghostly Armor","Armaments"],"picked":"Body Slam"},{"not_picked":["Twin Strike","Pommel Strike"],"picked":"Armaments"},{"not_picked":["Twin Strike","Wild Strike"],"picked":"True Grit"},{"not_picked":["Warcry","Thunderclap"],"picked":"Body Slam"},{"not_picked":["Iron Wave","Clash"],"picked":"Body Slam"},{"not_picked":["Feed","Barricade"],"picked":"Offering"},{"not_picked":["Hemokinesis","Power Through"],"picked":"Shrug It Off"},{"not_picked":["Immolate","Barricade"],"picked":"Brutality"},{"not_picked":["Dual Wield","Twin Strike"],"picked":"Whirlwind"},{"not_picked":["Dropkick","Searing Blow"],"picked":"Ghostly Armor"},{"not_picked":["Headbutt","Perfected Strike"],"picked":"Intimidate"},{"not_picked":["Flex","Headbutt"],"picked":"True Grit"}],"player_experience":207649,"potions_floor_usage":[7,8,10,24,24,33],"damage_taken":[{"damage":6,"enemies":"Cultist","floor":1,"turns":3},{"damage":0,"enemies":"2 Louse","floor":2,"turns":2},{"damage":13,"enemies":"Blue Slaver","floor":4,"turns":2},{"damage":2,"enemies":"2 Fungi Beasts","floor":5,"turns":3},{"damage":11,"enemies":"Lagavulin","floor":7,"turns":8},{"damage":11,"enemies":"Exordium Thugs","floor":8,"turns":7},{"damage":19,"enemies":"3 Sentries","floor":10,"turns":10},{"damage":15,"enemies":"Exordium Wildlife","floor":11,"turns":5},{"damage":7,"enemies":"3 Louse","floor":14,"turns":4},{"damage":22,"enemies":"The Guardian","floor":16,"turns":11},{"damage":19,"enemies":"2 Thieves","floor":18,"turns":4},{"damage":4,"enemies":"Spheric Guardian","floor":20,"turns":3},{"damage":10,"enemies":"Slavers","floor":24,"turns":5},{"damage":4,"enemies":"Centurion and Healer","floor":28,"turns":4},{"damage":4,"enemies":"Collector","floor":33,"turns":5},{"damage":4,"enemies":"Orb Walker","floor":35,"turns":2},{"damage":55,"enemies":"Mysterious Sphere","floor":37,"turns":5},{"damage":5,"enemies":"3 Shapes","floor":38,"turns":3},{"damage":7,"enemies":"3 Darklings","floor":39,"turns":4},{"damage":7,"enemies":"Giant Head","floor":41,"turns":4},{"damage":1,"enemies":"4 Shapes","floor":42,"turns":2},{"damage":7,"enemies":"Maw","floor":44,"turns":4},{"damage":12,"enemies":"Nemesis","floor":45,"turns":6},{"damage":6,"enemies":"2 Orb Walkers","floor":47,"turns":3},{"damage":7,"enemies":"Time Eater","floor":50,"turns":7}],"event_choices":[{"event_name":"Big Fish","player_choice":"Donut","floor":3,"damage_taken":0},{"event_name":"Liars Game","player_choice":"disagreed","floor":12,"damage_taken":0},{"event_name":"Vampires","player_choice":"Ignored","floor":19,"damage_taken":0},{"event_name":"The Mausoleum","player_choice":"Yes","floor":22,"damage_taken":0},{"event_name":"Drug Dealer","player_choice":"Ignored","floor":29,"damage_taken":0},{"event_name":"Back to Basics","player_choice":"Elegance","floor":31,"damage_taken":0},{"event_name":"Mysterious Sphere","player_choice":"Fight","floor":37,"damage_taken":0},{"event_name":"Winding Halls","player_choice":"Embrace Madness","floor":48,"damage_taken":0}],"boss_relics":[{"not_picked":["Snecko Eye","Black Blood"],"picked":"Runic Dome"},{"not_picked":["Calling Bell","Mark of Pain"],"picked":"Sozu"}],"potions_floor_spawned":[2,4,7,14,16,24,28,37,42,45],"seed_played":"2422903021317776436","ascension_level":5,"is_trial":false}