{"gold_per_floor":[114,130,130,130,130,130,143,143,166,166,15,35,110,125,125,244,244,264,264,284,29,53,53,73,73,121,121,136,136,136,157,157,288,288,308,51,67,18,39,39,55,55,55,70,70,70,89,0,0,0],"floor_reached":51,"playtime":2044,"items_purged":["Strike_R","Strike_R"],"score":739,"play_id":"5a722069-da2a-435d-974c-739f8a58bfe6","local_time":"20190813144334","is_ascension_mode":false,"campfire_choices":[{"data":"Bash","floor":6.0,"key":"SMITH"},{"data":"Pummel","floor":8.0,"key":"SMITH"},{"data":"Cleave","floor":10.0,"key":"SMITH"},{"data":"Whirlwind","floor":15.0,"key":"SMITH"},{"data":"Limit Break","floor":23.0,"key":"SMITH"},{"data":"Defend_R","floor":25.0,"key":"SMITH"},{"data":"True Grit","floor":29.0,"key":"SMITH"},{"data":"Defend_R","floor":32,"key":"SMITH"},{"floor":40,"key":"RECALL"}],"neow_cost":"NONE","seed_source_timestamp":87553212920664,"circlet_count":0,"master_deck":["Strike_R","Defend_R","Defend_R","Defend_R+1","Defend_R+1","Bash+1","Cleave+1","Pummel+1","Whirlwind+1","Limit Break+1","Ghostly Armor+1","Shrug It Off+1","True Grit+1","Inflame","Feed","Shrug It Off","Shrug It Off"],"special_seed":0,"relics":["Burning Blood","Shuriken","Golden Idol","Oddly Smooth Stone","Coffee Dripper","Paper Frog","Dream Catcher","Fusion Hammer","Anchor","Pantograph","Red Mask"],"potions_floor_usage":[33,33,50,50],"damage_taken":[{"damage":6.0,"enemies":"2 Louse","floor":1.0,"turns":2.0},{"damage":4.0,"enemies":"Small Slimes","floor":2.0,"turns":3.0},{"damage":1.0,"enemies":"Cultist","floor":7.0,"turns":3.0},{"damage":3.0,"enemies":"Lots of Slimes","floor":12.0,"turns":2.0},{"damage":0.0,"enemies":"3 Louse","floor":14.0,"turns":3.0},{"damage":0.0,"enemies":"Slime Boss","floor":16.0,"turns":6.0},{"damage":3.0,"enemies":"3 Byrds","floor":18.0,"turns":3.0},{"damage":14.0,"enemies":"2 Thieves","floor":20.0,"turns":2.0},{"damage":18.0,"enemies":"Shelled Parasite and Fungi","floor":22.0,"turns":6.0},{"damage":0.0,"enemies":"Snecko","floor":24.0,"turns":3.0},{"damage":21.0,"enemies":"Snake Plant","floor":28.0,"turns":4.0},{"damage":4,"enemies":"Sentry and Sphere","floor":31,"turns":5},{"damage":40,"enemies":"Automaton","floor":33,"turns":7},{"damage":1,"enemies":"Orb Walker","floor":35,"turns":3},{"damage":4,"enemies":"3 Shapes","floor":37,"turns":3},{"damage":8,"enemies":"3 Darklings","floor":39,"turns":3},{"damage":22,"enemies":"Sphere and 2 Shapes","floor":41,"turns":10},{"damage":3,"enemies":"4 Shapes","floor":44,"turns":4},{"damage":7,"enemies":"Jaw Worm Horde","floor":47,"turns":4},{"damage":66,"enemies":"Time Eater","floor":50,"turns":14}],"seed_played":"1437219670868285188","potions_obtained":[{"floor":2.0,"key":"Strength Potion"},{"floor":14.0,"key":"BloodPotion"},{"floor":16.0,"key":"Dexterity Potion"},{"floor":18.0,"key":"PowerPotion"},{"floor":22.0,"key":"FearPotion"},{"floor":31,"key":"Poison Potion"},{"floor":39,"key":"SpeedPotion"},{"floor":46,"key":"Block Potion"}],"is_trial":false,"path_per_floor":["M","M","?","?","?","R","M","R","T","R","$","M","?","M","R","B",null,"M","?","M","$","M","R","M","R","T","?","M","R","?","M","R","B",null,"M","$","M","$","M","R","M","R","T","M","?","?","M","?","R","B",null],"character_chosen":"IRONCLAD","items_purchased":["Whirlwind","Paper Frog","Anchor","Shrug It Off"],"campfire_rested":0,"item_purchase_floors":[11,21,36,38],"current_hp_per_floor":[80,80,62,42,42,42,47,47,47,47,47,50,39,45,45,51,80,80,80,72,72,60,60,66,66,66,66,51,51,51,53,53,19,80,83,83,86,86,84,84,71,71,71,77,77,77,79,79,79,58],"gold":0,"neow_bonus":"REMOVE_CARD","is_prod":false,"is_daily":false,"chose_seed":false,"campfire_upgraded":8,"win_rate":0,"timestamp":1565721814,"path_taken":["M","M","?","?","?","R","M","R","T","R","$","M","?","M","R","BOSS","M","?","M","$","?","R","?","R","T","?","M","R","?","M","R","BOSS","M","$","M","$","M","R","M","R","T","M","?","?","?","?","R","BOSS"],"build_version":"2019-07-17","purchased_purges":2,"victory":true,"max_hp_per_floor":[80,80,80,80,80,80,80,80,80,80,80,80,80,80,80,80,80,80,80,80,80,80,80,80,80,80,80,80,80,80,80,80,80,80,83,83,86,86,86,86,89,89,89,92,92,92,95,95,95,95],"card_choices":[{"not_picked":["Perfected Strike","Clash"],"picked":"Cleave","floor":1.0},{"not_picked":["True Grit","Pommel Strike"],"picked":"Pummel","floor":2.0},{"not_picked":["Burning Pact","Iron Wave","Headbutt"],"picked":"SKIP","floor":7.0},{"not_picked":["Sword Boomerang","Iron Wave","Havoc"],"picked":"SKIP","floor":12.0},{"not_picked":["Searing Blow","Juggernaut","Rampage"],"picked":"SKIP","floor":14.0},{"not_picked":["Bludgeon","Barricade"],"picked":"Limit Break","floor":16.0},{"not_picked":["Reckless Charge+1","Seeing Red+1","Havoc+1"],"picked":"SKIP","floor":18.0},{"not_picked":["Spot Weakness+1","Metallicize"],"picked":"Ghostly Armor+1","floor":22.0},{"not_picked":["Headbutt","Sever Soul+1"],"picked":"Shrug It Off+1","floor":24.0},{"not_picked":["Seeing Red+1","Iron Wave+1"],"picked":"True Grit","floor":28.0},{"not_picked":["Armaments","Dual Wield+1","Disarm+1"],"picked":"SKIP","floor":31},{"not_picked":["Juggernaut","Barricade"],"picked":"Feed","floor":33},{"not_picked":["Twin Strike","Pummel+1"],"picked":"Shrug It Off","floor":35},{"not_picked":["Combust+1","Armaments+1","Sword Boomerang"],"picked":"SKIP","floor":37},{"not_picked":["Clash","Wild Strike","Entrench+1"],"picked":"SKIP","floor":39},{"not_picked":["Thunderclap+1","Clothesline+1","Feel No Pain+1"],"picked":"SKIP","floor":41},{"not_picked":["Wild Strike","Rupture","Uppercut+1"],"picked":"SKIP","floor":44},{"not_picked":["Warcry","Rupture","Headbutt"],"picked":"SKIP","floor":47}],"player_experience":972453,"relics_obtained":[{"floor":9.0,"key":"Oddly Smooth Stone"},{"floor":26.0,"key":"Dream Catcher"},{"floor":43,"key":"Pantograph"}],"event_choices":[{"damage_healed":0.0,"max_hp_gain":0.0,"max_hp_loss":0.0,"gold_gain":0.0,"event_name":"Scrap Ooze","player_choice":"Success","floor":3.0,"gold_loss":0.0,"damage_taken":18.0,"relics_obtained":["Shuriken"]},{"damage_healed":0.0,"max_hp_gain":0.0,"max_hp_loss":0.0,"gold_gain":0.0,"event_name":"Golden Idol","player_choice":"Take Damage","floor":4.0,"gold_loss":0.0,"damage_taken":20.0,"relics_obtained":["Golden Idol"]},{"cards_removed":["Strike_R"],"damage_healed":0.0,"max_hp_gain":0.0,"max_hp_loss":0.0,"gold_gain":0.0,"event_name":"Living Wall","player_choice":"Forget","floor":5.0,"gold_loss":0.0,"damage_taken":0.0},{"damage_healed":0.0,"max_hp_gain":0.0,"max_hp_loss":0.0,"gold_gain":75.0,"event_name":"World of Goop","player_choice":"Gather Gold","floor":13.0,"gold_loss":0.0,"damage_taken":11.0},{"damage_healed":0.0,"max_hp_gain":0.0,"max_hp_loss":0.0,"gold_gain":0.0,"event_name":"The Woman in Blue","player_choice":"Bought 0 Potions","floor":19.0,"gold_loss":0.0,"damage_taken":0.0},{"damage_healed":0.0,"max_hp_gain":0.0,"max_hp_loss":0.0,"gold_gain":0.0,"event_name":"The Mausoleum","player_choice":"Ignored","floor":27.0,"gold_loss":0.0,"damage_taken":0.0},{"damage_healed":0.0,"max_hp_gain":0.0,"max_hp_loss":0.0,"gold_gain":0.0,"event_name":"The Library","player_choice":"Read","floor":30.0,"gold_loss":0.0,"damage_taken":0.0,"cards_obtained":["Inflame"]},{"damage_healed":0,"gold_gain":0,"player_choice":"Memory 1","damage_taken":0,"max_hp_gain":0,"max_hp_loss":0,"event_name":"SensoryStone","floor":45,"gold_loss":0},{"damage_healed":0,"gold_gain":0,"player_choice":"Got Potions","damage_taken":0,"max_hp_gain":0,"max_hp_loss":0,"event_name":"Lab","floor":46,"gold_loss":0},{"damage_healed":0,"gold_gain":0,"player_choice":"Paid","damage_taken":0,"relics_obtained":["Red Mask"],"max_hp_gain":0,"max_hp_loss":0,"event_name":"Tomb of Lord Red Mask","floor":48,"gold_loss":89}],"is_beta":false,"boss_relics":[{"not_picked":["Pandora\u0027s Box","Snecko Eye"],"picked":"Coffee Dripper"},{"not_picked":["Sozu","Lizard Tail"],"picked":"Fusion Hammer"}],"items_purged_floors":[11,36],"is_endless":false,"potions_floor_spawned":[2,14,16,18,22,31,39],"ascension_level":0}