{"gold_per_floor":[114,39,39,59,72,72,86,121,199,59,72,72,98,19,19,120,120,106,106,106,29,41,41,41,51,104,121,121,133,133,168,168,269,269,282,28,28,41,41,41,68,81,133,133,167,167,186,221,221,221],"floor_reached":51,"playtime":4545,"items_purged":["Strike_G","Strike_G"],"score":923,"play_id":"a1d35789-10e8-4a2f-98ec-64165c3e30be","local_time":"20190318181246","is_ascension_mode":true,"campfire_choices":[{"floor":6,"key":"REST"},{"floor":12,"key":"REST"},{"floor":15,"key":"REST"},{"floor":23,"key":"REST"},{"floor":30,"key":"REST"},{"floor":32,"key":"REST"},{"data":"Adrenaline","floor":40,"key":"SMITH"},{"data":"Neutralize","floor":44,"key":"SMITH"},{"floor":46,"key":"REST"},{"floor":49,"key":"REST"}],"neow_cost":"NONE","seed_source_timestamp":500732050231541,"circlet_count":0,"master_deck":["Defend_G","Defend_G","Defend_G+1","Defend_G","Defend_G+1","Survivor","Neutralize+1","PiercingWail","Quick Slash","Skewer","Flying Knee","Skewer","Noxious Fumes","Poisoned Stab","Venomology","Footwork","Tools of the Trade","Backflip","Endless Agony","Crippling Poison+1","Crippling Poison","Calculated Gamble","Adrenaline+1","Venomology+1","Eviscerate+1","All Out Attack+1","Prepared","Noxious Fumes","Backstab+1","Parasite","PiercingWail+1","Infinite Blades+1","Predator+1"],"relics":["Black Star","Torii","Bag of Preparation","Shuriken","Regal Pillow","Kunai","Philosopher\u0027s Stone","Enchiridion","Snake Skull","Gremlin Horn","Vajra","Dodecahedron","Astrolabe","Lee\u0027s Waffle","Boot","Smiling Mask","Ancient Tea Set","Toxic Egg 2","War Paint","Ornamental Fan","Pear"],"potions_floor_usage":[8,8,13,16,18,22,25,27,31,31,35,35,38,38,38,41,41,41,41,42,42,42,45,45,45,47,47,47,48,50,50,50],"damage_taken":[{"damage":10,"enemies":"Cultist","floor":1,"turns":4},{"damage":13,"enemies":"Jaw Worm","floor":4,"turns":6},{"damage":3,"enemies":"Small Slimes","floor":5,"turns":6},{"damage":31,"enemies":"Gremlin Gang","floor":7,"turns":5},{"damage":20,"enemies":"3 Sentries","floor":8,"turns":5},{"damage":2,"enemies":"Looter","floor":11,"turns":3},{"damage":17,"enemies":"Lagavulin","floor":13,"turns":7},{"damage":17,"enemies":"The Guardian","floor":16,"turns":11},{"damage":26,"enemies":"2 Thieves","floor":18,"turns":5},{"damage":27,"enemies":"Chosen","floor":22,"turns":5},{"damage":3,"enemies":"Centurion and Healer","floor":25,"turns":5},{"damage":0,"enemies":"3 Cultists","floor":27,"turns":4},{"damage":15,"enemies":"Snecko","floor":29,"turns":5},{"damage":29,"enemies":"Slavers","floor":31,"turns":4},{"damage":45,"enemies":"Champ","floor":33,"turns":10},{"damage":21,"enemies":"3 Shapes","floor":35,"turns":4},{"damage":0,"enemies":"3 Darklings","floor":38,"turns":3},{"damage":0,"enemies":"Giant Head","floor":41,"turns":7},{"damage":0,"enemies":"Writhing Mass","floor":42,"turns":4},{"damage":13,"enemies":"Reptomancer","floor":45,"turns":5},{"damage":12,"enemies":"Maw","floor":47,"turns":6},{"damage":49,"enemies":"Nemesis","floor":48,"turns":6},{"damage":43,"enemies":"Awakened One","floor":50,"turns":11}],"seed_played":"-4959961508249468078","potions_obtained":[{"floor":5,"key":"Strength Potion"},{"floor":7,"key":"AttackPotion"},{"floor":11,"key":"Dexterity Potion"},{"floor":16,"key":"FairyPotion"},{"floor":22,"key":"Block Potion"},{"floor":29,"key":"Energy Potion"},{"floor":33,"key":"Regen Potion"},{"floor":35,"key":"Fire Potion"},{"floor":38,"key":"Ancient Potion"},{"floor":42,"key":"Weak Potion"},{"floor":45,"key":"Fire Potion"}],"is_trial":false,"path_per_floor":["M","$","?","M","M","R","M","E","T","$","M","R","E","$","R","B",null,"M","$","?","$","M","R","?","M","T","M","T","M","R","E","R","B",null,"M","$","?","M","$","R","E","M","T","R","E","R","M","E","R","B",null],"character_chosen":"THE_SILENT","items_purchased":["Noxious Fumes","Footwork","Endless Agony","Lee\u0027s Waffle","Prepared"],"campfire_rested":8,"item_purchase_floors":[10,14,21,36,36],"current_hp_per_floor":[60,60,60,47,44,65,34,14,14,14,12,33,16,16,52,35,61,35,35,35,35,8,44,28,25,25,25,25,10,46,17,53,8,55,46,77,73,73,73,73,73,73,73,73,60,73,61,22,61,18],"gold":221,"neow_bonus":"BOSS_RELIC","is_prod":false,"is_daily":false,"chose_seed":false,"campfire_upgraded":2,"win_rate":0,"timestamp":1552957966,"path_taken":["M","$","?","M","M","R","M","E","T","$","M","R","E","$","R","BOSS","M","$","?","$","?","R","?","M","T","M","?","M","R","E","R","BOSS","M","$","?","M","$","R","E","M","T","R","E","R","M","E","R","BOSS"],"build_version":"2019-01-23","purchased_purges":2,"victory":true,"max_hp_per_floor":[70,70,70,70,70,70,70,70,70,70,70,70,70,70,70,70,70,70,70,70,70,70,70,70,70,70,70,70,70,70,70,70,70,70,70,77,73,73,73,73,73,73,73,73,73,73,73,83,83,83],"card_choices":[{"not_picked":["Underhanded Strike","Blade Dance"],"picked":"PiercingWail","floor":1},{"not_picked":["Prepared","Bane"],"picked":"Quick Slash","floor":4},{"not_picked":["Caltrops","Acrobatics"],"picked":"Skewer","floor":5},{"not_picked":["Sucker Punch","Setup"],"picked":"Flying Knee","floor":7},{"not_picked":["Accuracy","Prepared"],"picked":"Skewer","floor":8},{"not_picked":["Bane","Sucker Punch"],"picked":"Poisoned Stab","floor":11},{"not_picked":["Dagger Throw","Reflex"],"picked":"Venomology","floor":13},{"not_picked":["A Thousand Cuts","Phantasmal Killer"],"picked":"Tools of the Trade","floor":16},{"not_picked":["Dash","Deflect"],"picked":"Backflip","floor":18},{"not_picked":["Outmaneuver","Riddle With Holes"],"picked":"Crippling Poison+1","floor":22},{"not_picked":["Backflip","Distraction"],"picked":"Flying Knee","floor":25},{"not_picked":["Catalyst","Deadly Poison"],"picked":"Crippling Poison","floor":27},{"not_picked":["PiercingWail+1","Cloak And Dagger"],"picked":"Calculated Gamble","floor":29},{"not_picked":["Bane","Dagger Throw","Acrobatics"],"picked":"SKIP","floor":31},{"not_picked":["Doppelganger","Burst"],"picked":"Adrenaline","floor":33},{"not_picked":["Dagger Spray+1","Acrobatics+1","Sucker Punch"],"picked":"SKIP","floor":35},{"not_picked":["Grand Finale","Deadly Poison+1"],"picked":"Noxious Fumes","floor":38},{"not_picked":["Flechettes","Dash"],"picked":"Backstab+1","floor":41},{"not_picked":["Sucker Punch","Flying Knee","Acrobatics+1"],"picked":"SKIP","floor":42},{"not_picked":["Deflect","Dagger Spray"],"picked":"PiercingWail","floor":45},{"not_picked":["Slice+1","Quick Slash+1"],"picked":"Infinite Blades+1","floor":47},{"not_picked":["Storm of Steel+1","Flying Knee"],"picked":"Predator+1","floor":48}],"player_experience":166970,"relics_obtained":[{"floor":8,"key":"Torii"},{"floor":8,"key":"Bag of Preparation"},{"floor":9,"key":"Shuriken"},{"floor":13,"key":"Regal Pillow"},{"floor":13,"key":"Kunai"},{"floor":24,"key":"Enchiridion"},{"floor":26,"key":"Snake Skull"},{"floor":28,"key":"Gremlin Horn"},{"floor":31,"key":"Vajra"},{"floor":31,"key":"Dodecahedron"},{"floor":41,"key":"Boot"},{"floor":41,"key":"Smiling Mask"},{"floor":43,"key":"Ancient Tea Set"},{"floor":45,"key":"Toxic Egg 2"},{"floor":45,"key":"War Paint"},{"floor":48,"key":"Ornamental Fan"},{"floor":48,"key":"Pear"}],"event_choices":[{"damage_healed":0,"gold_gain":0,"player_choice":"Leave","damage_taken":0,"max_hp_gain":0,"max_hp_loss":0,"event_name":"The Cleric","floor":3,"gold_loss":0},{"cards_removed":["Strike_G"],"damage_healed":0,"gold_gain":0,"player_choice":"Card Removal","damage_taken":0,"max_hp_gain":0,"max_hp_loss":0,"event_name":"Wheel of Change","floor":20,"gold_loss":0},{"damage_healed":0,"gold_gain":0,"player_choice":"Obtained Book","damage_taken":16,"max_hp_gain":0,"max_hp_loss":0,"event_name":"Cursed Tome","floor":24,"gold_loss":0},{"damage_healed":0,"gold_gain":0,"player_choice":"Max HP","damage_taken":0,"max_hp_gain":0,"max_hp_loss":4,"event_name":"Winding Halls","floor":37,"gold_loss":0}],"is_beta":false,"boss_relics":[{"not_picked":["HoveringKite","Tiny House"],"picked":"Philosopher\u0027s Stone"},{"not_picked":["Cursed Key","Runic Pyramid"],"picked":"Astrolabe"}],"items_purged_floors":[2,10],"is_endless":false,"potions_floor_spawned":[5,7,11,16,22,29,33,35,38,42,45],"ascension_level":5}