{"gold_per_floor":[116,41,41,54,71,100,100,114,160,188,199,199,199,210,210,305,305,325,339,88,88,50,81,81,81,81,81,81,108,118,141,141,239,239,250,261,278,100,110,110,130,130,130,130,142,160,160,180,180,180],"floor_reached":51,"playtime":3913,"items_purged":["Strike_R","Strike_R","Defend_R"],"score":679,"play_id":"2bfbf12c-2c6f-4836-b928-06063b45775d","local_time":"20181105231923","is_ascension_mode":false,"campfire_choices":[{"data":"Body Slam","floor":7.0,"key":"SMITH"},{"data":"True Grit","floor":12.0,"key":"SMITH"},{"data":"Spot Weakness","floor":15.0,"key":"SMITH"},{"data":"Limit Break","floor":25.0,"key":"SMITH"},{"data":"Flex","floor":28.0,"key":"SMITH"},{"data":"Shockwave","floor":32.0,"key":"SMITH"},{"data":"Pummel","floor":40.0,"key":"SMITH"},{"data":"Double Tap","floor":42.0,"key":"SMITH"},{"data":"Flame Barrier","floor":44.0,"key":"SMITH"},{"data":"Shrug It Off","floor":47.0,"key":"SMITH"},{"data":"Shrug It Off","floor":49,"key":"SMITH"}],"neow_cost":"NONE","seed_source_timestamp":0,"circlet_count":0,"master_deck":["Defend_R","Defend_R","Defend_R","Flex+1","Pummel+1","Body Slam+1","Spot Weakness+1","Whirlwind","True Grit+1","Thunderclap","Limit Break+1","True Grit+1","Shockwave+1","Flame Barrier+1","Double Tap+1","Shrug It Off+1","Shrug It Off+1","Headbutt+1","Shrug It Off+1","Shrug It Off+1"],"special_seed":0,"relics":["Burning Blood","Question Card","Dream Catcher","Boot","Coffee Dripper","Oddly Smooth Stone","Unceasing Top","MutagenicStrength","Paper Frog","Ancient Tea Set","Lantern","Velvet Choker","FossilizedHelix"],"potions_floor_usage":[50,50,50],"damage_taken":[{"damage":0.0,"enemies":"2 Louse","floor":1.0,"turns":3.0},{"damage":0.0,"enemies":"Small Slimes","floor":4.0,"turns":3.0},{"damage":6.0,"enemies":"Cultist","floor":5.0,"turns":3.0},{"damage":21.0,"enemies":"Lagavulin","floor":6.0,"turns":6.0},{"damage":7.0,"enemies":"3 Louse","floor":8.0,"turns":3.0},{"damage":26.0,"enemies":"Gremlin Nob","floor":10.0,"turns":5.0},{"damage":1.0,"enemies":"2 Fungi Beasts","floor":11.0,"turns":2.0},{"damage":5.0,"enemies":"Looter","floor":14.0,"turns":3.0},{"damage":35.0,"enemies":"Slime Boss","floor":16.0,"turns":10.0},{"damage":0.0,"enemies":"3 Byrds","floor":18.0,"turns":2.0},{"damage":6.0,"enemies":"Shell Parasite","floor":19.0,"turns":3.0},{"damage":22.0,"enemies":"Slavers","floor":23.0,"turns":4.0},{"damage":4.0,"enemies":"Snake Plant","floor":30.0,"turns":3.0},{"damage":25.0,"enemies":"Collector","floor":33.0,"turns":4.0},{"damage":0.0,"enemies":"3 Shapes","floor":35.0,"turns":4.0},{"damage":0.0,"enemies":"3 Darklings","floor":36.0,"turns":1.0},{"damage":0.0,"enemies":"Jaw Worm Horde","floor":37.0,"turns":3.0},{"damage":0.0,"enemies":"Maw","floor":39.0,"turns":6.0},{"damage":22.0,"enemies":"Transient","floor":41.0,"turns":5.0},{"damage":0.0,"enemies":"Writhing Mass","floor":45.0,"turns":4.0},{"damage":7.0,"enemies":"Spire Growth","floor":46.0,"turns":4.0},{"damage":0,"enemies":"Maw","floor":48,"turns":4},{"damage":36,"enemies":"Time Eater","floor":50,"turns":7}],"seed_played":"872334519791105797","potions_obtained":[{"floor":1.0,"key":"Weak Potion"},{"floor":4.0,"key":"LiquidBronze"},{"floor":6.0,"key":"Weak Potion"},{"floor":8.0,"key":"Dexterity Potion"},{"floor":11.0,"key":"EntropicBrew"},{"floor":18.0,"key":"Weak Potion"},{"floor":19.0,"key":"Dexterity Potion"},{"floor":23.0,"key":"Poison Potion"},{"floor":36.0,"key":"BloodPotion"},{"floor":37.0,"key":"Block Potion"},{"floor":39.0,"key":"EssenceOfSteel"},{"floor":46.0,"key":"Strength Potion"}],"is_trial":false,"path_per_floor":["M","$","?","M","M","E","R","M","T","E","M","R","?","M","M","R","B",null,"M","M","$","?","$","E","?","R","T","?","R","T","M","T","R","B",null,"M","M","M","$","M","R","M","R","T","R","M","M","R","M","R","B",null],"character_chosen":"IRONCLAD","items_purchased":["Oddly Smooth Stone","Shockwave","Shrug It Off"],"campfire_rested":0,"item_purchase_floors":[20,22,38],"current_hp_per_floor":[80,80,80,80,80,65,65,64,64,44,49,49,42,43,43,14,80,80,80,80,80,80,64,64,64,64,49,49,49,51,51,51,32,85,85,85,85,85,85,85,69,69,69,69,75,74,74,80,80,50],"gold":180,"neow_bonus":"TRANSFORM_CARD","is_prod":false,"is_daily":false,"chose_seed":false,"campfire_upgraded":11,"win_rate":0,"timestamp":1541477963,"path_taken":["M","$","?","M","M","E","R","M","T","E","M","R","?","M","R","BOSS","M","M","$","?","?","E","?","R","T","?","R","?","?","?","R","BOSS","M","M","M","$","M","R","M","R","T","R","M","M","R","M","R","BOSS"],"build_version":"2018-11-01","purchased_purges":3,"victory":true,"max_hp_per_floor":[80,80,80,80,80,80,80,80,80,80,80,80,80,80,80,80,80,80,80,80,80,80,80,80,80,80,85,85,85,85,85,85,85,85,85,85,85,85,85,85,85,85,85,85,85,85,85,85,85,85],"card_choices":[{"not_picked":["Burning Pact","Twin Strike"],"picked":"Pummel","floor":1.0},{"not_picked":["Second Wind","Clash"],"picked":"Body Slam","floor":4.0},{"not_picked":["Infernal Blade","Shrug It Off"],"picked":"Spot Weakness","floor":5.0},{"not_picked":["Impervious","Body Slam","Inflame"],"picked":"SKIP","floor":6.0},{"not_picked":["Reckless Charge","Clash","Anger","Clothesline"],"picked":"SKIP","floor":8.0},{"not_picked":["Evolve","Blood for Blood","Pommel Strike"],"picked":"Whirlwind","floor":10.0},{"not_picked":["Iron Wave","Sword Boomerang","Cleave"],"picked":"True Grit","floor":11.0},{"not_picked":["Wild Strike","Heavy Blade","Body Slam"],"picked":"Thunderclap","floor":14.0},{"not_picked":["Double Tap","Fiend Fire","Immolate"],"picked":"Limit Break","floor":16.0},{"not_picked":["Sever Soul","Wild Strike","Iron Wave","Searing Blow"],"picked":"SKIP","floor":18.0},{"not_picked":["Iron Wave+1","Perfected Strike","Cleave+1"],"picked":"True Grit+1","floor":19.0},{"not_picked":["Bludgeon","Metallicize","Dark Embrace","Seeing Red+1"],"picked":"SKIP","floor":23.0},{"not_picked":["Anger","Rage+1","Wild Strike"],"picked":"Flame Barrier","floor":30.0},{"not_picked":["Havoc","Cleave","Wild Strike+1","Anger"],"picked":"SKIP","floor":35.0},{"not_picked":["Seeing Red","Twin Strike+1","Headbutt"],"picked":"Double Tap","floor":36.0},{"not_picked":["Body Slam","Iron Wave","Intimidate"],"picked":"Shrug It Off","floor":37.0},{"not_picked":["Armaments+1","Flex","Perfected Strike+1","Twin Strike"],"picked":"SKIP","floor":39.0},{"not_picked":["Double Tap","Cleave+1","True Grit"],"picked":"Headbutt+1","floor":41.0},{"not_picked":["Spot Weakness+1","Heavy Blade+1","Clothesline","Iron Wave+1"],"picked":"SKIP","floor":45.0},{"not_picked":["Dropkick+1","Headbutt+1","Metallicize+1"],"picked":"Shrug It Off+1","floor":46.0},{"not_picked":["Havoc+1","Flex+1","Iron Wave"],"picked":"Shrug It Off+1","floor":48}],"player_experience":555709,"relics_obtained":[{"floor":6.0,"key":"Question Card"},{"floor":9.0,"key":"Dream Catcher"},{"floor":10.0,"key":"Boot"},{"floor":23.0,"key":"Unceasing Top"},{"floor":26.0,"key":"Paper Frog"},{"floor":29.0,"key":"Ancient Tea Set"},{"floor":31.0,"key":"Lantern"},{"floor":43.0,"key":"FossilizedHelix"}],"event_choices":[{"cards_removed":["Strike_R"],"damage_healed":0.0,"max_hp_gain":0.0,"max_hp_loss":0.0,"gold_gain":0.0,"event_name":"Living Wall","player_choice":"Forget","floor":3.0,"gold_loss":0.0,"damage_taken":0.0},{"cards_removed":["Strike_R"],"damage_healed":0.0,"max_hp_gain":0.0,"max_hp_loss":0.0,"gold_gain":0.0,"event_name":"Golden Wing","player_choice":"Card Removal","floor":13.0,"gold_loss":0.0,"damage_taken":7.0},{"cards_removed":["Bash"],"damage_healed":0.0,"max_hp_gain":0.0,"max_hp_loss":0.0,"gold_gain":0.0,"event_name":"Bonfire Elementals","player_choice":"Offered Basic","floor":21.0,"gold_loss":0.0,"damage_taken":0.0},{"damage_healed":0.0,"max_hp_gain":0.0,"max_hp_loss":0.0,"gold_gain":0.0,"event_name":"Drug Dealer","player_choice":"Inject Mutagens","floor":24.0,"gold_loss":0.0,"damage_taken":0.0,"relics_obtained":["MutagenicStrength"]},{"damage_healed":0.0,"max_hp_gain":5.0,"max_hp_loss":0.0,"gold_gain":0.0,"event_name":"Forgotten Altar","player_choice":"Shed Blood","floor":27.0,"gold_loss":0.0,"damage_taken":20.0}],"is_beta":false,"boss_relics":[{"not_picked":["Ectoplasm","Calling Bell"],"picked":"Coffee Dripper"},{"not_picked":["Cursed Key","Empty Cage"],"picked":"Velvet Choker"}],"items_purged_floors":[2,20,38],"is_endless":false,"potions_floor_spawned":[1,4,6,8,11,18,19,23,36,37,39,46],"ascension_level":0}