{"gold_per_floor":[116,134,144,16,31,64,64,78,78,78,94,114,140,140,140,244,244,244,5,5,5,5,5,5,5,5,5,5,5,5,5,5,5,5,5,5,5,5,5,5,5,5,5,5,5,5,5,5,5,5],"floor_reached":51,"playtime":7270,"items_purged":["Strike_B"],"score":760,"play_id":"ee7559fa-2ce2-42a5-9ba8-df55c69317d8","local_time":"20190629110712","is_ascension_mode":false,"campfire_choices":[{"data":"Sweeping Beam","floor":7.0,"key":"SMITH"},{"floor":10.0,"key":"REST"},{"data":"Zap","floor":15,"key":"SMITH"},{"data":"Creative AI","floor":24,"key":"SMITH"},{"data":"Lockon","floor":29,"key":"SMITH"},{"data":"Heatsinks","floor":32,"key":"SMITH"},{"data":"Seek","floor":40,"key":"SMITH"},{"data":"Conserve Battery","floor":42,"key":"SMITH"},{"data":"Go for the Eyes","floor":47,"key":"SMITH"},{"data":"Dualcast","floor":49,"key":"SMITH"}],"neow_cost":"NONE","seed_source_timestamp":0,"circlet_count":0,"master_deck":["Strike_B","Strike_B","Strike_B","Defend_B","Defend_B","Zap+1","Dualcast+1","Conserve Battery+1","Go for the Eyes+1","Cold Snap","Redo","Sweeping Beam+1","Genetic Algorithm","Gash","Cold Snap","Lockon+1","Self Repair","Regret","Creative AI+1","Compile Driver","Streamline","Go for the Eyes+1","Shame","Gash+1","Redo","Streamline","Gash","Gash","Heatsinks+1","Seek+1","Self Repair+1","Barrage+1","Aggregate+1","Chaos+1","Gash+1"],"special_seed":0,"relics":["Cracked Core","NeowsBlessing","Orichalcum","Blood Vial","PreservedInsect","Gremlin Horn","Ectoplasm","Mummified Hand","Red Mask","Tiny Chest","Anchor","Ancient Tea Set","Potion Belt","Eternal Feather","Bottled Flame"],"potions_floor_usage":[16,16,31,33,33,44,50,50,50,50],"damage_taken":[{"damage":0.0,"enemies":"Small Slimes","floor":1.0,"turns":1.0},{"damage":0.0,"enemies":"2 Louse","floor":2.0,"turns":1.0},{"damage":0.0,"enemies":"Cultist","floor":3.0,"turns":1.0},{"damage":3.0,"enemies":"2 Fungi Beasts","floor":5.0,"turns":3.0},{"damage":19.0,"enemies":"Gremlin Nob","floor":6.0,"turns":4.0},{"damage":12.0,"enemies":"Exordium Thugs","floor":8.0,"turns":5.0},{"damage":4.0,"enemies":"3 Louse","floor":11.0,"turns":3.0},{"damage":4.0,"enemies":"Blue Slaver","floor":12.0,"turns":4.0},{"damage":11.0,"enemies":"Lagavulin","floor":13.0,"turns":6.0},{"damage":27,"enemies":"Hexaghost","floor":16,"turns":8},{"damage":22,"enemies":"3 Byrds","floor":18,"turns":4},{"damage":15,"enemies":"Spheric Guardian","floor":20,"turns":5},{"damage":4,"enemies":"Masked Bandits","floor":21,"turns":4},{"damage":1,"enemies":"Gremlin Leader","floor":23,"turns":6},{"damage":12,"enemies":"Book of Stabbing","floor":27,"turns":5},{"damage":7,"enemies":"Shelled Parasite and Fungi","floor":28,"turns":4},{"damage":14,"enemies":"Snecko","floor":30,"turns":5},{"damage":0,"enemies":"Cultist and Chosen","floor":31,"turns":4},{"damage":81,"enemies":"Automaton","floor":33,"turns":8},{"damage":1,"enemies":"3 Darklings","floor":35,"turns":5},{"damage":6,"enemies":"3 Shapes","floor":37,"turns":7},{"damage":19,"enemies":"Spire Growth","floor":38,"turns":5},{"damage":1,"enemies":"Transient","floor":39,"turns":5},{"damage":3,"enemies":"Writhing Mass","floor":41,"turns":6},{"damage":24,"enemies":"Jaw Worm Horde","floor":44,"turns":5},{"damage":21,"enemies":"Transient","floor":45,"turns":5},{"damage":7,"enemies":"Nemesis","floor":46,"turns":5},{"damage":25,"enemies":"Maw","floor":48,"turns":7},{"damage":73,"enemies":"Donu and Deca","floor":50,"turns":7}],"seed_played":"-6093362140380596991","potions_obtained":[{"floor":3.0,"key":"FairyPotion"},{"floor":5.0,"key":"GamblersBrew"},{"floor":6.0,"key":"AttackPotion"},{"floor":13,"key":"EssenceOfSteel"},{"floor":16,"key":"LiquidBronze"},{"floor":21,"key":"Ancient Potion"},{"floor":23,"key":"AttackPotion"},{"floor":27,"key":"AttackPotion"},{"floor":31,"key":"FearPotion"},{"floor":33,"key":"Poison Potion"},{"floor":35,"key":"Strength Potion"},{"floor":39,"key":"LiquidBronze"},{"floor":41,"key":"GamblersBrew"}],"is_trial":false,"path_per_floor":["M","M","M","$","M","E","R","M","T","R","M","M","E","?","R","B",null,"M","$","M","?","?","E","R","?","T","E","M","R","M","M","R","B",null,"M","?","M","M","M","R","M","R","T","M","M","E","R","M","R","B",null],"character_chosen":"DEFECT","items_purchased":["Redo","Mummified Hand"],"campfire_rested":1,"item_purchase_floors":[4,19],"current_hp_per_floor":[75,75,75,75,72,53,53,41,41,63,61,59,50,50,50,32,75,60,60,54,59,59,67,67,67,67,64,66,66,61,63,63,14,75,75,75,75,73,75,75,75,75,75,68,66,75,75,67,75,19],"gold":5,"neow_bonus":"THREE_ENEMY_KILL","is_prod":false,"is_daily":false,"chose_seed":false,"campfire_upgraded":9,"win_rate":0.0,"timestamp":1561831632,"path_taken":["M","M","M","$","M","E","R","M","T","R","M","M","E","?","R","BOSS","M","$","M","?","?","E","R","?","T","E","M","R","M","M","R","BOSS","M","?","M","M","M","R","M","R","T","M","?","E","R","M","R","BOSS"],"build_version":"2019-01-23","purchased_purges":1,"victory":true,"max_hp_per_floor":[75,75,75,75,75,75,75,75,75,75,75,75,75,75,75,75,75,75,75,75,75,75,75,75,75,75,75,75,75,75,75,75,75,75,75,75,75,75,75,75,75,75,75,75,75,75,75,75,75,75],"card_choices":[{"not_picked":["Leap","Scrape"],"picked":"Conserve Battery","floor":1.0},{"not_picked":["Reinforced Body","Leap"],"picked":"Go for the Eyes","floor":2.0},{"not_picked":["Coolheaded","Aggregate"],"picked":"Cold Snap","floor":3.0},{"not_picked":["Go for the Eyes","Tempest"],"picked":"Sweeping Beam","floor":5.0},{"not_picked":["Stack","Buffer"],"picked":"Genetic Algorithm","floor":6.0},{"not_picked":["Streamline","Sweeping Beam"],"picked":"Gash","floor":8.0},{"not_picked":["Rip and Tear","Conserve Battery"],"picked":"Cold Snap","floor":11.0},{"not_picked":["Stack","Rip and Tear"],"picked":"Lockon","floor":12.0},{"not_picked":["Thunder Strike","Stack"],"picked":"Self Repair","floor":13},{"not_picked":["Electrodynamics","Rainbow"],"picked":"Creative AI","floor":16},{"not_picked":["Leap","Reinforced Body"],"picked":"Compile Driver","floor":18},{"not_picked":["Beam Cell","Cold Snap"],"picked":"Streamline","floor":20},{"not_picked":["Coolheaded","Redo"],"picked":"Go for the Eyes+1","floor":21},{"not_picked":["Multi-Cast","Streamline"],"picked":"Gash+1","floor":23},{"not_picked":["Barrage","Defragment"],"picked":"Gash","floor":27},{"not_picked":["Coolheaded","Static Discharge"],"picked":"Gash","floor":28},{"not_picked":["Leap","Skim","Beam Cell"],"picked":"SKIP","floor":30},{"not_picked":["Defragment","Lockon"],"picked":"Heatsinks","floor":31},{"not_picked":["Reboot","Thunder Strike"],"picked":"Seek","floor":33},{"not_picked":["Cold Snap","Beam Cell+1"],"picked":"Self Repair+1","floor":35},{"not_picked":["Cold Snap","Steam"],"picked":"Barrage+1","floor":37},{"not_picked":["Hologram+1","Coolheaded"],"picked":"Aggregate+1","floor":38},{"not_picked":["Barrage","Redo+1","Stack"],"picked":"SKIP","floor":39},{"not_picked":["Barrage+1","Glacier+1"],"picked":"Chaos+1","floor":41},{"not_picked":["Cold Snap","Go for the Eyes"],"picked":"Gash+1","floor":44},{"not_picked":["Barrage+1","Streamline+1","Sweeping Beam"],"picked":"SKIP","floor":45},{"not_picked":["Auto Shields","Biased Cognition","Reinforced Body+1"],"picked":"SKIP","floor":46},{"not_picked":["Ball Lightning+1","Coolheaded","Stack+1"],"picked":"SKIP","floor":48}],"player_experience":51297,"relics_obtained":[{"floor":6.0,"key":"Orichalcum"},{"floor":9.0,"key":"Blood Vial"},{"floor":13,"key":"PreservedInsect"},{"floor":21,"key":"Red Mask"},{"floor":23,"key":"Anchor"},{"floor":26,"key":"Ancient Tea Set"},{"floor":27,"key":"Potion Belt"},{"floor":46,"key":"Bottled Flame"}],"event_choices":[{"damage_healed":0,"gold_gain":0,"player_choice":"Box","damage_taken":0,"relics_obtained":["Gremlin Horn"],"max_hp_gain":0,"max_hp_loss":0,"event_name":"Big Fish","floor":14,"gold_loss":0,"cards_obtained":["Regret"]},{"damage_healed":0,"gold_gain":0,"player_choice":"Fought Bandits","damage_taken":0,"max_hp_gain":0,"max_hp_loss":0,"event_name":"Masked Bandits","floor":21,"gold_loss":0},{"damage_healed":0,"gold_gain":0,"player_choice":"Stole Relic","damage_taken":0,"relics_obtained":["Tiny Chest"],"max_hp_gain":0,"max_hp_loss":0,"event_name":"Addict","floor":22,"gold_loss":0,"cards_obtained":["Shame"]},{"damage_healed":0,"gold_gain":0,"cards_transformed":["Defend_B","Defend_B"],"player_choice":"Became Test Subject","damage_taken":0,"max_hp_gain":0,"max_hp_loss":0,"event_name":"Drug Dealer","floor":25,"gold_loss":0,"cards_obtained":["Redo","Streamline"]},{"damage_healed":0,"gold_gain":0,"player_choice":"Ignored","damage_taken":0,"max_hp_gain":0,"max_hp_loss":0,"event_name":"SecretPortal","floor":36,"gold_loss":0}],"is_beta":false,"boss_relics":[{"not_picked":["Snecko Eye","Runic Dome"],"picked":"Ectoplasm"},{"not_picked":["Sozu","Lizard Tail"],"picked":"Eternal Feather"}],"items_purged_floors":[4],"is_endless":false,"potions_floor_spawned":[3,5,6,13,16,21,23,27,31,33,35,39,41],"ascension_level":0}