{"gold_per_floor":[115,135,135,11,23,54,54,54,54,69,104,89],"floor_reached":12,"playtime":451,"items_purged":["Strike_B"],"score":110,"play_id":"bb63bf0a-c5c0-4086-8d49-3926b9e6d119","local_time":"20190811233039","is_ascension_mode":true,"campfire_choices":[{"floor":7,"key":"REST"}],"neow_cost":"NONE","seed_source_timestamp":103247525831100,"circlet_count":0,"master_deck":["Strike_B","Strike_B","Defend_B","Defend_B","Defend_B","Defend_B","Zap","Dualcast","Defragment","Go for the Eyes","Gash","Scrape","Defragment","Streamline"],"relics":["Cracked Core","Lantern","Sundial","Dodecahedron"],"potions_floor_usage":[6],"damage_taken":[{"damage":7,"enemies":"Jaw Worm","floor":1,"turns":3},{"damage":4,"enemies":"Small Slimes","floor":2,"turns":4},{"damage":0,"enemies":"Cultist","floor":5,"turns":3},{"damage":32,"enemies":"Gremlin Nob","floor":6,"turns":4},{"damage":9,"enemies":"Looter","floor":10,"turns":3},{"damage":33,"enemies":"Lagavulin","floor":11,"turns":6},{"damage":9,"enemies":"Exordium Thugs","floor":12,"turns":2}],"seed_played":"6029126703824592880","potions_obtained":[{"floor":1,"key":"AttackPotion"}],"is_trial":false,"path_per_floor":["M","M","?","$","M","E","R","?","T","M","E","M"],"character_chosen":"DEFECT","items_purchased":["Gash"],"campfire_rested":1,"item_purchase_floors":[4],"current_hp_per_floor":[75,71,64,64,64,32,56,53,53,44,11,2],"gold":89,"neow_bonus":"TEN_PERCENT_HP_BONUS","is_prod":false,"is_daily":false,"chose_seed":false,"campfire_upgraded":0,"win_rate":0,"timestamp":1565591439,"path_taken":["M","M","?","$","M","E","R","?","T","M","E","M"],"build_version":"2019-07-17","purchased_purges":1,"victory":false,"max_hp_per_floor":[82,82,82,82,82,82,82,82,82,82,82,82],"card_choices":[{"not_picked":["Aggregate","Coolheaded"],"picked":"Defragment","floor":1},{"not_picked":["Compile Driver","Scrape"],"picked":"Go for the Eyes","floor":2},{"not_picked":["Skim","Force Field"],"picked":"Scrape","floor":5},{"not_picked":["Hello World","Cold Snap"],"picked":"Defragment","floor":6},{"not_picked":["Barrage","Compile Driver"],"picked":"Streamline","floor":10},{"not_picked":["Hello World","Multi-Cast","Redo"],"picked":"SKIP","floor":11}],"player_experience":307716,"relics_obtained":[{"floor":6,"key":"Lantern"},{"floor":9,"key":"Sundial"},{"floor":11,"key":"Dodecahedron"}],"event_choices":[{"cards_removed":["Strike_B"],"damage_healed":0,"gold_gain":0,"player_choice":"Card Removal","damage_taken":7,"max_hp_gain":0,"max_hp_loss":0,"event_name":"Golden Wing","floor":3,"gold_loss":0},{"damage_healed":0,"gold_gain":0,"player_choice":"Fled","damage_taken":3,"max_hp_gain":0,"max_hp_loss":0,"event_name":"Scrap Ooze","floor":8,"gold_loss":0}],"is_beta":false,"boss_relics":[],"items_purged_floors":[4],"is_endless":false,"potions_floor_spawned":[1],"killed_by":"Exordium Thugs","ascension_level":5}