{"gold_per_floor":[115,134,144,161,179,179,206,206,256,256,283,295,295,326,326,426,426,442,474,474,487,504,504],"floor_reached":23,"playtime":1550,"items_purged":[],"score":341,"play_id":"7ee67f69-3651-4f10-9173-b698dcccc072","local_time":"20181125124440","is_ascension_mode":true,"campfire_choices":[{"data":"Darkness","floor":6.0,"key":"SMITH"},{"floor":8.0,"key":"REST"},{"data":"Rainbow","floor":13.0,"key":"SMITH"},{"floor":15.0,"key":"REST"}],"neow_cost":"NONE","seed_source_timestamp":0,"circlet_count":0,"master_deck":["AscendersBane","Strike_B","Strike_B","Strike_B","Defend_B","Defend_B","Defend_B","Defend_B","Zap+1","Dualcast","Rebound","Conserve Battery+1","Cold Snap","Ball Lightning","Darkness+1","Rainbow+1","Compile Driver+1","Barrage+1","Core Surge+1","Core Surge+1","Capacitor","Coolheaded","Fusion"],"special_seed":0,"relics":["White Beast Statue","Molten Egg 2","Strawberry","Symbiotic Virus","War Paint","Nuclear Battery","Red Mask"],"potions_floor_usage":[22],"damage_taken":[{"damage":0.0,"enemies":"Cultist","floor":1.0,"turns":4.0},{"damage":2.0,"enemies":"2 Louse","floor":2.0,"turns":4.0},{"damage":0.0,"enemies":"Small Slimes","floor":3.0,"turns":3.0},{"damage":11.0,"enemies":"Red Slaver","floor":4.0,"turns":3.0},{"damage":6.0,"enemies":"Looter","floor":5.0,"turns":2.0},{"damage":25.0,"enemies":"Lagavulin","floor":7.0,"turns":6.0},{"damage":31.0,"enemies":"Gremlin Nob","floor":11.0,"turns":4.0},{"damage":9.0,"enemies":"3 Louse","floor":12.0,"turns":3.0},{"damage":8.0,"enemies":"3 Sentries","floor":14.0,"turns":4.0},{"damage":27.0,"enemies":"Hexaghost","floor":16.0,"turns":6.0},{"damage":12.0,"enemies":"2 Thieves","floor":18.0,"turns":2.0},{"damage":2.0,"enemies":"Masked Bandits","floor":19.0,"turns":3.0},{"damage":0.0,"enemies":"Chosen","floor":21.0,"turns":3.0},{"damage":6,"enemies":"Centurion and Healer","floor":22,"turns":5},{"damage":49,"enemies":"Slavers","floor":23,"turns":3}],"seed_played":"6554882085845297757","potions_obtained":[{"floor":1.0,"key":"LiquidBronze"},{"floor":2.0,"key":"LiquidBronze"},{"floor":3.0,"key":"FocusPotion"},{"floor":4.0,"key":"Poison Potion"},{"floor":5.0,"key":"GamblersBrew"},{"floor":7.0,"key":"Energy Potion"},{"floor":11.0,"key":"SteroidPotion"},{"floor":12.0,"key":"Block Potion"},{"floor":14.0,"key":"GamblersBrew"},{"floor":16.0,"key":"FearPotion"},{"floor":18.0,"key":"Strength Potion"},{"floor":19.0,"key":"EntropicBrew"},{"floor":21.0,"key":"Swift Potion"},{"floor":22,"key":"SpeedPotion"}],"is_trial":false,"path_per_floor":["M","M","M","M","M","R","E","R","T","?","E","M","R","E","R","B",null,"M","?","?","M","M","E"],"character_chosen":"DEFECT","items_purchased":[],"campfire_rested":2,"item_purchase_floors":[],"current_hp_per_floor":[68,66,66,55,49,49,24,46,53,80,49,40,40,32,56,29,69,57,55,55,55,49,0],"gold":504,"neow_bonus":"BOSS_RELIC","is_prod":false,"is_daily":false,"chose_seed":false,"campfire_upgraded":2,"win_rate":0,"timestamp":1543167880,"path_taken":["M","M","M","M","M","R","E","R","T","?","E","M","R","E","R","BOSS","M","?","?","?","M","E"],"build_version":"2018-11-15","purchased_purges":0,"victory":false,"max_hp_per_floor":[75,75,75,75,75,75,75,75,82,82,82,82,82,82,82,82,82,82,82,82,82,82,82],"card_choices":[{"not_picked":["Stack","Go for the Eyes"],"picked":"Rebound","floor":1.0},{"not_picked":["Hologram","Force Field"],"picked":"Conserve Battery","floor":2.0},{"not_picked":["Stack","Beam Cell"],"picked":"Cold Snap","floor":3.0},{"not_picked":["Hologram","Chaos"],"picked":"Ball Lightning","floor":4.0},{"not_picked":["Blizzard","Auto Shields"],"picked":"Darkness","floor":5.0},{"not_picked":["Conserve Battery","Redo"],"picked":"Rainbow","floor":7.0},{"not_picked":["Double Energy","Coolheaded"],"picked":"Compile Driver+1","floor":11.0},{"not_picked":["Cold Snap+1","Glacier"],"picked":"Barrage+1","floor":12.0},{"not_picked":["Steam","Rip and Tear+1"],"picked":"Core Surge+1","floor":14.0},{"not_picked":["Hyperbeam+1","Thunder Strike+1"],"picked":"Core Surge+1","floor":16.0},{"not_picked":["Gash+1","Storm+1","Go for the Eyes+1"],"picked":"SKIP","floor":18.0},{"not_picked":["Hello World","Reprogram"],"picked":"Capacitor","floor":19.0},{"not_picked":["Lockon+1","Glacier"],"picked":"Coolheaded","floor":21.0},{"not_picked":["Steam","Gash+1"],"picked":"Fusion","floor":22}],"player_experience":575395,"relics_obtained":[{"floor":7.0,"key":"Molten Egg 2"},{"floor":9.0,"key":"Strawberry"},{"floor":11.0,"key":"Symbiotic Virus"},{"floor":14.0,"key":"War Paint"},{"floor":19.0,"key":"Red Mask"}],"event_choices":[{"damage_healed":27.0,"max_hp_gain":0.0,"max_hp_loss":0.0,"gold_gain":0.0,"event_name":"Big Fish","player_choice":"Banana","floor":10.0,"gold_loss":0.0,"damage_taken":0.0},{"damage_healed":0.0,"max_hp_gain":0.0,"max_hp_loss":0.0,"gold_gain":0.0,"event_name":"Masked Bandits","player_choice":"Fought Bandits","floor":19.0,"gold_loss":0.0,"damage_taken":0.0},{"cards_removed":["Strike_B"],"damage_healed":0.0,"max_hp_gain":0.0,"max_hp_loss":0.0,"gold_gain":0.0,"event_name":"Bonfire Elementals","player_choice":"Offered Basic","floor":20.0,"gold_loss":0.0,"damage_taken":0.0}],"is_beta":false,"boss_relics":[{"not_picked":["Busted Crown","Orrery"],"picked":"Nuclear Battery"}],"items_purged_floors":[],"is_endless":false,"potions_floor_spawned":[1,2,3,4,5,7,11,12,14,16,18,19,21,22],"killed_by":"Slavers","ascension_level":12}