{"gold_per_floor":[118,118,43,59,9,36,48,48,93,54,72,72,88,123,123,223,223,238,16,27,27,27,27,55,74,74,108,127,142,142,160,160,261,261,281,39,39,56,56,56,76,76,76,76,95,45,145,158,158,158],"floor_reached":51,"playtime":4688,"items_purged":["Defend_R","Strike_R+1","Defend_R"],"score":924,"play_id":"4d8449f7-26d5-4704-bad1-1b13b7285b31","local_time":"20190807140306","is_ascension_mode":true,"campfire_choices":[{"data":"Shrug It Off","floor":8,"key":"SMITH"},{"floor":12,"key":"REST"},{"data":"Feed","floor":15,"key":"SMITH"},{"data":"Limit Break","floor":23,"key":"SMITH"},{"data":"Rampage","floor":30,"key":"SMITH"},{"floor":32,"key":"REST"},{"floor":40,"key":"REST"},{"data":"Double Tap","floor":42,"key":"SMITH"},{"data":"Shockwave","floor":44,"key":"SMITH"},{"floor":49,"key":"REST"}],"neow_cost":"NONE","seed_source_timestamp":139079203490258,"circlet_count":0,"master_deck":["Defend_R","Defend_R","Bash+1","Shockwave+1","Clothesline","Fire Breathing","Shrug It Off+1","Dropkick","Cleave","Feed+1","Battle Trance","Limit Break+1","Metallicize+1","Metallicize","Dropkick+1","Flex+1","Rampage+1","Warcry","Cleave","Double Tap+1","Metallicize+1","Shrug It Off","Madness","Madness","Flex+1","Demon Form"],"relics":["Burning Blood","Whetstone","Oddly Smooth Stone","Bottled Flame","Lizard Tail","Red Skull","Mercury Hourglass","Smiling Mask","Mummified Hand","Blood Vial","Empty Cage","DollysMirror","Ornamental Fan"],"potions_floor_usage":[6,16,24,24,29,33,41,45,50,50],"damage_taken":[{"damage":18,"enemies":"Jaw Worm","floor":1,"turns":4},{"damage":6,"enemies":"Small Slimes","floor":4,"turns":4},{"damage":26,"enemies":"Gremlin Nob","floor":6,"turns":4},{"damage":6,"enemies":"2 Louse","floor":7,"turns":2},{"damage":16,"enemies":"Gremlin Gang","floor":11,"turns":6},{"damage":2,"enemies":"Looter","floor":13,"turns":3},{"damage":27,"enemies":"Lagavulin","floor":14,"turns":6},{"damage":28,"enemies":"The Guardian","floor":16,"turns":14},{"damage":17,"enemies":"Chosen","floor":18,"turns":5},{"damage":2,"enemies":"Shell Parasite","floor":20,"turns":12},{"damage":25,"enemies":"Slavers","floor":24,"turns":5},{"damage":4,"enemies":"Chosen and Byrds","floor":25,"turns":5},{"damage":36,"enemies":"Book of Stabbing","floor":27,"turns":7},{"damage":0,"enemies":"3 Cultists","floor":28,"turns":4},{"damage":7,"enemies":"Centurion and Healer","floor":29,"turns":3},{"damage":24,"enemies":"Snake Plant","floor":31,"turns":4},{"damage":61,"enemies":"Collector","floor":33,"turns":10},{"damage":42,"enemies":"3 Darklings","floor":35,"turns":6},{"damage":31,"enemies":"3 Shapes","floor":38,"turns":5},{"damage":12,"enemies":"Maw","floor":41,"turns":9},{"damage":26,"enemies":"Transient","floor":45,"turns":5},{"damage":43,"enemies":"Sphere and 2 Shapes","floor":48,"turns":5},{"damage":178,"enemies":"Donu and Deca","floor":50,"turns":9}],"seed_played":"-6426321751314840812","potions_obtained":[{"floor":4,"key":"AttackPotion"},{"floor":7,"key":"Ancient Potion"},{"floor":14,"key":"EssenceOfSteel"},{"floor":18,"key":"FearPotion"},{"floor":20,"key":"Fire Potion"},{"floor":28,"key":"Swift Potion"},{"floor":31,"key":"Swift Potion"},{"floor":33,"key":"Strength Potion"},{"floor":35,"key":"FearPotion"},{"floor":37,"key":"FairyPotion"},{"floor":37,"key":"Regen Potion"},{"floor":38,"key":"SkillPotion"},{"floor":41,"key":"BloodPotion"},{"floor":45,"key":"Explosive Potion"}],"is_trial":false,"path_per_floor":["M","?","$","M","?","E","M","R","T","$","M","R","M","E","R","B",null,"M","$","M","?","?","R","E","M","T","E","M","M","R","M","R","B",null,"M","$","?","M","?","R","M","R","T","R","M","$","?","M","R","B",null],"character_chosen":"IRONCLAD","items_purchased":["Dropkick","Red Skull","Metallicize","DollysMirror"],"campfire_rested":4,"item_purchase_floors":[10,19,19,36],"current_hp_per_floor":[68,61,61,61,61,41,41,41,41,41,31,57,61,40,40,22,75,68,68,76,76,76,76,61,67,67,37,49,54,54,42,78,29,100,66,66,66,47,31,69,80,80,80,80,62,62,62,31,70,39],"gold":158,"neow_bonus":"TEN_PERCENT_HP_BONUS","is_prod":false,"is_daily":false,"chose_seed":false,"campfire_upgraded":6,"win_rate":0,"timestamp":1565211786,"path_taken":["M","?","$","M","?","E","M","R","T","?","M","R","M","E","R","BOSS","M","$","M","?","?","R","E","M","T","E","M","M","R","M","R","BOSS","M","$","?","?","?","R","M","R","T","R","M","$","?","M","R","BOSS"],"build_version":"2019-07-17","purchased_purges":3,"victory":true,"max_hp_per_floor":[88,88,88,88,88,88,88,88,88,88,88,88,88,88,88,92,92,96,96,100,100,100,100,104,108,108,108,112,116,116,120,120,124,124,124,124,124,128,128,128,128,128,128,128,128,128,128,132,132,136],"card_choices":[{"not_picked":["Havoc","Warcry"],"picked":"Shockwave","floor":1},{"not_picked":["Carnage","Flex"],"picked":"Clothesline","floor":4},{"not_picked":["Ghostly Armor","Pummel"],"picked":"Fire Breathing","floor":6},{"not_picked":["True Grit","Clash"],"picked":"Shrug It Off","floor":7},{"not_picked":["Carnage","Shrug It Off"],"picked":"Cleave","floor":11},{"not_picked":["Searing Blow","Iron Wave"],"picked":"Feed","floor":13},{"not_picked":["Thunderclap","Anger"],"picked":"Battle Trance","floor":14},{"not_picked":["Offering","Fiend Fire"],"picked":"Limit Break","floor":16},{"not_picked":["Bloodletting","Anger"],"picked":"Metallicize+1","floor":18},{"not_picked":["Shrug It Off+1","Shockwave"],"picked":"Dropkick+1","floor":20},{"not_picked":["Armaments+1","Clothesline"],"picked":"Flex+1","floor":24},{"not_picked":["Anger","Iron Wave","Wild Strike"],"picked":"SKIP","floor":25},{"not_picked":["Cleave","Whirlwind+1"],"picked":"Rampage","floor":27},{"not_picked":["Shockwave","Juggernaut"],"picked":"Warcry","floor":28},{"not_picked":["Pummel","Iron Wave","True Grit"],"picked":"SKIP","floor":29},{"not_picked":["Searing Blow","Wild Strike"],"picked":"Cleave","floor":31},{"not_picked":["Fiend Fire","Barricade"],"picked":"Double Tap","floor":33},{"not_picked":["Pommel Strike","Clothesline","Rampage"],"picked":"SKIP","floor":35},{"not_picked":["Second Wind","Warcry"],"picked":"Shrug It Off","floor":38},{"not_picked":["Body Slam+1","Warcry","Cleave"],"picked":"SKIP","floor":41},{"not_picked":["Clash+1","Evolve"],"picked":"Flex+1","floor":45},{"not_picked":["Combust","Cleave"],"picked":"Demon Form","floor":48}],"player_experience":208357,"relics_obtained":[{"floor":6,"key":"Whetstone"},{"floor":9,"key":"Oddly Smooth Stone"},{"floor":14,"key":"Bottled Flame"},{"floor":24,"key":"Smiling Mask"},{"floor":26,"key":"Mummified Hand"},{"floor":27,"key":"Blood Vial"},{"floor":43,"key":"Ornamental Fan"}],"event_choices":[{"cards_removed":["Strike_R"],"damage_healed":0,"gold_gain":0,"player_choice":"Card Removal","damage_taken":7,"max_hp_gain":0,"max_hp_loss":0,"event_name":"Golden Wing","floor":2,"gold_loss":0},{"cards_removed":["Strike_R"],"damage_healed":0,"gold_gain":0,"player_choice":"Card Removal","damage_taken":0,"max_hp_gain":0,"max_hp_loss":0,"event_name":"The Cleric","floor":5,"gold_loss":50},{"damage_healed":0,"gold_gain":0,"player_choice":"Opened","damage_taken":0,"relics_obtained":["Mercury Hourglass"],"max_hp_gain":0,"max_hp_loss":0,"event_name":"The Mausoleum","floor":21,"gold_loss":0},{"damage_healed":0,"gold_gain":0,"player_choice":"Ignored","damage_taken":0,"max_hp_gain":0,"max_hp_loss":0,"event_name":"Ghosts","floor":22,"gold_loss":0},{"damage_healed":0,"gold_gain":0,"player_choice":"Got Potions","damage_taken":0,"max_hp_gain":0,"max_hp_loss":0,"event_name":"Lab","floor":37,"gold_loss":0},{"damage_healed":0,"gold_gain":0,"player_choice":"Embrace Madness","damage_taken":16,"max_hp_gain":0,"max_hp_loss":0,"event_name":"Winding Halls","floor":39,"gold_loss":0,"cards_obtained":["Madness","Madness"]},{"damage_healed":0,"gold_gain":100,"player_choice":"Pray","damage_taken":0,"max_hp_gain":0,"max_hp_loss":0,"event_name":"Golden Shrine","floor":47,"gold_loss":0}],"is_beta":false,"boss_relics":[{"not_picked":["Snecko Eye","Cursed Key"],"picked":"Lizard Tail"},{"not_picked":["Black Star","Runic Cube"],"picked":"Empty Cage"}],"items_purged_floors":[3,36,46],"is_endless":false,"potions_floor_spawned":[4,7,14,18,20,28,31,33,35,38,41,45],"ascension_level":6}