{"gold_per_floor":[115,125,125,125,125,125,158,175,175,208,219,13,46,61,61,164,164,183,196,206,206,52,77,88,101,101,101,101,135,135,154,154,255,255,266,366,376,391,407,439,439,472,472,499,509,519,21,21,21,21],"floor_reached":51,"playtime":4673,"items_purged":["Pain","Strike_G"],"score":1099,"play_id":"9abf0eea-ae02-4bb9-9875-bcb27b28b578","local_time":"20190725210620","is_ascension_mode":true,"campfire_choices":[{"data":"Neutralize","floor":6,"key":"SMITH"},{"data":"Crippling Poison","floor":15,"key":"SMITH"},{"data":"Adrenaline","floor":28,"key":"SMITH"},{"data":"Distraction","floor":30,"key":"SMITH"},{"data":"Catalyst","floor":32,"key":"SMITH"},{"data":"Dash","floor":41,"key":"SMITH"},{"floor":49,"key":"REST"}],"neow_cost":"NONE","seed_source_timestamp":131904406017798,"circlet_count":0,"master_deck":["Strike_G","Defend_G+1","Defend_G","Defend_G","Defend_G","Survivor","Neutralize+1","Adrenaline+1","Flying Knee","Dash+1","Dodge and Roll+1","Crippling Poison+1","Slice","Blade Dance","Deadly Poison","Malaise","Accuracy","Bane","Poisoned Stab","Infinite Blades","Dagger Spray","Flying Knee+1","Distraction+1","Catalyst+1","Die Die Die","Bullet Time+1","Malaise+1","Catalyst+1","Terror+1","Dagger Throw+1","Backstab+1","Catalyst+1","Crippling Poison","Envenom","Footwork+1","Calculated Gamble+1","After Image+1","Concentrate+1"],"relics":["Ring of the Snake","Dead Branch","Vajra","Art of War","Mango","Mercury Hourglass","TwistedFunnel","Dream Catcher","Black Star","WarpedTongs","PreservedInsect","Bag of Marbles","Bottled Lightning","Pantograph","War Paint","Oddly Smooth Stone","Astrolabe","Question Card","Tingsha","Ancient Tea Set","Tough Bandages","Pear","Bottled Tornado","Bag of Preparation","Toy Ornithopter"],"potions_floor_usage":[16,16,16,31,33,33,33,39,46,46,46,50,50,50],"damage_taken":[{"damage":0,"enemies":"2 Louse","floor":1,"turns":3},{"damage":0,"enemies":"Jaw Worm","floor":2,"turns":4},{"damage":2,"enemies":"3 Sentries","floor":7,"turns":7},{"damage":2,"enemies":"Small Slimes","floor":8,"turns":3},{"damage":30,"enemies":"Gremlin Nob","floor":10,"turns":5},{"damage":0,"enemies":"Red Slaver","floor":11,"turns":3},{"damage":8,"enemies":"3 Sentries","floor":13,"turns":7},{"damage":0,"enemies":"Gremlin Gang","floor":14,"turns":2},{"damage":18,"enemies":"The Guardian","floor":16,"turns":9},{"damage":0,"enemies":"3 Byrds","floor":18,"turns":2},{"damage":1,"enemies":"Chosen","floor":19,"turns":4},{"damage":3,"enemies":"3 Cultists","floor":20,"turns":4},{"damage":15,"enemies":"Gremlin Leader","floor":23,"turns":5},{"damage":7,"enemies":"Chosen and Byrds","floor":24,"turns":4},{"damage":1,"enemies":"Centurion and Healer","floor":25,"turns":4},{"damage":10,"enemies":"Slavers","floor":29,"turns":2},{"damage":0,"enemies":"Cultist and Chosen","floor":31,"turns":3},{"damage":20,"enemies":"Collector","floor":33,"turns":6},{"damage":0,"enemies":"3 Shapes","floor":35,"turns":3},{"damage":0,"enemies":"Orb Walker","floor":37,"turns":2},{"damage":0,"enemies":"3 Darklings","floor":38,"turns":3},{"damage":19,"enemies":"Jaw Worm Horde","floor":39,"turns":3},{"damage":9,"enemies":"Nemesis","floor":40,"turns":3},{"damage":11,"enemies":"Reptomancer","floor":42,"turns":3},{"damage":0,"enemies":"Giant Head","floor":44,"turns":4},{"damage":0,"enemies":"Sphere and 2 Shapes","floor":45,"turns":2},{"damage":9,"enemies":"Transient","floor":46,"turns":5},{"damage":7,"enemies":"Donu and Deca","floor":50,"turns":6}],"seed_played":"1571764697698542140","potions_obtained":[{"floor":2,"key":"LiquidBronze"},{"floor":10,"key":"Strength Potion"},{"floor":11,"key":"Energy Potion"},{"floor":14,"key":"Regen Potion"},{"floor":23,"key":"SteroidPotion"},{"floor":24,"key":"SpeedPotion"},{"floor":29,"key":"AttackPotion"},{"floor":31,"key":"PowerPotion"},{"floor":35,"key":"Regen Potion"},{"floor":39,"key":"Strength Potion"},{"floor":42,"key":"Poison Potion"},{"floor":44,"key":"Energy Potion"},{"floor":46,"key":"Explosive Potion"}],"is_trial":false,"path_per_floor":["M","M","?","?","?","R","E","M","T","E","M","$","E","M","R","B",null,"M","M","M","?","$","E","M","M","T","T","R","E","R","M","R","B",null,"M","?","M","M","M","E","R","E","T","E","M","M","$","?","R","B",null],"character_chosen":"THE_SILENT","items_purchased":["TwistedFunnel","Infinite Blades","Regen Potion","Toy Ornithopter","SpeedPotion","After Image"],"campfire_rested":1,"item_purchase_floors":[12,22,47,47,47,47],"current_hp_per_floor":[70,70,70,63,63,63,61,59,73,43,43,43,35,35,35,32,71,71,70,67,67,67,52,45,44,44,44,44,34,34,34,34,39,73,73,73,73,73,63,54,54,43,53,53,53,44,44,44,72,94],"gold":21,"neow_bonus":"TRANSFORM_CARD","is_prod":false,"is_daily":false,"chose_seed":false,"campfire_upgraded":6,"win_rate":0,"timestamp":1564113980,"path_taken":["M","M","?","?","?","R","E","M","T","E","?","$","E","M","R","BOSS","M","?","M","?","$","E","M","?","T","?","R","E","R","M","R","BOSS","M","?","M","?","M","E","R","E","T","E","M","M","$","?","R","BOSS"],"build_version":"2019-07-17","purchased_purges":2,"victory":true,"max_hp_per_floor":[70,70,70,70,70,70,70,70,84,84,84,84,84,84,84,84,84,84,84,84,84,84,84,84,84,84,84,84,84,84,84,84,84,84,84,84,84,84,84,84,84,84,94,94,94,94,94,94,94,94],"card_choices":[{"not_picked":["Slice","Prepared"],"picked":"Flying Knee","floor":1},{"not_picked":["Reflex","Leg Sweep"],"picked":"Dash","floor":2},{"not_picked":["Poisoned Stab","Skewer"],"picked":"Dodge and Roll","floor":7},{"not_picked":["Underhanded Strike","Acrobatics"],"picked":"Crippling Poison","floor":8},{"not_picked":["Expertise","Backflip"],"picked":"Slice","floor":10},{"not_picked":["Malaise","Acrobatics"],"picked":"Blade Dance","floor":11},{"not_picked":["Blur","Acrobatics","Grand Finale"],"picked":"SKIP","floor":13},{"not_picked":["Skewer","Expertise"],"picked":"Deadly Poison","floor":14},{"not_picked":["Phantasmal Killer","Doppelganger"],"picked":"Malaise","floor":16},{"not_picked":["Deadly Poison+1","Choke"],"picked":"Accuracy","floor":18},{"not_picked":["Dagger Spray","Underhanded Strike"],"picked":"Bane","floor":19},{"not_picked":["Cloak And Dagger","Masterful Stab"],"picked":"Poisoned Stab","floor":20},{"not_picked":["Finisher+1","Skewer"],"picked":"Dagger Spray","floor":23},{"not_picked":["Riddle With Holes","Flechettes","Prepared"],"picked":"SKIP","floor":24},{"not_picked":["Setup","Sucker Punch"],"picked":"Flying Knee+1","floor":25},{"not_picked":["Slice","Tactician"],"picked":"Distraction","floor":29},{"not_picked":["Outmaneuver+1","Blade Dance+1"],"picked":"Catalyst","floor":31},{"not_picked":["Unload","Tools of the Trade"],"picked":"Die Die Die","floor":33},{"not_picked":["Catalyst","Footwork"],"picked":"Terror+1","floor":35},{"not_picked":["Flying Knee","Acrobatics","Finisher"],"picked":"SKIP","floor":37},{"not_picked":["Distraction+1","Cloak And Dagger+1"],"picked":"Dagger Throw+1","floor":38},{"not_picked":["Dagger Spray","Deadly Poison+1"],"picked":"Backstab+1","floor":39},{"not_picked":["Choke+1","PiercingWail+1"],"picked":"Catalyst+1","floor":40},{"not_picked":["Outmaneuver+1","Slice+1","Well Laid Plans"],"picked":"Crippling Poison","floor":42},{"not_picked":["Setup+1","Accuracy+1","Flying Knee+1"],"picked":"Envenom","floor":44},{"not_picked":["Setup","Outmaneuver","Prepared"],"picked":"Footwork+1","floor":45},{"not_picked":["Riddle With Holes+1","Outmaneuver","PiercingWail"],"picked":"Calculated Gamble+1","floor":46},{"not_picked":["Backstab","Deadly Poison","Leg Sweep"],"picked":"Concentrate+1","floor":49}],"player_experience":387603,"relics_obtained":[{"floor":7,"key":"Art of War"},{"floor":9,"key":"Mango"},{"floor":10,"key":"Mercury Hourglass"},{"floor":13,"key":"Dream Catcher"},{"floor":23,"key":"PreservedInsect"},{"floor":23,"key":"Bag of Marbles"},{"floor":26,"key":"Bottled Lightning"},{"floor":27,"key":"Pantograph"},{"floor":29,"key":"War Paint"},{"floor":29,"key":"Oddly Smooth Stone"},{"floor":40,"key":"Question Card"},{"floor":40,"key":"Tingsha"},{"floor":42,"key":"Ancient Tea Set"},{"floor":42,"key":"Tough Bandages"},{"floor":43,"key":"Pear"},{"floor":44,"key":"Bottled Tornado"},{"floor":44,"key":"Bag of Preparation"}],"event_choices":[{"damage_healed":0,"gold_gain":0,"player_choice":"Box","damage_taken":0,"relics_obtained":["Dead Branch"],"max_hp_gain":0,"max_hp_loss":0,"event_name":"Big Fish","floor":3,"gold_loss":0,"cards_obtained":["Regret"]},{"cards_removed":["Regret"],"damage_healed":0,"gold_gain":0,"player_choice":"Card Removal","damage_taken":7,"max_hp_gain":0,"max_hp_loss":0,"event_name":"Golden Wing","floor":4,"gold_loss":0},{"damage_healed":0,"gold_gain":0,"player_choice":"Gave Potion","damage_taken":0,"relics_obtained":["Vajra"],"max_hp_gain":0,"max_hp_loss":0,"event_name":"WeMeetAgain","floor":5,"gold_loss":0},{"damage_healed":0,"gold_gain":0,"player_choice":"Rummage","damage_taken":0,"relics_obtained":["WarpedTongs"],"max_hp_gain":0,"max_hp_loss":0,"event_name":"Accursed Blacksmith","floor":21,"gold_loss":0,"cards_obtained":["Pain"]},{"damage_healed":0,"gold_gain":100,"player_choice":"Pray","damage_taken":0,"max_hp_gain":0,"max_hp_loss":0,"event_name":"Golden Shrine","floor":36,"gold_loss":0},{"damage_healed":0,"gold_gain":0,"player_choice":"Upgraded","damage_taken":0,"max_hp_gain":0,"max_hp_loss":0,"event_name":"Upgrade Shrine","floor":48,"gold_loss":0,"cards_upgraded":["After Image"]}],"is_beta":false,"boss_relics":[{"not_picked":["Sozu","Eternal Feather"],"picked":"Black Star"},{"not_picked":["Calling Bell","Runic Dome"],"picked":"Astrolabe"}],"items_purged_floors":[22,47],"is_endless":false,"potions_floor_spawned":[2,10,11,14,23,24,29,31,35,39,42,44,46],"ascension_level":5}