{"gold_per_floor":[215,215,215,228,95,95,129,129,203,203,26,107,136,150,150,222,222,233,250,250,125,175,175,175,192,270,289,303,303,303,130,130,205,205,217,237,3,3,18,18,37,37,37,37,57,57,57,57,57,57],"floor_reached":51,"playtime":3823,"items_purged":["Strike_B","Dualcast","Strike_B+1","Strike_B+1"],"score":1107,"play_id":"f1e80251-8005-429b-b4fc-6241aaa9ea75","local_time":"20190719120537","is_ascension_mode":true,"campfire_choices":[{"data":"Zap","floor":6.0,"key":"SMITH"},{"floor":8.0,"key":"REST"},{"data":"Darkness","floor":10.0,"key":"SMITH"},{"floor":15.0,"key":"REST"},{"data":"Coolheaded","floor":23.0,"key":"SMITH"},{"floor":32,"key":"REST"},{"floor":40,"key":"REST"},{"data":"Consume","floor":42,"key":"SMITH"},{"data":"Darkness","floor":44,"key":"SMITH"},{"data":"Capacitor","floor":47,"key":"SMITH"},{"data":"Seek","floor":49,"key":"SMITH"}],"neow_cost":"NONE","seed_source_timestamp":0,"circlet_count":0,"master_deck":["AscendersBane","Defend_B+1","Defend_B+1","Defend_B+1","Defend_B+1","Zap+1","Darkness+1","Cold Snap","Sweeping Beam","Coolheaded+1","Sunder+1","Go for the Eyes+1","Echo Form","Capacitor+1","Leap","Coolheaded","Seek+1","Coolheaded","Darkness+1","Conserve Battery+1","Consume+1","Coolheaded"],"special_seed":0,"relics":["Cracked Core","Symbiotic Virus","Molten Egg 2","Mercury Hourglass","Turnip","Sozu","Question Card","Anchor","Orrery","Strawberry"],"potions_floor_usage":[28],"damage_taken":[{"damage":1.0,"enemies":"Cultist","floor":1.0,"turns":3.0},{"damage":0.0,"enemies":"Small Slimes","floor":4.0,"turns":3.0},{"damage":26.0,"enemies":"Gremlin Nob","floor":7.0,"turns":4.0},{"damage":15.0,"enemies":"3 Sentries","floor":13.0,"turns":4.0},{"damage":0.0,"enemies":"Jaw Worm","floor":14.0,"turns":2.0},{"damage":15.0,"enemies":"Hexaghost","floor":16.0,"turns":7.0},{"damage":11.0,"enemies":"Shell Parasite","floor":18.0,"turns":5.0},{"damage":0.0,"enemies":"Chosen","floor":19.0,"turns":3.0},{"damage":5,"enemies":"Centurion and Healer","floor":25,"turns":3},{"damage":0,"enemies":"Snecko","floor":27,"turns":4},{"damage":0,"enemies":"Snake Plant","floor":28,"turns":4},{"damage":10,"enemies":"Colosseum Slavers","floor":30,"turns":4},{"damage":31,"enemies":"Champ","floor":33,"turns":13},{"damage":12,"enemies":"3 Darklings","floor":35,"turns":5},{"damage":11,"enemies":"3 Shapes","floor":36,"turns":3},{"damage":23,"enemies":"Writhing Mass","floor":39,"turns":6},{"damage":3,"enemies":"Sphere and 2 Shapes","floor":41,"turns":6},{"damage":0,"enemies":"Spire Growth","floor":45,"turns":5},{"damage":25,"enemies":"Time Eater","floor":50,"turns":12}],"seed_played":"1121602890752826222","potions_obtained":[{"floor":1.0,"key":"PowerPotion"},{"floor":7.0,"key":"FocusPotion"},{"floor":16.0,"key":"Block Potion"}],"is_trial":false,"path_per_floor":["M","?","?","M","$","R","E","R","T","R","$","T","E","M","R","B",null,"M","M","?","$","?","R","?","M","T","M","M","?","?","$","R","B",null,"M","M","$","?","M","R","M","R","T","R","M","?","R","$","R","B",null],"character_chosen":"DEFECT","items_purchased":["Sweeping Beam","Sunder+1","Anchor","Consume"],"campfire_rested":4,"item_purchase_floors":[5,11,31,37],"current_hp_per_floor":[63,56,35,35,35,35,9,30,30,30,30,30,15,15,36,21,59,48,48,48,48,48,48,48,43,43,43,43,43,33,33,54,23,59,47,36,36,36,13,33,30,30,37,37,37,61,61,61,61,36],"gold":57,"neow_bonus":"HUNDRED_GOLD","is_prod":false,"is_daily":false,"chose_seed":false,"campfire_upgraded":7,"win_rate":0,"timestamp":1563552337,"path_taken":["M","?","?","M","$","R","E","R","T","R","$","?","E","M","R","BOSS","M","M","?","$","?","R","?","?","T","M","M","?","?","?","R","BOSS","M","M","$","?","M","R","M","R","T","R","M","?","R","$","R","BOSS"],"build_version":"2019-07-17","purchased_purges":4,"victory":true,"max_hp_per_floor":[71,71,71,71,71,71,71,71,71,71,71,71,71,71,71,71,71,71,71,71,71,71,71,71,71,71,71,71,71,71,71,71,71,71,71,71,71,67,67,67,67,67,74,74,74,61,61,61,61,61],"card_choices":[{"not_picked":["Reprogram","Recycle"],"picked":"Darkness","floor":1.0},{"not_picked":["Force Field","Melter"],"picked":"Cold Snap","floor":4.0},{"not_picked":["FTL","Force Field"],"picked":"Coolheaded","floor":7.0},{"not_picked":["Steam Power","Compile Driver+1","Recycle"],"picked":"SKIP","floor":13.0},{"not_picked":["Rebound+1","Streamline+1"],"picked":"Go for the Eyes+1","floor":14.0},{"not_picked":["Reboot","Buffer"],"picked":"Echo Form","floor":16.0},{"not_picked":["Redo","Hologram","Hello World+1"],"picked":"SKIP","floor":18.0},{"not_picked":["Coolheaded","Ball Lightning+1"],"picked":"Capacitor","floor":19.0},{"not_picked":["Beam Cell+1","Heatsinks"],"picked":"Leap","floor":25},{"not_picked":["Rebound+1","Gash+1","Fusion+1"],"picked":"Coolheaded","floor":27},{"not_picked":["Stack+1","Lockon+1","Sweeping Beam+1","Compile Driver+1"],"picked":"SKIP","floor":28},{"not_picked":["All For One+1","Hyperbeam+1","Meteor Strike+1"],"picked":"Seek","floor":33},{"not_picked":["Blizzard+1","Stack","Sweeping Beam+1"],"picked":"Coolheaded","floor":34},{"not_picked":["Ball Lightning+1","Cold Snap+1","Sweeping Beam+1"],"picked":"Darkness","floor":34},{"not_picked":["Gash+1","Lockon+1","Beam Cell+1"],"picked":"Conserve Battery+1","floor":35},{"not_picked":["Hologram+1","Sweeping Beam+1","Storm+1","Beam Cell+1"],"picked":"SKIP","floor":36},{"not_picked":["Hello World","Streamline+1","Stack"],"picked":"Coolheaded","floor":39},{"not_picked":["Stack","Hyperbeam+1","Cold Snap+1","Hello World"],"picked":"SKIP","floor":41},{"not_picked":["Barrage+1","Turbo+1","Go for the Eyes+1","Chill"],"picked":"SKIP","floor":45}],"player_experience":889735,"relics_obtained":[{"floor":7.0,"key":"Symbiotic Virus"},{"floor":9.0,"key":"Molten Egg 2"},{"floor":12.0,"key":"Mercury Hourglass"},{"floor":13.0,"key":"Turnip"},{"floor":26,"key":"Question Card"},{"floor":43,"key":"Strawberry"}],"event_choices":[{"cards_removed":["Strike_B"],"damage_healed":0.0,"max_hp_gain":0.0,"max_hp_loss":0.0,"gold_gain":0.0,"event_name":"Golden Wing","player_choice":"Card Removal","floor":2.0,"gold_loss":0.0,"damage_taken":7.0},{"damage_healed":0.0,"max_hp_gain":0.0,"max_hp_loss":0.0,"gold_gain":0.0,"event_name":"Shining Light","player_choice":"Entered Light","floor":3.0,"gold_loss":0.0,"damage_taken":21.0,"cards_upgraded":["Strike_B","Strike_B"]},{"damage_healed":0.0,"max_hp_gain":0.0,"max_hp_loss":0.0,"gold_gain":0.0,"event_name":"Ghosts","player_choice":"Ignored","floor":20.0,"gold_loss":0.0,"damage_taken":0.0},{"damage_healed":0.0,"max_hp_gain":0.0,"max_hp_loss":0.0,"gold_gain":50.0,"event_name":"Nest","player_choice":"Stole From Cult","floor":22.0,"gold_loss":0.0,"damage_taken":0.0},{"damage_healed":0.0,"max_hp_gain":0.0,"max_hp_loss":0.0,"gold_gain":0.0,"event_name":"Cursed Tome","player_choice":"Ignored","floor":24.0,"gold_loss":0.0,"damage_taken":0.0},{"damage_healed":0,"gold_gain":0,"player_choice":"Simplicity","damage_taken":0,"max_hp_gain":0,"max_hp_loss":0,"event_name":"Back to Basics","floor":29,"gold_loss":0,"cards_upgraded":["Defend_B","Defend_B","Defend_B","Defend_B"]},{"damage_healed":0,"gold_gain":0,"player_choice":"Fight","damage_taken":0,"max_hp_gain":0,"max_hp_loss":0,"event_name":"Colosseum","floor":30,"gold_loss":0},{"damage_healed":0,"gold_gain":0,"player_choice":"Fled From Nobs","damage_taken":0,"max_hp_gain":0,"max_hp_loss":0,"event_name":"Colosseum","floor":30,"gold_loss":0},{"damage_healed":0,"gold_gain":0,"player_choice":"Max HP","damage_taken":0,"max_hp_gain":0,"max_hp_loss":4,"event_name":"Winding Halls","floor":38,"gold_loss":0},{"damage_healed":61,"gold_gain":0,"player_choice":"Heal","damage_taken":0,"max_hp_gain":0,"max_hp_loss":13,"event_name":"The Moai Head","floor":46,"gold_loss":0}],"is_beta":false,"boss_relics":[{"not_picked":["Eternal Feather","Runic Pyramid"],"picked":"Sozu"},{"not_picked":["White Beast Statue","Snecko Eye"],"picked":"Orrery"}],"items_purged_floors":[5,11,21,37],"is_endless":false,"potions_floor_spawned":[1,7,16,25,28,33,35,39],"ascension_level":16}