{"gold_per_floor":[110,35,35,50,61,94,94,94,117,131,131,157,157,174,174,274,274,285,39,339,357,369,369,402,402,402,345,361,393,406,417,417,512,562,572,589,559,459,473,473,487,487,487,487,506,506,521,60,60,60],"floor_reached":51,"playtime":4617,"items_purged":["Strike_B","Shame"],"score":794,"play_id":"10feb0cb-37df-41ca-8005-7d1445a7ea5a","local_time":"20190810210635","is_ascension_mode":true,"campfire_choices":[{"data":"Dualcast","floor":8,"key":"SMITH"},{"floor":11,"key":"REST"},{"data":"Beam Cell","floor":15,"key":"SMITH"},{"data":"Zap","floor":23,"key":"SMITH"},{"data":"Rip and Tear","floor":25,"key":"SMITH"},{"floor":32,"key":"REST"},{"data":"Conserve Battery","floor":40,"key":"SMITH"},{"floor":42,"key":"REST"},{"floor":46,"key":"REST"},{"data":"Go for the Eyes","floor":49,"key":"SMITH"}],"neow_cost":"NONE","seed_source_timestamp":4016119598500,"circlet_count":0,"master_deck":["Strike_B+1","Strike_B","Strike_B","Defend_B+1","Defend_B","Defend_B+1","Zap+1","Dualcast+1","Rip and Tear+1","Hologram","Conserve Battery+1","Leap","Beam Cell+1","Capacitor","Leap+1","Machine Learning","Skim+1","Turbo+1","Steam Power+1","Ball Lightning+1","FTL","Reprogram+1","Electrodynamics","Aggregate+1","Conserve Battery+1","Go for the Eyes+1","Reboot+1","Madness+1","Madness+1"],"relics":["Cracked Core","Pen Nib","Oddly Smooth Stone","Lantern","Toxic Egg 2","Runic Pyramid","TheAbacus","Old Coin","Regal Pillow","PreservedInsect","Kunai","Dream Catcher","Tiny House","Juzu Bracelet","Sundial","Toolbox"],"potions_floor_usage":[12,14,18,24,24,24,33,35,35,37,41,45,50,50,50],"damage_taken":[{"damage":2,"enemies":"Jaw Worm","floor":1,"turns":3},{"damage":0,"enemies":"2 Louse","floor":4,"turns":2},{"damage":0,"enemies":"Cultist","floor":5,"turns":2},{"damage":22,"enemies":"Lagavulin","floor":6,"turns":7},{"damage":0,"enemies":"Looter","floor":10,"turns":3},{"damage":0,"enemies":"Gremlin Nob","floor":12,"turns":3},{"damage":0,"enemies":"Lots of Slimes","floor":14,"turns":2},{"damage":4,"enemies":"The Guardian","floor":16,"turns":11},{"damage":7,"enemies":"2 Thieves","floor":18,"turns":3},{"damage":0,"enemies":"Chosen","floor":21,"turns":6},{"damage":6,"enemies":"Centurion and Healer","floor":22,"turns":7},{"damage":11,"enemies":"Slavers","floor":24,"turns":6},{"damage":13,"enemies":"Snecko","floor":28,"turns":6},{"damage":0,"enemies":"Gremlin Leader","floor":29,"turns":6},{"damage":0,"enemies":"Snake Plant","floor":30,"turns":3},{"damage":0,"enemies":"Cultist and Chosen","floor":31,"turns":5},{"damage":4,"enemies":"Automaton","floor":33,"turns":10},{"damage":9,"enemies":"3 Darklings","floor":35,"turns":4},{"damage":14,"enemies":"Orb Walker","floor":36,"turns":4},{"damage":1,"enemies":"Sphere and 2 Shapes","floor":39,"turns":4},{"damage":31,"enemies":"Writhing Mass","floor":41,"turns":7},{"damage":22,"enemies":"Jaw Worm Horde","floor":45,"turns":5},{"damage":0,"enemies":"4 Shapes","floor":47,"turns":3},{"damage":58,"enemies":"Time Eater","floor":50,"turns":16}],"seed_played":"-551318114409413252","potions_obtained":[{"floor":4,"key":"Explosive Potion"},{"floor":6,"key":"Strength Potion"},{"floor":14,"key":"FearPotion"},{"floor":16,"key":"PowerPotion"},{"floor":18,"key":"Dexterity Potion"},{"floor":22,"key":"PowerPotion"},{"floor":29,"key":"SpeedPotion"},{"floor":30,"key":"FearPotion"},{"floor":33,"key":"Swift Potion"},{"floor":34,"key":"Energy Potion"},{"floor":37,"key":"Fruit Juice"},{"floor":37,"key":"Weak Potion"},{"floor":39,"key":"Fire Potion"},{"floor":41,"key":"Strength Potion"},{"floor":47,"key":"Block Potion"}],"is_trial":false,"path_per_floor":["M","$","?","M","M","E","?","R","T","M","R","E","?","M","R","B",null,"M","$","?","M","M","R","E","R","T","?","M","E","M","M","R","B",null,"M","M","?","$","M","R","M","R","T","?","M","R","M","$","R","B",null],"character_chosen":"DEFECT","items_purchased":["Turbo+1","TheAbacus","Sundial","Toolbox"],"campfire_rested":4,"item_purchase_floors":[19,19,48,48],"current_hp_per_floor":[73,73,58,58,58,36,36,36,36,36,58,58,51,51,51,47,75,68,68,68,68,62,62,51,51,51,51,38,38,38,38,75,71,80,71,57,62,62,61,61,30,70,70,59,37,77,77,77,77,19],"gold":60,"neow_bonus":"RANDOM_COMMON_RELIC","is_prod":false,"is_daily":false,"chose_seed":false,"campfire_upgraded":6,"win_rate":0,"timestamp":1565496395,"path_taken":["M","$","?","M","M","E","?","R","T","M","R","E","?","M","R","BOSS","M","$","?","M","M","R","E","R","T","?","?","E","M","M","R","BOSS","M","?","?","$","M","R","M","R","T","?","M","R","M","$","R","BOSS"],"build_version":"2019-07-17","purchased_purges":2,"victory":true,"max_hp_per_floor":[75,75,75,75,75,75,75,75,75,75,75,75,75,75,75,75,75,75,75,75,75,75,75,75,75,75,75,75,75,75,75,75,75,80,80,80,85,85,85,85,85,85,85,85,85,85,85,85,85,85],"card_choices":[{"not_picked":["Barrage","Redo"],"picked":"Rip and Tear","floor":1},{"not_picked":["Compile Driver","Rebound"],"picked":"Hologram","floor":4},{"not_picked":["Compile Driver","Sweeping Beam"],"picked":"Conserve Battery","floor":5},{"not_picked":["Meteor Strike","Auto Shields"],"picked":"Leap","floor":6},{"not_picked":["Barrage","Ball Lightning"],"picked":"Beam Cell","floor":10},{"not_picked":["Hologram","Sweeping Beam"],"picked":"Capacitor","floor":12},{"not_picked":["Redo+1","Storm"],"picked":"Leap+1","floor":14},{"not_picked":["Thunder Strike","Multi-Cast+1"],"picked":"Machine Learning","floor":16},{"not_picked":["Melter","Compile Driver+1"],"picked":"Skim+1","floor":18},{"not_picked":["Stack+1","Loop"],"picked":"Steam Power+1","floor":21},{"not_picked":["Compile Driver","Self Repair","Gash"],"picked":"SKIP","floor":22},{"not_picked":["Multi-Cast+1","Meteor Strike","Storm"],"picked":"SKIP","floor":24},{"not_picked":["Streamline","Hologram+1"],"picked":"Ball Lightning+1","floor":28},{"not_picked":["Thunder Strike","Lockon"],"picked":"FTL","floor":29},{"not_picked":["Redo+1","Undo+1","Double Energy+1"],"picked":"SKIP","floor":30},{"not_picked":["Darkness+1","Gash"],"picked":"Reprogram+1","floor":31},{"not_picked":["Amplify+1","Rainbow+1"],"picked":"Electrodynamics","floor":33},{"not_picked":["Sweeping Beam","Leap+1"],"picked":"Aggregate+1","floor":34},{"not_picked":["BootSequence+1","Coolheaded+1","Beam Cell"],"picked":"SKIP","floor":35},{"not_picked":["Storm","Chaos+1"],"picked":"Conserve Battery+1","floor":36},{"not_picked":["Steam+1","Reprogram+1"],"picked":"Go for the Eyes","floor":39},{"not_picked":["Conserve Battery+1","Darkness+1","Hologram+1"],"picked":"SKIP","floor":41},{"not_picked":["Gash+1","Scrape"],"picked":"Reboot+1","floor":42},{"not_picked":["Leap+1","Gash+1","Hologram+1"],"picked":"SKIP","floor":45},{"not_picked":["Coolheaded+1","Sunder","Rebound+1"],"picked":"SKIP","floor":47}],"player_experience":277389,"relics_obtained":[{"floor":6,"key":"Oddly Smooth Stone"},{"floor":9,"key":"Lantern"},{"floor":12,"key":"Toxic Egg 2"},{"floor":24,"key":"Regal Pillow"},{"floor":26,"key":"PreservedInsect"},{"floor":29,"key":"Dream Catcher"},{"floor":43,"key":"Juzu Bracelet"}],"event_choices":[{"damage_healed":0,"gold_gain":0,"player_choice":"Entered Light","damage_taken":15,"max_hp_gain":0,"max_hp_loss":0,"event_name":"Shining Light","floor":3,"gold_loss":0,"cards_upgraded":["Defend_B","Defend_B"]},{"cards_removed":["Defend_B"],"damage_healed":0,"gold_gain":0,"player_choice":"Forget","damage_taken":0,"max_hp_gain":0,"max_hp_loss":0,"event_name":"Living Wall","floor":7,"gold_loss":0},{"damage_healed":0,"gold_gain":0,"player_choice":"Damaged","damage_taken":7,"max_hp_gain":0,"max_hp_loss":0,"event_name":"Wheel of Change","floor":13,"gold_loss":0},{"damage_healed":0,"gold_gain":0,"player_choice":"Stole Relic","damage_taken":0,"relics_obtained":["Old Coin"],"max_hp_gain":0,"max_hp_loss":0,"event_name":"Addict","floor":20,"gold_loss":0,"cards_obtained":["Shame"]},{"damage_healed":0,"gold_gain":0,"player_choice":"Paid Gold","damage_taken":0,"relics_obtained":["Kunai"],"max_hp_gain":0,"max_hp_loss":0,"event_name":"WeMeetAgain","floor":27,"gold_loss":57},{"damage_healed":0,"gold_gain":0,"player_choice":"Bought 2 Potions","damage_taken":0,"max_hp_gain":0,"max_hp_loss":0,"event_name":"The Woman in Blue","floor":37,"gold_loss":0},{"damage_healed":0,"gold_gain":0,"player_choice":"Embrace Madness","damage_taken":11,"max_hp_gain":0,"max_hp_loss":0,"event_name":"Winding Halls","floor":44,"gold_loss":0,"cards_obtained":["Madness","Madness"]}],"is_beta":false,"boss_relics":[{"not_picked":["Empty Cage","Calling Bell"],"picked":"Runic Pyramid"},{"not_picked":["Orrery","Runic Dome"],"picked":"Tiny House"}],"items_purged_floors":[2,38],"is_endless":false,"potions_floor_spawned":[4,6,14,16,18,22,29,30,33,39,41,47],"ascension_level":2}