{"gold_per_floor":[113,113,132,148,148,178,178,178,254,24,49,9,9,9,9,112,112,128,145,172,49,69,69,69,69,69,69,97,115,115,15,15,120,120,130,130,130,150,170,170,45,45,71,71,71,89,7,33,33,33],"floor_reached":51,"playtime":3849,"items_purged":["Defend_G","Writhe","Strike_G"],"score":931,"play_id":"068200d6-d623-43df-8dbe-86cea98c4cee","local_time":"20190812090655","is_ascension_mode":true,"campfire_choices":[{"floor":8,"key":"REST"},{"data":"Noxious Fumes","floor":15,"key":"SMITH"},{"data":"Malaise","floor":23,"key":"SMITH"},{"floor":25,"key":"REST"},{"data":"Phantasmal Killer","floor":32,"key":"SMITH"},{"floor":40,"key":"REST"},{"floor":42,"key":"REST"},{"data":"Backstab","floor":44,"key":"SMITH"},{"floor":49,"key":"REST"}],"neow_cost":"NONE","seed_source_timestamp":134357866175200,"circlet_count":0,"master_deck":["Strike_G","Strike_G+1","Strike_G+1","Defend_G","Defend_G","Defend_G+1","Defend_G","Survivor","Neutralize+1","Dodge and Roll","Escape Plan","Poisoned Stab+1","Noxious Fumes+1","Heel Hook","Backstab+1","Heel Hook","Malaise+1","Quick Slash","Flying Knee+1","Deflect","Backflip","Heel Hook","Phantasmal Killer+1","Prepared","Doppelganger+1","Acrobatics","Backstab","Heel Hook+1","Dagger Spray+1","Tactician+1","Noxious Fumes","Slice+1"],"relics":["Ring of the Snake","NeowsBlessing","Juzu Bracelet","Bottled Lightning","Lee\u0027s Waffle","Whetstone","Runic Pyramid","Red Mask","Lantern","Happy Flower","Meat on the Bone","Blue Candle","Runic Dome","Bag of Marbles","Centennial Puzzle"],"potions_floor_usage":[20,20,28,33,38,48,50,50,50,50],"damage_taken":[{"damage":0,"enemies":"Small Slimes","floor":1,"turns":1},{"damage":0,"enemies":"Jaw Worm","floor":3,"turns":1},{"damage":0,"enemies":"Cultist","floor":4,"turns":1},{"damage":39,"enemies":"3 Sentries","floor":6,"turns":14},{"damage":18,"enemies":"Lagavulin","floor":11,"turns":8},{"damage":38,"enemies":"Hexaghost","floor":16,"turns":11},{"damage":11,"enemies":"Shell Parasite","floor":18,"turns":5},{"damage":4,"enemies":"3 Byrds","floor":19,"turns":6},{"damage":5,"enemies":"Masked Bandits","floor":20,"turns":4},{"damage":3,"enemies":"Snecko","floor":22,"turns":5},{"damage":8,"enemies":"Slavers","floor":28,"turns":6},{"damage":3,"enemies":"Cultist and Chosen","floor":29,"turns":7},{"damage":48,"enemies":"Champ","floor":33,"turns":11},{"damage":12,"enemies":"Orb Walker","floor":35,"turns":3},{"damage":36,"enemies":"3 Darklings","floor":38,"turns":5},{"damage":9,"enemies":"Jaw Worm Horde","floor":39,"turns":5},{"damage":6,"enemies":"4 Shapes","floor":46,"turns":5},{"damage":23,"enemies":"Reptomancer","floor":48,"turns":7},{"damage":62,"enemies":"Awakened One","floor":50,"turns":15}],"seed_played":"7604547438290211809","potions_obtained":[{"floor":11,"key":"Explosive Potion"},{"floor":16,"key":"Strength Potion"},{"floor":19,"key":"Block Potion"},{"floor":28,"key":"Fire Potion"},{"floor":29,"key":"Energy Potion"},{"floor":38,"key":"PowerPotion"},{"floor":39,"key":"EntropicBrew"},{"floor":48,"key":"Poison Potion"}],"is_trial":false,"path_per_floor":["M","?","M","M","?","E","?","R","T","$","E","$","?","?","R","B",null,"M","M","?","$","M","R","$","R","T","T","E","M","?","$","R","B",null,"M","?","?","M","M","R","$","R","T","R","?","M","$","E","R","B",null],"character_chosen":"THE_SILENT","items_purchased":["Lee\u0027s Waffle","Heel Hook","Heel Hook","Backflip","Noxious Fumes"],"campfire_rested":5,"item_purchase_floors":[10,10,12,21,47],"current_hp_per_floor":[63,49,49,49,49,10,27,48,48,77,59,59,59,59,59,21,63,52,48,43,43,40,40,40,63,63,63,55,52,52,52,52,16,62,50,50,50,26,29,52,52,75,75,75,74,68,68,45,67,17],"gold":33,"neow_bonus":"THREE_ENEMY_KILL","is_prod":false,"is_daily":false,"chose_seed":false,"campfire_upgraded":4,"win_rate":0,"timestamp":1565626015,"path_taken":["M","?","M","M","?","E","?","R","T","$","E","?","?","?","R","BOSS","M","M","?","$","M","R","$","R","T","?","E","M","?","?","R","BOSS","M","?","?","M","M","R","$","R","T","R","?","M","$","E","R","BOSS"],"build_version":"2019-07-17","purchased_purges":3,"victory":true,"max_hp_per_floor":[70,70,70,70,70,70,70,70,70,77,77,77,77,77,77,77,77,77,77,77,77,77,77,77,77,77,77,77,77,77,77,77,77,77,77,77,77,77,77,77,77,77,77,77,74,74,74,74,74,74],"card_choices":[{"not_picked":["Outmaneuver","Flying Knee"],"picked":"Dodge and Roll","floor":1},{"not_picked":["Poisoned Stab","Underhanded Strike"],"picked":"Escape Plan","floor":3},{"not_picked":["Night Terror","Distraction"],"picked":"Poisoned Stab","floor":4},{"not_picked":["Catalyst","Blade Dance"],"picked":"Noxious Fumes","floor":6},{"not_picked":["Underhanded Strike","Concentrate"],"picked":"Backstab","floor":11},{"not_picked":["Tools of the Trade","Burst"],"picked":"Malaise","floor":16},{"not_picked":["Sucker Punch","PiercingWail"],"picked":"Quick Slash","floor":18},{"not_picked":["Predator+1","Deflect"],"picked":"Flying Knee+1","floor":19},{"not_picked":["Distraction","Blade Dance"],"picked":"Deflect","floor":20},{"not_picked":["Bane","Dagger Spray"],"picked":"Heel Hook","floor":22},{"not_picked":["Accuracy","Dagger Spray"],"picked":"Phantasmal Killer","floor":28},{"not_picked":["Dagger Throw+1","Dodge and Roll"],"picked":"Prepared","floor":29},{"not_picked":["Wraith Form v2","Grand Finale"],"picked":"Doppelganger","floor":33},{"not_picked":["Dodge and Roll","Prepared+1"],"picked":"Acrobatics","floor":35},{"not_picked":["Deflect","Dagger Throw"],"picked":"Heel Hook+1","floor":38},{"not_picked":["Sucker Punch","Caltrops+1"],"picked":"Dagger Spray+1","floor":39},{"not_picked":["Calculated Gamble+1","Dagger Spray"],"picked":"Tactician+1","floor":46},{"not_picked":["Concentrate+1","Outmaneuver"],"picked":"Slice+1","floor":48}],"player_experience":313510,"relics_obtained":[{"floor":6,"key":"Juzu Bracelet"},{"floor":9,"key":"Bottled Lightning"},{"floor":11,"key":"Whetstone"},{"floor":20,"key":"Red Mask"},{"floor":26,"key":"Lantern"},{"floor":27,"key":"Happy Flower"},{"floor":28,"key":"Meat on the Bone"},{"floor":43,"key":"Bag of Marbles"},{"floor":48,"key":"Centennial Puzzle"}],"event_choices":[{"damage_healed":0,"gold_gain":0,"player_choice":"Entered Light","damage_taken":14,"max_hp_gain":0,"max_hp_loss":0,"event_name":"Shining Light","floor":2,"gold_loss":0,"cards_upgraded":["Defend_G","Strike_G"]},{"cards_removed":["Strike_G"],"damage_healed":0,"gold_gain":0,"player_choice":"Forget","damage_taken":0,"max_hp_gain":0,"max_hp_loss":0,"event_name":"Living Wall","floor":5,"gold_loss":0},{"damage_healed":17,"gold_gain":0,"player_choice":"Healed and dodged fight","damage_taken":0,"max_hp_gain":0,"max_hp_loss":0,"event_name":"Mushrooms","floor":7,"gold_loss":0,"cards_obtained":["Parasite"]},{"damage_healed":0,"gold_gain":0,"player_choice":"Forge","damage_taken":0,"max_hp_gain":0,"max_hp_loss":0,"event_name":"Accursed Blacksmith","floor":13,"gold_loss":0,"cards_upgraded":["Neutralize"]},{"damage_healed":0,"gold_gain":0,"player_choice":"Ignored","damage_taken":0,"max_hp_gain":0,"max_hp_loss":0,"event_name":"Liars Game","floor":14,"gold_loss":0},{"damage_healed":0,"gold_gain":0,"player_choice":"Fought Bandits","damage_taken":0,"max_hp_gain":0,"max_hp_loss":0,"event_name":"Masked Bandits","floor":20,"gold_loss":0},{"damage_healed":0,"gold_gain":0,"player_choice":"Opened","damage_taken":0,"relics_obtained":["Blue Candle"],"max_hp_gain":0,"max_hp_loss":0,"event_name":"The Mausoleum","floor":30,"gold_loss":0,"cards_obtained":["Writhe"]},{"damage_healed":0,"gold_gain":0,"player_choice":"Copied","damage_taken":0,"max_hp_gain":0,"max_hp_loss":0,"event_name":"Duplicator","floor":36,"gold_loss":0,"cards_obtained":["Backstab"]},{"damage_healed":0,"gold_gain":0,"player_choice":"Upgraded","damage_taken":0,"max_hp_gain":0,"max_hp_loss":0,"event_name":"Upgrade Shrine","floor":37,"gold_loss":0,"cards_upgraded":["Doppelganger"]},{"cards_removed":["Parasite"],"damage_healed":0,"gold_gain":0,"player_choice":"Removed Curses","damage_taken":0,"max_hp_gain":0,"max_hp_loss":0,"event_name":"Fountain of Cleansing","floor":45,"gold_loss":0}],"is_beta":false,"boss_relics":[{"not_picked":["Eternal Feather","Tiny House"],"picked":"Runic Pyramid"},{"not_picked":["Orrery","Coffee Dripper"],"picked":"Runic Dome"}],"items_purged_floors":[21,31,41],"is_endless":false,"potions_floor_spawned":[11,16,19,28,29,38,39,48],"ascension_level":8}