{"gold_per_floor":[115,115,115,132,143,143,168,168,168,200,200,8,8],"floor_reached":13,"playtime":809,"items_purged":["Strike_R"],"score":123,"play_id":"af9571a9-455c-485c-aba6-158ffa7521f5","local_time":"20190807192953","is_ascension_mode":true,"campfire_choices":[{"data":"Armaments","floor":6,"key":"SMITH"},{"floor":8,"key":"REST"},{"data":"Bash","floor":11,"key":"SMITH"}],"neow_cost":"NONE","seed_source_timestamp":162619558048387,"circlet_count":0,"master_deck":["Strike_R","Strike_R","Strike_R","Strike_R","Defend_R","Defend_R","Defend_R","Defend_R","Bash+1","Armaments+1","Dropkick","Bloodletting","Spot Weakness","Bloodletting"],"relics":["Burning Blood","Potion Belt","Boot","The Courier","Anchor","Membership Card"],"potions_floor_usage":[7,10],"damage_taken":[{"damage":4,"enemies":"Small Slimes","floor":1,"turns":4},{"damage":6,"enemies":"2 Louse","floor":4,"turns":3},{"damage":1,"enemies":"Cultist","floor":5,"turns":3},{"damage":38,"enemies":"Lagavulin","floor":7,"turns":8},{"damage":31,"enemies":"Gremlin Nob","floor":10,"turns":4},{"damage":59,"enemies":"3 Sentries","floor":13,"turns":8}],"seed_played":"7030865743751727429","potions_obtained":[{"floor":1,"key":"Regen Potion"},{"floor":5,"key":"EssenceOfSteel"}],"is_trial":false,"path_per_floor":["M","?","?","M","M","R","E","R","T","E","R","$","E"],"character_chosen":"IRONCLAD","items_purchased":["Membership Card"],"campfire_rested":1,"item_purchase_floors":[12],"current_hp_per_floor":[74,49,80,80,80,80,48,72,72,58,58,58,0],"gold":8,"neow_bonus":"RANDOM_COLORLESS","is_prod":false,"is_daily":false,"chose_seed":false,"campfire_upgraded":2,"win_rate":0,"timestamp":1565231393,"path_taken":["M","?","?","?","M","R","E","R","T","E","R","$","E"],"build_version":"2019-07-17","purchased_purges":1,"victory":false,"max_hp_per_floor":[80,80,80,80,80,80,80,80,80,80,80,80,80],"card_choices":[{"not_picked":["Warcry","Thunderclap"],"picked":"Armaments","floor":1},{"not_picked":["Clothesline","Seeing Red"],"picked":"Dropkick","floor":4},{"not_picked":["Body Slam","Ghostly Armor"],"picked":"Bloodletting","floor":5},{"not_picked":["Juggernaut","Armaments"],"picked":"Spot Weakness","floor":7},{"not_picked":["Corruption","Disarm"],"picked":"Bloodletting","floor":10}],"player_experience":216733,"relics_obtained":[{"floor":7,"key":"Boot"},{"floor":9,"key":"The Courier"},{"floor":10,"key":"Anchor"}],"event_choices":[{"damage_healed":0,"gold_gain":0,"player_choice":"Success","damage_taken":25,"relics_obtained":["Potion Belt"],"max_hp_gain":0,"max_hp_loss":0,"event_name":"Scrap Ooze","floor":2,"gold_loss":0},{"cards_removed":["Madness"],"damage_healed":31,"gold_gain":0,"player_choice":"Offered Uncommon","damage_taken":0,"max_hp_gain":0,"max_hp_loss":0,"event_name":"Bonfire Elementals","floor":3,"gold_loss":0}],"is_beta":false,"boss_relics":[],"items_purged_floors":[12],"is_endless":false,"potions_floor_spawned":[1,5],"killed_by":"3 Sentries","ascension_level":7}