{"gold_per_floor":[117,133,152,167,11,43,43,43,97,97],"floor_reached":10,"playtime":469,"items_purged":["Strike_B"],"score":88,"play_id":"4b21e5db-5a46-4bb3-b825-35783b403c23","local_time":"20190711131939","is_ascension_mode":true,"campfire_choices":[{"data":"Fusion","floor":7,"key":"SMITH"}],"neow_cost":"NONE","seed_source_timestamp":246942779632926,"circlet_count":0,"master_deck":["Strike_B","Strike_B","Strike_B","Defend_B","Defend_B","Defend_B","Defend_B","Zap","Dualcast","Creative AI","Sweeping Beam","Coolheaded","Tempest","Stack","Loop","Fusion+1"],"relics":["Cracked Core","Frozen Egg 2","Pen Nib","Anchor"],"potions_floor_usage":[4,6],"damage_taken":[{"damage":2,"enemies":"Jaw Worm","floor":1,"turns":3},{"damage":0,"enemies":"2 Louse","floor":2,"turns":2},{"damage":0,"enemies":"Small Slimes","floor":3,"turns":2},{"damage":19,"enemies":"2 Fungi Beasts","floor":4,"turns":5},{"damage":20,"enemies":"Gremlin Nob","floor":6,"turns":5},{"damage":33,"enemies":"Gremlin Gang","floor":10,"turns":3}],"seed_played":"-4279766534688950833","potions_obtained":[{"floor":2,"key":"Regen Potion"},{"floor":4,"key":"Weak Potion"}],"is_trial":false,"path_per_floor":["M","M","M","M","$","E","R","?","T","M"],"character_chosen":"DEFECT","items_purchased":["Loop"],"campfire_rested":0,"item_purchase_floors":[5],"current_hp_per_floor":[66,66,66,59,59,39,39,32,32,0],"gold":97,"neow_bonus":"ONE_RANDOM_RARE_CARD","is_prod":false,"is_daily":false,"chose_seed":false,"campfire_upgraded":1,"win_rate":0,"timestamp":1562876379,"path_taken":["M","M","M","M","$","E","R","?","T","M"],"build_version":"2019-07-05","purchased_purges":1,"victory":false,"max_hp_per_floor":[75,75,75,75,75,75,75,75,75,75],"card_choices":[{"not_picked":["Steam","White Noise"],"picked":"Sweeping Beam","floor":1},{"not_picked":["Blizzard","Static Discharge"],"picked":"Coolheaded","floor":2},{"not_picked":["Reinforced Body","Hello World"],"picked":"Tempest","floor":3},{"not_picked":["Scrape","Hello World"],"picked":"Stack","floor":4},{"not_picked":["Tempest","Multi-Cast"],"picked":"Fusion","floor":6}],"player_experience":259668,"relics_obtained":[{"floor":6,"key":"Frozen Egg 2"},{"floor":9,"key":"Anchor"}],"event_choices":[{"damage_healed":0,"gold_gain":0,"player_choice":"Success","damage_taken":7,"relics_obtained":["Pen Nib"],"max_hp_gain":0,"max_hp_loss":0,"event_name":"Scrap Ooze","floor":8,"gold_loss":0}],"is_beta":false,"boss_relics":[],"items_purged_floors":[5],"is_endless":false,"potions_floor_spawned":[2,4],"killed_by":"Gremlin Gang","ascension_level":6}