{"gold_per_floor":[112,122,47,57,7,7,20,34,34,34,54,229,229,248,248,348,348,367,356,371,75,93,93,93,112,112,112,112,112],"floor_reached":29,"playtime":1315,"items_purged":["Strike_B","Doubt"],"score":219,"play_id":"7c1fc113-a522-4c7c-9de1-06b0b45f7e7f","local_time":"20190806225214","is_ascension_mode":false,"campfire_choices":[{"data":"Zap","floor":6.0,"key":"SMITH"},{"data":"Dualcast","floor":10.0,"key":"SMITH"},{"data":"Leap","floor":15.0,"key":"SMITH"},{"floor":23,"key":"REST"},{"floor":27,"key":"REST"}],"neow_cost":"NONE","seed_source_timestamp":136422045537648,"circlet_count":0,"master_deck":["Strike_B","Strike_B","Strike_B","Defend_B","Defend_B","Defend_B","Zap+1","Dualcast+1","Leap+1","Gash+1"],"special_seed":0,"relics":["Cracked Core","NeowsBlessing","Molten Egg 2","Shuriken","Lizard Tail","TheAbacus","StoneCalendar"],"potions_floor_usage":[16,16,16,20],"damage_taken":[{"damage":0.0,"enemies":"Small Slimes","floor":1.0,"turns":1.0},{"damage":0.0,"enemies":"2 Louse","floor":2.0,"turns":1.0},{"damage":0.0,"enemies":"Cultist","floor":4.0,"turns":1.0},{"damage":1.0,"enemies":"Looter","floor":7.0,"turns":3.0},{"damage":0.0,"enemies":"2 Fungi Beasts","floor":8.0,"turns":3.0},{"damage":2.0,"enemies":"Blue Slaver","floor":11.0,"turns":3.0},{"damage":7.0,"enemies":"Looter","floor":14.0,"turns":4.0},{"damage":45,"enemies":"Hexaghost","floor":16,"turns":13},{"damage":31,"enemies":"Spheric Guardian","floor":18,"turns":6},{"damage":20,"enemies":"2 Thieves","floor":19,"turns":4},{"damage":29,"enemies":"Snecko","floor":20,"turns":7},{"damage":14,"enemies":"Centurion and Healer","floor":22,"turns":12},{"damage":22,"enemies":"Shelled Parasite and Fungi","floor":25,"turns":8},{"damage":55,"enemies":"Book of Stabbing","floor":29,"turns":6}],"seed_played":"-8804362981278437141","potions_obtained":[{"floor":1.0,"key":"SkillPotion"},{"floor":4.0,"key":"Fire Potion"},{"floor":11.0,"key":"FocusPotion"},{"floor":16,"key":"Strength Potion"}],"is_trial":false,"path_per_floor":["M","M","$","M","?","R","M","M","T","R","M","?","?","M","R","B",null,"M","M","M","$","M","R","?","M","T","R","?","E"],"character_chosen":"DEFECT","items_purchased":["TheAbacus"],"campfire_rested":2,"item_purchase_floors":[21],"current_hp_per_floor":[75,75,75,75,75,75,74,74,74,74,72,72,60,53,53,8,75,44,24,32,32,18,40,40,18,18,40,40,0],"gold":112,"neow_bonus":"THREE_ENEMY_KILL","is_prod":false,"is_daily":false,"chose_seed":false,"campfire_upgraded":3,"win_rate":0,"timestamp":1565157134,"path_taken":["M","M","$","M","?","R","M","M","T","R","M","?","?","M","R","BOSS","M","M","M","$","M","R","?","M","T","R","?","E"],"build_version":"2019-07-17","purchased_purges":2,"victory":false,"max_hp_per_floor":[75,75,75,75,75,75,75,75,75,75,75,75,75,75,75,75,75,75,75,75,75,75,75,75,75,75,75,75,75],"card_choices":[{"not_picked":["Aggregate","Sweeping Beam","Conserve Battery"],"picked":"SKIP","floor":1.0},{"not_picked":["Rebound","Sweeping Beam","Sunder"],"picked":"SKIP","floor":2.0},{"not_picked":["Loop","Meteor Strike"],"picked":"Leap","floor":4.0},{"not_picked":["Static Discharge","Cold Snap","Beam Cell"],"picked":"SKIP","floor":7.0},{"not_picked":["BootSequence","Heatsinks","Steam"],"picked":"SKIP","floor":8.0},{"not_picked":["Storm","Leap","Barrage+1"],"picked":"SKIP","floor":11.0},{"not_picked":["Barrage+1","Glacier","BootSequence"],"picked":"SKIP","floor":14.0},{"not_picked":["Sweeping Beam+1","Glacier","Rebound+1"],"picked":"SKIP","floor":18},{"not_picked":["Double Energy","Reprogram+1","Beam Cell+1"],"picked":"SKIP","floor":19},{"not_picked":["Go for the Eyes+1","Ball Lightning+1","Self Repair"],"picked":"SKIP","floor":20},{"not_picked":["Rebound+1","Self Repair"],"picked":"Gash+1","floor":22},{"not_picked":["Sweeping Beam+1","Ball Lightning+1","Core Surge+1"],"picked":"SKIP","floor":25}],"player_experience":497371,"relics_obtained":[{"floor":9.0,"key":"Molten Egg 2"},{"floor":26,"key":"StoneCalendar"}],"event_choices":[{"cards_removed":["Defend_B"],"damage_healed":0.0,"max_hp_gain":0.0,"max_hp_loss":0.0,"gold_gain":0.0,"event_name":"The Cleric","player_choice":"Card Removal","floor":5.0,"gold_loss":50.0,"damage_taken":0.0},{"damage_healed":0.0,"max_hp_gain":0.0,"max_hp_loss":0.0,"gold_gain":175.0,"event_name":"Liars Game","player_choice":"AGREE","floor":12.0,"gold_loss":0.0,"damage_taken":0.0,"cards_obtained":["Doubt"]},{"damage_healed":0.0,"max_hp_gain":0.0,"max_hp_loss":0.0,"gold_gain":0.0,"event_name":"Scrap Ooze","player_choice":"Success","floor":13.0,"gold_loss":0.0,"damage_taken":12.0,"relics_obtained":["Shuriken"]},{"damage_healed":0,"gold_gain":0,"player_choice":"Ignored","damage_taken":0,"max_hp_gain":0,"max_hp_loss":0,"event_name":"Ghosts","floor":24,"gold_loss":0},{"damage_healed":0,"gold_gain":0,"player_choice":"Ignored","damage_taken":0,"max_hp_gain":0,"max_hp_loss":0,"event_name":"Cursed Tome","floor":28,"gold_loss":0}],"is_beta":false,"boss_relics":[{"not_picked":["Calling Bell","Sozu"],"picked":"Lizard Tail"}],"items_purged_floors":[3,21],"is_endless":false,"potions_floor_spawned":[1,4,11,16],"killed_by":"Book of Stabbing","ascension_level":0}