{"gold_per_floor":[116,136,151,162,18,43,43,70,70,70,43,58,87,98,98,202,202,220,44,44,44,62,62,94,94,143,143,200,214,233,93,93,191,191,210,210,228,243,76,76,86,86,112,136,136,155,174,193,193,193],"floor_reached":51,"playtime":3809,"items_purged":["Strike_R","Strike_R"],"score":923,"play_id":"e8253be9-7170-449e-9880-40ad7ddaab5e","local_time":"20181002013354","is_ascension_mode":true,"campfire_choices":[{"data":"True Grit","floor":7.0,"key":"SMITH"},{"floor":10.0,"key":"REST"},{"floor":15.0,"key":"REST"},{"data":"Battle Trance","floor":23.0,"key":"SMITH"},{"floor":27.0,"key":"REST"},{"data":"Body Slam","floor":32.0,"key":"SMITH"},{"data":"Evolve","floor":40.0,"key":"SMITH"},{"data":"Madness","floor":42.0,"key":"SMITH"},{"floor":45.0,"key":"REST"},{"floor":49.0,"key":"REST"}],"neow_cost":"NONE","seed_source_timestamp":1756388679241330,"circlet_count":0,"master_deck":["Strike_R","Strike_R","Strike_R","Defend_R","Defend_R","Defend_R","Defend_R","Bash","Whirlwind","Body Slam+1","Spot Weakness","True Grit+1","Battle Trance+1","Iron Wave","Demon Form","Evolve+1","Double Tap","Apotheosis+1","Reaper","Madness+1","Madness","Feel No Pain"],"special_seed":0,"relics":["Burning Blood","Bag of Marbles","Lantern","Bottled Lightning","Turnip","Unceasing Top","Busted Crown","Charon\u0027s Ashes","Omamori","Tiny Chest","Mark of Pain","Bag of Preparation","Pen Nib"],"potions_floor_usage":[50,50],"damage_taken":[{"damage":3.0,"enemies":"Small Slimes","floor":1.0,"turns":3.0},{"damage":9.0,"enemies":"Jaw Worm","floor":2.0,"turns":3.0},{"damage":5.0,"enemies":"Cultist","floor":3.0,"turns":4.0},{"damage":2.0,"enemies":"Red Slaver","floor":4.0,"turns":2.0},{"damage":34.0,"enemies":"Gremlin Nob","floor":6.0,"turns":5.0},{"damage":36.0,"enemies":"Lagavulin","floor":8.0,"turns":7.0},{"damage":6.0,"enemies":"Looter","floor":12.0,"turns":3.0},{"damage":11.0,"enemies":"3 Sentries","floor":13.0,"turns":6.0},{"damage":0.0,"enemies":"Lots of Slimes","floor":14.0,"turns":1.0},{"damage":21.0,"enemies":"The Guardian","floor":16.0,"turns":10.0},{"damage":15.0,"enemies":"Spheric Guardian","floor":18.0,"turns":5.0},{"damage":3.0,"enemies":"Chosen","floor":22.0,"turns":4.0},{"damage":32.0,"enemies":"Book of Stabbing","floor":24.0,"turns":5.0},{"damage":3.0,"enemies":"Slavers","floor":28.0,"turns":4.0},{"damage":4.0,"enemies":"Centurion and Healer","floor":29.0,"turns":4.0},{"damage":4.0,"enemies":"Cultist and Chosen","floor":30.0,"turns":4.0},{"damage":18.0,"enemies":"Champ","floor":33.0,"turns":10.0},{"damage":0.0,"enemies":"Orb Walker","floor":35.0,"turns":1.0},{"damage":5.0,"enemies":"3 Darklings","floor":37.0,"turns":2.0},{"damage":23.0,"enemies":"Reptomancer","floor":38.0,"turns":7.0},{"damage":31.0,"enemies":"Spire Growth","floor":41.0,"turns":4.0},{"damage":17.0,"enemies":"Maw","floor":46.0,"turns":4.0},{"damage":42.0,"enemies":"Transient","floor":47.0,"turns":5.0},{"damage":25.0,"enemies":"Sphere and 2 Shapes","floor":48.0,"turns":4.0},{"damage":40,"enemies":"Donu and Deca","floor":50,"turns":6}],"seed_played":"-8147768005641605026","potions_obtained":[{"floor":1.0,"key":"Explosive Potion"},{"floor":3.0,"key":"Block Potion"},{"floor":12.0,"key":"SneckoOil"},{"floor":13.0,"key":"Strength Potion"},{"floor":16.0,"key":"Fire Potion"},{"floor":24.0,"key":"Weak Potion"},{"floor":28.0,"key":"Regen Potion"},{"floor":33.0,"key":"Strength Potion"},{"floor":35.0,"key":"AttackPotion"},{"floor":38.0,"key":"LiquidBronze"},{"floor":41.0,"key":"Regen Potion"},{"floor":48.0,"key":"SteroidPotion"}],"is_trial":false,"path_per_floor":["M","M","M","M","$","E","R","E","T","R","?","M","E","M","R","B",null,"M","$","?","?","M","R","E","$","T","R","E","M","M","$","R","B",null,"M","?","M","M","$","R","M","R","T","T","R","M","M","M","R","B"],"character_chosen":"IRONCLAD","items_purchased":["Battle Trance","Apotheosis","Reaper","Feel No Pain"],"campfire_rested":5,"item_purchase_floors":[5,19,31,39],"current_hp_per_floor":[75,72,73,77,77,49,49,19,19,43,43,43,38,44,68,53,73,64,64,64,64,67,67,41,41,41,65,68,79,80,80,80,80,80,80,70,80,79,79,79,54,54,54,54,78,80,44,52,76,76],"gold":193,"neow_bonus":"RANDOM_COMMON_RELIC","is_prod":false,"is_daily":false,"chose_seed":false,"campfire_upgraded":5,"win_rate":0,"timestamp":1538458434,"path_taken":["M","M","M","M","$","E","R","E","T","R","?","M","E","?","R","BOSS","M","$","?","?","M","R","E","$","T","R","E","M","?","?","R","BOSS","M","?","?","M","$","R","M","R","T","?","R","M","?","M","R","BOSS"],"build_version":"2018-09-27","purchased_purges":2,"victory":true,"max_hp_per_floor":[80,80,80,80,80,80,80,80,80,80,80,80,80,80,80,80,80,80,80,80,80,80,80,80,80,80,80,80,80,80,80,80,80,80,80,80,80,80,80,80,80,80,80,80,80,80,80,80,80,80],"card_choices":[{"not_picked":["Shockwave","Uppercut"],"picked":"Whirlwind","floor":1.0},{"not_picked":["Second Wind","Headbutt"],"picked":"Body Slam","floor":2.0},{"not_picked":["Flame Barrier","Ghostly Armor"],"picked":"Spot Weakness","floor":3.0},{"not_picked":["Flex","Body Slam"],"picked":"True Grit","floor":4.0},{"not_picked":["Battle Trance","Flex"],"picked":"Iron Wave","floor":6.0},{"not_picked":["Uppercut","Cleave","True Grit"],"picked":"SKIP","floor":8.0},{"not_picked":["Combust","Warcry","Reckless Charge"],"picked":"SKIP","floor":12.0},{"not_picked":["Sword Boomerang","Bloodletting"],"picked":"Demon Form","floor":13.0},{"not_picked":["Thunderclap","Bloodletting","Evolve"],"picked":"SKIP","floor":14.0},{"not_picked":["Thunderclap","Bloodletting"],"picked":"Evolve","floor":14.0},{"not_picked":["Exhume","Bludgeon"],"picked":"Double Tap","floor":16.0},{"not_picked":["Clothesline"],"picked":"SKIP","floor":18.0},{"not_picked":["Cleave"],"picked":"SKIP","floor":22.0},{"not_picked":["Berserk"],"picked":"SKIP","floor":24.0},{"not_picked":["Rupture"],"picked":"SKIP","floor":28.0},{"not_picked":["Headbutt"],"picked":"SKIP","floor":29.0},{"not_picked":["Wild Strike"],"picked":"SKIP","floor":30.0},{"not_picked":["Body Slam"],"picked":"SKIP","floor":35.0},{"not_picked":["Armaments+1"],"picked":"SKIP","floor":37.0},{"not_picked":["Sentinel+1"],"picked":"SKIP","floor":38.0},{"not_picked":["Dropkick"],"picked":"SKIP","floor":41.0},{"not_picked":["Flex"],"picked":"SKIP","floor":46.0},{"not_picked":["Evolve+1"],"picked":"SKIP","floor":47.0},{"not_picked":["Hemokinesis+1"],"picked":"SKIP","floor":48.0}],"player_experience":424865,"relics_obtained":[{"floor":6.0,"key":"Lantern"},{"floor":8.0,"key":"Bottled Lightning"},{"floor":9.0,"key":"Turnip"},{"floor":13.0,"key":"Unceasing Top"},{"floor":24.0,"key":"Charon\u0027s Ashes"},{"floor":26.0,"key":"Omamori"},{"floor":28.0,"key":"Tiny Chest"},{"floor":43.0,"key":"Bag of Preparation"},{"floor":44.0,"key":"Pen Nib"}],"event_choices":[{"event_name":"World of Goop","player_choice":"Left","floor":11.0,"damage_taken":0.0},{"event_name":"The Mausoleum","player_choice":"No","floor":20.0,"damage_taken":0.0},{"event_name":"Upgrade Shrine","player_choice":"Upgraded","floor":21.0,"damage_taken":0.0},{"event_name":"Winding Halls","player_choice":"Embrace Madness","floor":36.0,"damage_taken":0.0}],"is_beta":false,"boss_relics":[{"not_picked":["Tiny House","Astrolabe"],"picked":"Busted Crown"},{"not_picked":["Philosopher\u0027s Stone","White Beast Statue"],"picked":"Mark of Pain"}],"items_purged_floors":[5,39],"is_endless":false,"potions_floor_spawned":[1,3,12,13,16,24,28,33,35,38,41,48],"ascension_level":8}