{"gold_per_floor":[113,126,126,226,242,242,253,253,280,290,290,303,321,11,11,111,111,128,128,53,40,40,40,58,74,125,139,139,39,58,71,71,169,169,182,4,16,0,0,0,14,31,31,31,45,57,57,73,73,73],"floor_reached":51,"playtime":3470,"items_purged":["Strike_R+1","Strike_R+1","Strike_R+1"],"score":672,"play_id":"19c149ae-cd6c-4321-aa58-5bb8c4aa1cdc","local_time":"20190814154255","is_ascension_mode":false,"campfire_choices":[{"data":"Bash","floor":6.0,"key":"SMITH"},{"data":"Evolve","floor":8.0,"key":"SMITH"},{"data":"True Grit","floor":11.0,"key":"SMITH"},{"data":"Whirlwind","floor":15.0,"key":"SMITH"},{"data":"Hemokinesis","floor":23.0,"key":"SMITH"},{"data":"Power Through","floor":28.0,"key":"SMITH"},{"floor":32.0,"key":"REST"},{"data":"Rupture","floor":40.0,"key":"SMITH"},{"data":"Shrug It Off","floor":44.0,"key":"SMITH"},{"floor":47,"key":"REST"},{"floor":49,"key":"REST"}],"neow_cost":"NONE","seed_source_timestamp":0,"circlet_count":0,"master_deck":["Defend_R+1","Defend_R+1","Defend_R+1","Defend_R+1","Bash+1","Hemokinesis+1","Shrug It Off+1","Rupture+1","Whirlwind+1","Evolve+1","True Grit+1","Power Through+1","Shrug It Off+1","Warcry+1","Limit Break+1","Flex+1","Offering+1","Impervious+1","True Grit+1","Shrug It Off+1","Shrug It Off+1","Shrug It Off+1","Shrug It Off+1","Body Slam+1","Shrug It Off+1"],"special_seed":0,"relics":["Burning Blood","Red Skull","Toxic Egg 2","Eternal Feather","Pen Nib","Mark of Pain","Red Mask","Mummified Hand"],"potions_floor_usage":[45,50,50],"damage_taken":[{"damage":7.0,"enemies":"Jaw Worm","floor":1.0,"turns":3.0},{"damage":5.0,"enemies":"Small Slimes","floor":2.0,"turns":4.0},{"damage":3.0,"enemies":"Cultist","floor":5.0,"turns":3.0},{"damage":3.0,"enemies":"2 Fungi Beasts","floor":7.0,"turns":3.0},{"damage":36.0,"enemies":"Exordium Thugs","floor":10.0,"turns":7.0},{"damage":7.0,"enemies":"Blue Slaver","floor":12.0,"turns":5.0},{"damage":0.0,"enemies":"3 Louse","floor":13.0,"turns":2.0},{"damage":35.0,"enemies":"The Guardian","floor":16.0,"turns":13.0},{"damage":3.0,"enemies":"3 Byrds","floor":18.0,"turns":6.0},{"damage":27.0,"enemies":"2 Thieves","floor":21.0,"turns":5.0},{"damage":12.0,"enemies":"Cultist and Chosen","floor":24.0,"turns":8.0},{"damage":18.0,"enemies":"Shelled Parasite and Fungi","floor":25.0,"turns":8.0},{"damage":0.0,"enemies":"Snecko","floor":27.0,"turns":4.0},{"damage":9.0,"enemies":"Snake Plant","floor":30.0,"turns":3.0},{"damage":11.0,"enemies":"3 Cultists","floor":31.0,"turns":3.0},{"damage":37.0,"enemies":"Automaton","floor":33.0,"turns":10.0},{"damage":29.0,"enemies":"3 Darklings","floor":35.0,"turns":5.0},{"damage":8.0,"enemies":"Orb Walker","floor":37.0,"turns":4.0},{"damage":8.0,"enemies":"3 Darklings","floor":41.0,"turns":4.0},{"damage":36.0,"enemies":"Writhing Mass","floor":42.0,"turns":5.0},{"damage":10,"enemies":"Maw","floor":45,"turns":6},{"damage":6,"enemies":"4 Shapes","floor":46,"turns":2},{"damage":8,"enemies":"Writhing Mass","floor":48,"turns":4},{"damage":16,"enemies":"Awakened One","floor":50,"turns":15}],"seed_played":"2189198526474315002","potions_obtained":[{"floor":7.0,"key":"SpeedPotion"},{"floor":10.0,"key":"AttackPotion"},{"floor":12.0,"key":"Regen Potion"},{"floor":16.0,"key":"BloodPotion"},{"floor":18.0,"key":"Swift Potion"},{"floor":24.0,"key":"Energy Potion"},{"floor":33.0,"key":"Explosive Potion"},{"floor":35.0,"key":"Ancient Potion"},{"floor":41.0,"key":"Poison Potion"},{"floor":42.0,"key":"Poison Potion"}],"is_trial":false,"path_per_floor":["M","M","?","?","M","R","M","R","T","M","R","M","M","$","R","B",null,"M","?","$","M","?","R","M","M","T","M","R","$","M","M","R","B",null,"M","$","M","?","?","R","M","M","T","R","M","M","R","M","R","B",null],"character_chosen":"IRONCLAD","items_purchased":["Toxic Egg 2","Shrug It Off+1","Warcry+1","Shrug It Off+1"],"campfire_rested":3,"item_purchase_floors":[14,14,14,36],"current_hp_per_floor":[79,80,73,73,76,76,79,79,79,49,49,48,54,54,54,40,80,80,80,80,59,44,53,47,35,35,41,50,50,47,42,76,45,85,62,62,81,81,81,81,79,49,49,61,57,57,81,79,81,71],"gold":73,"neow_bonus":"TRANSFORM_CARD","is_prod":false,"is_daily":false,"chose_seed":false,"campfire_upgraded":8,"win_rate":0,"timestamp":1565811775,"path_taken":["M","M","?","?","M","R","M","R","T","M","R","M","?","$","R","BOSS","M","?","?","M","?","R","M","M","T","M","R","$","M","M","R","BOSS","M","$","M","?","?","R","M","M","T","R","M","M","R","M","R","BOSS"],"build_version":"2019-07-17","purchased_purges":3,"victory":true,"max_hp_per_floor":[80,80,80,80,80,80,80,80,80,80,80,80,80,80,80,80,80,80,80,80,80,85,85,85,85,85,85,85,85,85,85,85,85,85,85,85,85,85,81,81,81,81,81,81,81,81,81,81,81,81],"card_choices":[{"not_picked":["Clash","Shockwave"],"picked":"Shrug It Off","floor":1.0},{"not_picked":["Wild Strike","Clash"],"picked":"Rupture","floor":2.0},{"not_picked":["Thunderclap","Battle Trance"],"picked":"Whirlwind","floor":5.0},{"not_picked":["Shockwave","Armaments"],"picked":"Evolve","floor":7.0},{"not_picked":["Seeing Red","Hemokinesis"],"picked":"True Grit","floor":10.0},{"not_picked":["Intimidate","Entrench"],"picked":"Power Through","floor":12.0},{"not_picked":["Pommel Strike","Wild Strike","Clothesline"],"picked":"SKIP","floor":13.0},{"not_picked":["Barricade","Double Tap+1"],"picked":"Limit Break+1","floor":16.0},{"not_picked":["Reckless Charge","Warcry+1"],"picked":"Flex+1","floor":18.0},{"not_picked":["Flex+1","Sword Boomerang","Dual Wield+1"],"picked":"SKIP","floor":21.0},{"not_picked":["Seeing Red+1","Perfected Strike+1"],"picked":"Offering+1","floor":24.0},{"not_picked":["Searing Blow","Shockwave+1","Feel No Pain"],"picked":"SKIP","floor":25.0},{"not_picked":["Clash+1","Iron Wave","Cleave"],"picked":"SKIP","floor":27.0},{"not_picked":["Havoc+1","Clothesline","Headbutt"],"picked":"SKIP","floor":30.0},{"not_picked":["Havoc+1","Clothesline","Headbutt"],"picked":"SKIP","floor":30.0},{"not_picked":["Thunderclap","Perfected Strike","Rupture+1"],"picked":"SKIP","floor":31.0},{"not_picked":["Barricade","Double Tap+1"],"picked":"Impervious+1","floor":33.0},{"not_picked":["Dropkick+1","Flex+1"],"picked":"True Grit+1","floor":35.0},{"not_picked":["Cleave+1","Uppercut"],"picked":"Shrug It Off+1","floor":37.0},{"not_picked":["Havoc+1","Pummel+1"],"picked":"Shrug It Off+1","floor":41.0},{"not_picked":["Searing Blow","Armaments+1"],"picked":"Shrug It Off+1","floor":42.0},{"not_picked":["Burning Pact+1","Searing Blow+1"],"picked":"Body Slam+1","floor":45},{"not_picked":["Body Slam+1","Whirlwind+1"],"picked":"Shrug It Off+1","floor":46},{"not_picked":["Anger","Thunderclap+1","Limit Break+1"],"picked":"SKIP","floor":48}],"player_experience":976873,"relics_obtained":[{"floor":9.0,"key":"Red Skull"},{"floor":26.0,"key":"Pen Nib"},{"floor":43.0,"key":"Mummified Hand"}],"event_choices":[{"cards_removed":["Strike_R"],"damage_healed":0.0,"max_hp_gain":0.0,"max_hp_loss":0.0,"gold_gain":0.0,"event_name":"Golden Wing","player_choice":"Card Removal","floor":3.0,"gold_loss":0.0,"damage_taken":7.0},{"damage_healed":0.0,"max_hp_gain":0.0,"max_hp_loss":0.0,"gold_gain":100.0,"event_name":"Golden Shrine","player_choice":"Pray","floor":4.0,"gold_loss":0.0,"damage_taken":0.0},{"damage_healed":0.0,"max_hp_gain":0.0,"max_hp_loss":0.0,"gold_gain":0.0,"event_name":"Back to Basics","player_choice":"Simplicity","floor":19.0,"gold_loss":0.0,"damage_taken":0.0,"cards_upgraded":["Strike_R","Strike_R","Strike_R","Defend_R","Defend_R","Defend_R","Defend_R"]},{"damage_healed":0.0,"max_hp_gain":5.0,"max_hp_loss":0.0,"gold_gain":0.0,"event_name":"Forgotten Altar","player_choice":"Shed Blood","floor":22.0,"gold_loss":0.0,"damage_taken":20.0},{"damage_healed":0.0,"max_hp_gain":0.0,"max_hp_loss":0.0,"gold_gain":0.0,"event_name":"Tomb of Lord Red Mask","player_choice":"Paid","floor":38.0,"gold_loss":16.0,"damage_taken":0.0,"relics_obtained":["Red Mask"]},{"damage_healed":0.0,"max_hp_gain":0.0,"max_hp_loss":4.0,"gold_gain":0.0,"event_name":"Winding Halls","player_choice":"Max HP","floor":39.0,"gold_loss":0.0,"damage_taken":0.0}],"is_beta":false,"boss_relics":[{"not_picked":["Runic Pyramid","Calling Bell"],"picked":"Eternal Feather"},{"not_picked":["Cursed Key","Coffee Dripper"],"picked":"Mark of Pain"}],"items_purged_floors":[20,29,36],"is_endless":false,"potions_floor_spawned":[7,10,12,16,18,24,33,35,41,42],"ascension_level":0}