{"gold_per_floor":[12,22,40,16,31,57,68,68,68,20,31,31,31,31,31,135,135,145,155,168,168,187,187,187],"floor_reached":24,"playtime":1231,"items_purged":[],"score":255,"play_id":"5f6f2034-e741-42cf-98eb-3c807dad7a2b","local_time":"20190719182859","is_ascension_mode":true,"campfire_choices":[{"floor":8,"key":"REST"},{"data":"Chaos","floor":12,"key":"SMITH"},{"data":"Zap","floor":15,"key":"SMITH"},{"data":"Buffer","floor":23,"key":"SMITH"}],"neow_cost":"NO_GOLD","seed_source_timestamp":351542427537994,"circlet_count":0,"master_deck":["Strike_B","Strike_B","Strike_B","Strike_B","Defend_B","Defend_B","Defend_B","Defend_B","Zap+1","Dualcast","Go for the Eyes","Chaos+1","White Noise","Hologram","Buffer+1","Buffer","Chill","Heatsinks","Electrodynamics","Storm","Cold Snap+1","Conserve Battery","Compile Driver"],"special_seed":0,"relics":["Cracked Core","Blue Candle","Bottled Lightning","Velvet Choker"],"potions_floor_usage":[7,16,16,19,20],"damage_taken":[{"damage":1.0,"enemies":"Cultist","floor":1.0,"turns":4.0},{"damage":0.0,"enemies":"2 Louse","floor":2.0,"turns":2.0},{"damage":0.0,"enemies":"Jaw Worm","floor":3.0,"turns":4.0},{"damage":17.0,"enemies":"Exordium Wildlife","floor":5.0,"turns":6.0},{"damage":62,"enemies":"Gremlin Nob","floor":6,"turns":7},{"damage":5,"enemies":"Lots of Slimes","floor":7,"turns":6},{"damage":1,"enemies":"Looter","floor":11,"turns":4},{"damage":13,"enemies":"Hexaghost","floor":16,"turns":9},{"damage":17,"enemies":"2 Thieves","floor":18,"turns":3},{"damage":9,"enemies":"Shell Parasite","floor":19,"turns":5},{"damage":11,"enemies":"Centurion and Healer","floor":20,"turns":8},{"damage":23,"enemies":"Snake Plant","floor":22,"turns":4},{"damage":26,"enemies":"Book of Stabbing","floor":24,"turns":6}],"seed_played":"3433008130414451320","potions_obtained":[{"floor":5.0,"key":"SkillPotion"},{"floor":6,"key":"GamblersBrew"},{"floor":11,"key":"PowerPotion"},{"floor":16,"key":"Fire Potion"},{"floor":18,"key":"Swift Potion"}],"is_trial":false,"path_per_floor":["M","M","M","$","M","E","M","R","T","$","M","R","?","$","R","B",null,"M","M","M","?","M","R","E"],"character_chosen":"DEFECT","items_purchased":["Hologram","PowerPotion"],"campfire_rested":1,"item_purchase_floors":[4,10],"current_hp_per_floor":[88,88,88,88,71,9,4,30,30,30,29,29,34,34,34,21,94,77,68,57,48,25,25,0],"gold":187,"neow_bonus":"TWENTY_PERCENT_HP_BONUS","is_prod":false,"is_daily":false,"chose_seed":false,"campfire_upgraded":3,"win_rate":1,"timestamp":1563575339,"path_taken":["M","M","M","?","M","E","M","R","T","?","M","R","?","?","R","BOSS","M","M","M","?","M","R","E"],"build_version":"2019-07-17","purchased_purges":0,"victory":false,"max_hp_per_floor":[89,89,89,89,89,89,89,89,89,89,89,89,94,94,94,94,94,94,94,94,94,94,94,94],"card_choices":[{"not_picked":["Conserve Battery","Barrage"],"picked":"Go for the Eyes","floor":1.0},{"not_picked":["Gash","Skim"],"picked":"Chaos","floor":2.0},{"not_picked":["Gash","Blizzard"],"picked":"White Noise","floor":3.0},{"not_picked":["FTL","Rebound"],"picked":"Buffer","floor":5.0},{"not_picked":["Rebound","Hello World"],"picked":"Buffer","floor":6},{"not_picked":["Hologram","White Noise"],"picked":"Chill","floor":7},{"not_picked":["Scrape","Hello World"],"picked":"Heatsinks","floor":11},{"not_picked":["All For One","Hyperbeam"],"picked":"Electrodynamics","floor":16},{"not_picked":["Stack","Hologram"],"picked":"Storm","floor":18},{"not_picked":["FTL","Stack"],"picked":"Cold Snap+1","floor":19},{"not_picked":["Gash","Hologram"],"picked":"Conserve Battery","floor":20},{"not_picked":["Conserve Battery","Gash+1"],"picked":"Compile Driver","floor":22}],"player_experience":655563,"relics_obtained":[{"floor":6,"key":"Blue Candle"},{"floor":9,"key":"Bottled Lightning"}],"event_choices":[{"damage_healed":0,"gold_gain":0,"player_choice":"Donut","damage_taken":0,"max_hp_gain":5,"max_hp_loss":0,"event_name":"Big Fish","floor":13,"gold_loss":0},{"damage_healed":0,"gold_gain":0,"player_choice":"","damage_taken":9,"max_hp_gain":0,"max_hp_loss":0,"event_name":"Knowing Skull","floor":21,"potions_obtained":[],"gold_loss":0,"cards_obtained":[]}],"is_beta":false,"boss_relics":[{"not_picked":["Fusion Hammer","Runic Dome"],"picked":"Velvet Choker"}],"items_purged_floors":[],"is_endless":false,"potions_floor_spawned":[5,6,11,16,18],"killed_by":"Book of Stabbing","ascension_level":3}