{"gold_per_floor":[111,36,47,147,222,222,248,248,248,62,72,82,98,98,98,197,197,212,212,18,18,18,18,18],"floor_reached":24,"playtime":1602,"items_purged":["Strike_B","Strike_B","Strike_B"],"score":288,"play_id":"ac23c0b9-4599-4edc-9e4b-2ceb73ec8227","local_time":"20181014115638","is_ascension_mode":true,"campfire_choices":[{"data":"Genetic Algorithm","floor":6,"key":"SMITH"},{"data":"Fusion","floor":8,"key":"SMITH"},{"floor":15,"key":"REST"},{"data":"Fission","floor":23,"key":"SMITH"}],"neow_cost":"NONE","seed_source_timestamp":89460697069764,"circlet_count":0,"master_deck":["Defend_B","Defend_B","Defend_B","Defend_B","Zap","Dualcast+1","AscendersBane","Beam Cell","Genetic Algorithm+1","Fusion+1","Gash","Reinforced Body+1","Sweeping Beam","Fission+1","Gash+1","Self Repair+1"],"relics":["Cracked Core","Kunai","Cursed Key","Frozen Egg 2","Nloth\u0027s Gift"],"potions_floor_usage":[7,12,16],"damage_taken":[{"damage":0,"enemies":"Small Slimes","floor":1,"turns":3},{"damage":0,"enemies":"Cultist","floor":3,"turns":3},{"damage":27,"enemies":"Gremlin Nob","floor":7,"turns":4},{"damage":3,"enemies":"2 Louse","floor":11,"turns":3},{"damage":4,"enemies":"Exordium Wildlife","floor":12,"turns":4},{"damage":5,"enemies":"2 Fungi Beasts","floor":13,"turns":5},{"damage":28,"enemies":"The Guardian","floor":16,"turns":14},{"damage":21,"enemies":"Shell Parasite","floor":18,"turns":10},{"damage":52,"enemies":"Spheric Guardian","floor":24,"turns":7}],"seed_played":"-8806866890573552963","potions_obtained":[{"floor":3,"key":"AttackPotion"},{"floor":11,"key":"Regen Potion"},{"floor":12,"key":"Energy Potion"},{"floor":18,"key":"SpeedPotion"}],"is_trial":false,"path_per_floor":["M","$","M","?","?","R","E","R","T","$","M","M","M","?","R","B",null,"M","?","$","$","?","R"],"character_chosen":"DEFECT","items_purchased":["Gash","Reinforced Body","Self Repair+1"],"campfire_rested":1,"item_purchase_floors":[10,10,20],"current_hp_per_floor":[68,68,68,68,57,57,37,37,37,37,34,42,37,21,45,17,66,45,45,45,45,45,45,0],"gold":18,"neow_bonus":"REMOVE_CARD","is_prod":false,"is_daily":false,"chose_seed":false,"campfire_upgraded":3,"win_rate":0,"timestamp":1539532598,"path_taken":["M","$","M","?","?","R","E","R","T","$","M","M","M","?","R","BOSS","M","?","?","$","?","R","?"],"build_version":"2018-10-11","purchased_purges":3,"victory":false,"max_hp_per_floor":[75,75,75,75,75,75,82,82,82,82,82,82,82,82,82,82,82,82,82,82,82,82,82,82],"card_choices":[{"not_picked":["Rebound","Compile Driver"],"picked":"Beam Cell","floor":1},{"not_picked":["White Noise","Go for the Eyes"],"picked":"Genetic Algorithm","floor":3},{"not_picked":["FTL","Coolheaded"],"picked":"Fusion","floor":7},{"not_picked":["Chaos","Heatsinks","Steam"],"picked":"SKIP","floor":11},{"not_picked":["Fusion","Storm"],"picked":"Sweeping Beam","floor":12},{"not_picked":["Streamline","Sweeping Beam","Steam"],"picked":"SKIP","floor":13},{"not_picked":["Biased Cognition","Buffer"],"picked":"Fission","floor":16},{"not_picked":["Streamline","Barrage+1"],"picked":"Gash+1","floor":18}],"player_experience":490483,"relics_obtained":[{"floor":7,"key":"Strawberry"},{"floor":9,"key":"Kunai"}],"event_choices":[{"event_name":"Golden Shrine","player_choice":"Pray","floor":4,"damage_taken":0},{"event_name":"World of Goop","player_choice":"Gather Gold","floor":5,"damage_taken":0},{"event_name":"Shining Light","player_choice":"Entered Light","floor":14,"damage_taken":0},{"event_name":"WeMeetAgain","player_choice":"Potion","floor":19,"damage_taken":0},{"event_name":"N\u0027loth","player_choice":"Traded a Strawberry","floor":22,"damage_taken":0}],"is_beta":false,"boss_relics":[{"not_picked":["Ectoplasm","Snecko Eye"],"picked":"Cursed Key"}],"items_purged_floors":[2,10,20],"is_endless":false,"potions_floor_spawned":[3,11,12,18],"killed_by":"Spheric Guardian","ascension_level":10}