{"gold_per_floor":[114,39,58,58,233,233,266,266,289,289,289,49,124,136,136,231,231,242,72,52,52,63,63,88,88,88,117,117],"floor_reached":28,"playtime":1886,"items_purged":["Strike_G","Strike_G"],"score":275,"play_id":"feda4984-8487-4288-ae32-f5389055b72d","local_time":"20190307212736","is_ascension_mode":true,"campfire_choices":[{"data":"Bouncing Flask","floor":6.0,"key":"SMITH"},{"data":"Neutralize","floor":8.0,"key":"SMITH"},{"data":"Survivor","floor":10.0,"key":"SMITH"},{"floor":15.0,"key":"REST"},{"data":"Noxious Fumes","floor":23,"key":"SMITH"}],"neow_cost":"NONE","seed_source_timestamp":0,"circlet_count":0,"master_deck":["Defend_G","Defend_G","Defend_G","Defend_G","Strike_G","Strike_G","Survivor+1","Neutralize+1","Bouncing Flask+1","Acrobatics","Escape Plan","Die Die Die","Noxious Fumes+1","Deadly Poison","Discovery"],"special_seed":0,"relics":["Ring of the Snake","The Specimen","Strawberry","Paper Crane","Empty Cage","Bottled Flame","Ice Cream","Orichalcum"],"potions_floor_usage":[22,24,27,27,27,27,28],"damage_taken":[{"damage":0.0,"enemies":"2 Louse","floor":1.0,"turns":3.0},{"damage":4.0,"enemies":"Jaw Worm","floor":3.0,"turns":3.0},{"damage":3.0,"enemies":"Lagavulin","floor":7.0,"turns":7.0},{"damage":0.0,"enemies":"Cultist","floor":14.0,"turns":3.0},{"damage":72.0,"enemies":"Slime Boss","floor":16.0,"turns":9.0},{"damage":4.0,"enemies":"Spheric Guardian","floor":18.0,"turns":5.0},{"damage":24,"enemies":"2 Thieves","floor":22,"turns":4},{"damage":1,"enemies":"Book of Stabbing","floor":24,"turns":5},{"damage":61,"enemies":"Slavers","floor":27,"turns":6},{"damage":8,"enemies":"Shelled Parasite and Fungi","floor":28,"turns":2}],"seed_played":"5311513695994268896","potions_obtained":[{"floor":0.0,"key":"Fire Potion"},{"floor":0.0,"key":"FairyPotion"},{"floor":0.0,"key":"Swift Potion"},{"floor":1.0,"key":"Weak Potion"},{"floor":20.0,"key":"EntropicBrew"},{"floor":22,"key":"Weak Potion"},{"floor":24,"key":"FearPotion"}],"is_trial":false,"path_per_floor":["M","$","M","?","?","R","E","R","T","R","?","$","?","M","R","B",null,"M","$","?","$","M","R","E","?","T","E","M"],"character_chosen":"THE_SILENT","items_purchased":["Paper Crane","Noxious Fumes"],"campfire_rested":1,"item_purchase_floors":[12,19],"current_hp_per_floor":[70,70,66,59,59,59,56,56,63,63,68,68,57,57,81,9,82,78,78,78,78,54,54,53,53,53,8,0],"gold":117,"neow_bonus":"THREE_SMALL_POTIONS","is_prod":false,"is_daily":false,"chose_seed":false,"campfire_upgraded":4,"win_rate":0,"timestamp":1552022856,"path_taken":["M","$","M","?","?","R","E","R","T","R","?","$","?","M","R","BOSS","M","$","?","$","?","R","E","?","T","E","M"],"build_version":"2019-01-23","purchased_purges":2,"victory":false,"max_hp_per_floor":[70,70,70,70,70,70,70,70,77,77,82,82,82,82,82,82,82,82,82,82,82,82,82,82,82,82,82,82],"card_choices":[{"not_picked":["Dagger Throw","Slice"],"picked":"Bouncing Flask","floor":1.0},{"not_picked":["Cloak And Dagger","Riddle With Holes"],"picked":"Acrobatics","floor":3.0},{"not_picked":["Poisoned Stab","Envenom"],"picked":"Escape Plan","floor":7.0},{"not_picked":["Riddle With Holes","Flying Knee","Blade Dance"],"picked":"SKIP","floor":14.0},{"not_picked":["Night Terror","Grand Finale"],"picked":"Die Die Die","floor":16.0},{"not_picked":["Calculated Gamble","Dagger Spray","Backflip+1"],"picked":"SKIP","floor":18.0},{"not_picked":["Escape Plan","Flechettes+1"],"picked":"Deadly Poison","floor":22},{"not_picked":["Blade Dance","All Out Attack+1","Deadly Poison"],"picked":"SKIP","floor":24},{"not_picked":["Terror+1","Riddle With Holes","Masterful Stab"],"picked":"SKIP","floor":27}],"player_experience":105750,"relics_obtained":[{"floor":7.0,"key":"The Specimen"},{"floor":9.0,"key":"Strawberry"},{"floor":24,"key":"Bottled Flame"},{"floor":26,"key":"Ice Cream"},{"floor":27,"key":"Orichalcum"}],"event_choices":[{"cards_removed":["Strike_G"],"damage_healed":0.0,"max_hp_gain":0.0,"max_hp_loss":0.0,"gold_gain":0.0,"event_name":"Golden Wing","player_choice":"Card Removal","floor":4.0,"gold_loss":0.0,"damage_taken":7.0},{"damage_healed":0.0,"max_hp_gain":0.0,"max_hp_loss":0.0,"gold_gain":175.0,"event_name":"Liars Game","player_choice":"AGREE","floor":5.0,"gold_loss":0.0,"damage_taken":0.0,"cards_obtained":["Doubt"]},{"damage_healed":0.0,"max_hp_gain":5.0,"max_hp_loss":0.0,"gold_gain":0.0,"event_name":"Big Fish","player_choice":"Donut","floor":11.0,"gold_loss":0.0,"damage_taken":0.0},{"damage_healed":0.0,"max_hp_gain":0.0,"max_hp_loss":0.0,"gold_gain":75.0,"event_name":"World of Goop","player_choice":"Gather Gold","floor":13.0,"gold_loss":0.0,"damage_taken":11.0},{"damage_healed":0.0,"max_hp_gain":0.0,"max_hp_loss":0.0,"gold_gain":0.0,"event_name":"The Woman in Blue","player_choice":"Bought 1 Potion","floor":20.0,"gold_loss":0.0,"damage_taken":0.0},{"damage_healed":0,"gold_gain":0,"player_choice":"1 cards matched","damage_taken":0,"max_hp_gain":0,"max_hp_loss":0,"event_name":"Match and Keep!","floor":25,"gold_loss":0,"cards_obtained":["Discovery"]}],"is_beta":false,"boss_relics":[{"not_picked":["Calling Bell","White Beast Statue"],"picked":"Empty Cage"}],"items_purged_floors":[2,19],"is_endless":false,"potions_floor_spawned":[1,7,22,24],"killed_by":"Shelled Parasite and Fungi","ascension_level":2}