{"gold_per_floor":[117,131,148,148,168,182,182,222,249,55,88,88,38,38,38,166,166,186,207,221,221,146,146,180,180,180,223,248,42,42,141,141,265,265,283,303,303,303,326,357,357,390,390,723,281,5,5,20,20,20],"floor_reached":51,"playtime":4039,"items_purged":["Strike_G","Strike_G","Defend_G"],"score":1031,"play_id":"47220d8e-0b87-42bd-b4a5-a8f471d65064","local_time":"20190711124113","is_ascension_mode":true,"campfire_choices":[{"data":"Neutralize","floor":7.0,"key":"SMITH"},{"floor":12.0,"key":"REST"},{"floor":15.0,"key":"REST"},{"floor":23,"key":"REST"},{"data":"After Image","floor":25,"key":"SMITH"},{"data":"Malaise","floor":32,"key":"SMITH"},{"data":"Accuracy","floor":41,"key":"SMITH"},{"data":"Infinite Blades","floor":47,"key":"SMITH"},{"floor":49,"key":"REST"}],"neow_cost":"NONE","seed_source_timestamp":0,"circlet_count":0,"master_deck":["Defend_G","Defend_G","Survivor","Neutralize+1","Poisoned Stab","Cloak And Dagger","Bane","All Out Attack","Bane","Tactician","Catalyst","Caltrops","Heel Hook","Malaise+1","Dagger Throw+1","Glass Knife+1","Escape Plan+1","Quick Slash+1","Poisoned Stab","Ghostly","Ghostly","Ghostly","Ghostly","Ghostly","After Image+1","Storm of Steel+1","Infinite Blades+1","Escape Plan+1","Accuracy+1","Cloak And Dagger+1","Cloak And Dagger+1","Adrenaline+1","Endless Agony+1","Parasite","Cloak And Dagger+1"],"special_seed":0,"relics":["Philosopher\u0027s Stone","Mercury Hourglass","Art of War","Bag of Marbles","Potion Belt","Astrolabe","Boot","Dead Branch","Toxic Egg 2","WristBlade","Mummified Hand","Bottled Tornado","Question Card","Pear","HandDrill","Happy Flower"],"potions_floor_usage":[27,27,33,33,40,42],"damage_taken":[{"damage":5.0,"enemies":"2 Louse","floor":1.0,"turns":3.0},{"damage":0.0,"enemies":"Small Slimes","floor":2.0,"turns":3.0},{"damage":1.0,"enemies":"Jaw Worm","floor":3.0,"turns":4.0},{"damage":0.0,"enemies":"Looter","floor":5.0,"turns":4.0},{"damage":0.0,"enemies":"Large Slime","floor":6.0,"turns":5.0},{"damage":40.0,"enemies":"Lagavulin","floor":8.0,"turns":7.0},{"damage":10.0,"enemies":"3 Sentries","floor":11.0,"turns":5.0},{"damage":39.0,"enemies":"Slime Boss","floor":16.0,"turns":9.0},{"damage":3,"enemies":"Chosen","floor":18,"turns":4},{"damage":31,"enemies":"3 Byrds","floor":19,"turns":2},{"damage":16,"enemies":"Snecko","floor":20,"turns":5},{"damage":0,"enemies":"Book of Stabbing","floor":24,"turns":5},{"damage":0,"enemies":"Gremlin Leader","floor":27,"turns":4},{"damage":0,"enemies":"Centurion and Healer","floor":28,"turns":4},{"damage":23,"enemies":"Champ","floor":33,"turns":9},{"damage":0,"enemies":"3 Darklings","floor":35,"turns":4},{"damage":0,"enemies":"Orb Walker","floor":36,"turns":3},{"damage":0,"enemies":"Sphere and 2 Shapes","floor":39,"turns":3},{"damage":8,"enemies":"Giant Head","floor":40,"turns":8},{"damage":0,"enemies":"Nemesis","floor":42,"turns":5},{"damage":21,"enemies":"Writhing Mass","floor":48,"turns":4},{"damage":12,"enemies":"Time Eater","floor":50,"turns":10}],"seed_played":"2208440321431691817","potions_obtained":[{"floor":1.0,"key":"Swift Potion"},{"floor":2.0,"key":"SmokeBomb"},{"floor":6.0,"key":"GamblersBrew"},{"floor":8.0,"key":"Energy Potion"},{"floor":11.0,"key":"FairyPotion"},{"floor":19,"key":"GamblersBrew"},{"floor":24,"key":"Explosive Potion"},{"floor":27,"key":"Ancient Potion"},{"floor":39,"key":"Energy Potion"},{"floor":40,"key":"Poison Potion"},{"floor":48,"key":"SmokeBomb"}],"is_trial":false,"path_per_floor":["M","M","M","?","M","M","R","E","T","$","E","R","?","?","R","B",null,"M","M","M","?","?","R","E","R","T","E","M","$","$","?","R","B",null,"M","M","?","?","M","E","R","E","T","?","$","$","R","M","R","B",null],"character_chosen":"THE_SILENT","items_purchased":["Catalyst","Caltrops","Infinite Blades","Escape Plan+1","Pear","HandDrill","Happy Flower"],"campfire_rested":4,"item_purchase_floors":[10,10,29,29,45,45,46],"current_hp_per_floor":[65,65,64,64,64,64,64,24,24,24,14,33,33,21,40,1,65,62,31,15,15,15,24,24,24,24,24,24,24,24,24,24,1,32,32,32,32,32,32,24,24,24,24,24,34,34,34,13,25,13],"gold":20,"neow_bonus":"BOSS_RELIC","is_prod":false,"is_daily":false,"chose_seed":false,"campfire_upgraded":5,"win_rate":0,"timestamp":1562874073,"path_taken":["M","M","M","?","M","M","R","E","T","$","E","R","?","?","R","BOSS","M","M","M","?","?","R","E","R","T","E","M","?","$","?","R","BOSS","M","M","?","?","M","E","R","E","T","?","?","$","R","M","R","BOSS"],"build_version":"2019-07-05","purchased_purges":3,"victory":true,"max_hp_per_floor":[70,70,70,65,65,65,65,65,65,65,65,65,65,65,65,65,65,65,65,65,32,32,32,32,32,32,32,32,32,32,32,32,32,32,32,32,32,32,32,32,32,32,32,32,42,42,42,42,42,42],"card_choices":[{"not_picked":["Well Laid Plans","Bane"],"picked":"Poisoned Stab","floor":1.0},{"not_picked":["Slice","Accuracy"],"picked":"Cloak And Dagger","floor":2.0},{"not_picked":["Underhanded Strike","Cloak And Dagger"],"picked":"Bane","floor":3.0},{"not_picked":["PiercingWail","Reflex"],"picked":"All Out Attack","floor":5.0},{"not_picked":["Dagger Throw","All Out Attack"],"picked":"Bane","floor":6.0},{"not_picked":["Burst","Slice"],"picked":"Tactician","floor":8.0},{"not_picked":["Choke","Tactician"],"picked":"Heel Hook","floor":11.0},{"not_picked":["Storm of Steel","Phantasmal Killer"],"picked":"Malaise","floor":16.0},{"not_picked":["Backflip+1","Deflect"],"picked":"Escape Plan+1","floor":18},{"not_picked":["Acrobatics","Blade Dance"],"picked":"Quick Slash+1","floor":19},{"not_picked":["Deflect+1","Heel Hook"],"picked":"Poisoned Stab","floor":20},{"not_picked":["Wraith Form v2","Riddle With Holes"],"picked":"After Image","floor":24},{"not_picked":["Backflip","Flying Knee"],"picked":"Storm of Steel","floor":27},{"not_picked":["PiercingWail+1","Skewer","Expertise+1"],"picked":"SKIP","floor":28},{"not_picked":["Expertise+1","Dagger Spray"],"picked":"Accuracy","floor":35},{"not_picked":["Dodge and Roll+1","Slice+1"],"picked":"Cloak And Dagger+1","floor":36},{"not_picked":["Blade Dance+1","Sucker Punch"],"picked":"Cloak And Dagger+1","floor":39},{"not_picked":["Reflex+1","Dagger Spray+1"],"picked":"Adrenaline+1","floor":40},{"not_picked":["Backflip+1","Quick Slash"],"picked":"Endless Agony+1","floor":42},{"not_picked":["Underhanded Strike","Catalyst+1","Slice"],"picked":"Cloak And Dagger+1","floor":48}],"player_experience":255629,"relics_obtained":[{"floor":8.0,"key":"Mercury Hourglass"},{"floor":9.0,"key":"Art of War"},{"floor":11.0,"key":"Bag of Marbles"},{"floor":24,"key":"Boot"},{"floor":26,"key":"Dead Branch"},{"floor":27,"key":"Toxic Egg 2"},{"floor":40,"key":"Mummified Hand"},{"floor":42,"key":"Bottled Tornado"},{"floor":43,"key":"Question Card"}],"event_choices":[{"damage_healed":0.0,"max_hp_gain":0.0,"max_hp_loss":5.0,"gold_gain":0.0,"event_name":"Golden Idol","player_choice":"Lose Max HP","floor":4.0,"gold_loss":0.0,"damage_taken":0.0,"relics_obtained":["Golden Idol"]},{"cards_removed":["Strike_G"],"damage_healed":0.0,"max_hp_gain":0.0,"max_hp_loss":0.0,"gold_gain":0.0,"event_name":"The Cleric","player_choice":"Card Removal","floor":13.0,"gold_loss":50.0,"damage_taken":0.0},{"damage_healed":0.0,"max_hp_gain":0.0,"max_hp_loss":0.0,"gold_gain":0.0,"event_name":"Scrap Ooze","player_choice":"Success","floor":14.0,"gold_loss":0.0,"damage_taken":12.0,"relics_obtained":["Potion Belt"]},{"damage_healed":0,"gold_gain":0,"player_choice":"Became a Ghost","damage_taken":0,"max_hp_gain":0,"max_hp_loss":33,"event_name":"Ghosts","floor":21,"gold_loss":0,"cards_obtained":["Ghostly","Ghostly","Ghostly","Ghostly","Ghostly"]},{"cards_removed":["Defend_G"],"damage_healed":0,"gold_gain":0,"player_choice":"Gave Gold","damage_taken":0,"max_hp_gain":0,"max_hp_loss":0,"event_name":"Beggar","floor":22,"gold_loss":75},{"damage_healed":0,"gold_gain":99,"player_choice":"Stole From Cult","damage_taken":0,"max_hp_gain":0,"max_hp_loss":0,"event_name":"Nest","floor":31,"gold_loss":0},{"cards_removed":["Well Laid Plans"],"damage_healed":0,"gold_gain":0,"player_choice":"Removed Power","damage_taken":0,"max_hp_gain":0,"max_hp_loss":0,"event_name":"Falling","floor":37,"gold_loss":0},{"damage_healed":0,"gold_gain":0,"player_choice":"Ignored","damage_taken":0,"max_hp_gain":0,"max_hp_loss":0,"event_name":"Tomb of Lord Red Mask","floor":38,"gold_loss":0},{"damage_healed":0,"gold_gain":333,"player_choice":"Gave Idol","damage_taken":0,"max_hp_gain":0,"max_hp_loss":0,"event_name":"The Moai Head","floor":44,"relics_lost":["Golden Idol"],"gold_loss":0}],"is_beta":false,"boss_relics":[{"not_picked":["Fusion Hammer","Pandora\u0027s Box"],"picked":"Astrolabe"},{"not_picked":["HoveringKite","Snecko Eye"],"picked":"WristBlade"}],"items_purged_floors":[10,29,46],"is_endless":false,"potions_floor_spawned":[1,2,6,8,11,19,24,27,39,40,48],"ascension_level":4}