{"gold_per_floor":[113,188,200,200,218,247,247,265,335,335,22,37,37,63,63,167,167,177,77,77,97,97],"floor_reached":22,"playtime":1841,"items_purged":["Strike_B","Parasite"],"score":194,"play_id":"23450878-4301-4c58-bdc3-fda0cab52e24","local_time":"20181202173022","is_ascension_mode":false,"campfire_choices":[{"data":"Strike_B","floor":7.0,"key":"PURGE"},{"floor":15.0,"key":"REST"}],"neow_cost":"NONE","seed_source_timestamp":11782022156660,"circlet_count":0,"master_deck":["Strike_B","Defend_B","Defend_B","Defend_B","Defend_B","Zap","Dualcast","Gash","Recycle","Recycle","Doom and Gloom","Rebound","Multi-Cast","Gash","Amplify","Double Energy","Panacea","Electrodynamics","Gash"],"special_seed":0,"relics":["Runic Pyramid","Peace Pipe","Sundial","Mummified Hand","DataDisk","Coffee Dripper"],"potions_floor_usage":[21],"damage_taken":[{"damage":0.0,"enemies":"Small Slimes","floor":1.0,"turns":3.0},{"damage":6.0,"enemies":"Jaw Worm","floor":3.0,"turns":3.0},{"damage":1.0,"enemies":"Cultist","floor":5.0,"turns":4.0},{"damage":25.0,"enemies":"3 Sentries","floor":6.0,"turns":11.0},{"damage":11.0,"enemies":"Large Slime","floor":8.0,"turns":4.0},{"damage":13.0,"enemies":"Exordium Thugs","floor":12.0,"turns":4.0},{"damage":21.0,"enemies":"Lagavulin","floor":14.0,"turns":6.0},{"damage":14.0,"enemies":"Hexaghost","floor":16.0,"turns":6.0},{"damage":32.0,"enemies":"2 Thieves","floor":18.0,"turns":4.0},{"damage":5,"enemies":"Spheric Guardian","floor":21,"turns":3},{"damage":38,"enemies":"Shelled Parasite and Fungi","floor":22,"turns":4}],"seed_played":"-5550799162939513530","potions_obtained":[{"floor":3.0,"key":"SpeedPotion"},{"floor":8.0,"key":"Dexterity Potion"},{"floor":14.0,"key":"FearPotion"},{"floor":16.0,"key":"Energy Potion"},{"floor":18.0,"key":"AttackPotion"}],"is_trial":false,"path_per_floor":["M","?","M","?","M","E","R","M","T","?","$","M","?","E","R","B",null,"M","$","?","M","M"],"character_chosen":"DEFECT","items_purchased":["Mummified Hand"],"campfire_rested":1,"item_purchase_floors":[11],"current_hp_per_floor":[75,64,58,58,57,32,32,21,21,21,21,8,26,5,27,13,75,43,43,43,38,0],"gold":97,"neow_bonus":"BOSS_RELIC","is_prod":false,"is_daily":false,"chose_seed":false,"campfire_upgraded":0,"win_rate":0,"timestamp":1543789822,"path_taken":["M","?","M","?","M","E","R","?","T","?","?","M","?","E","R","BOSS","M","$","?","M","?"],"build_version":"2018-11-15","purchased_purges":2,"victory":false,"max_hp_per_floor":[75,75,75,75,75,75,75,75,75,75,75,75,75,75,75,75,75,75,72,72,72,72],"card_choices":[{"not_picked":["Leap","Go for the Eyes"],"picked":"Gash","floor":1.0},{"not_picked":["Sunder","Steam Power"],"picked":"Recycle","floor":3.0},{"not_picked":["Lockon","Compile Driver","Sweeping Beam"],"picked":"SKIP","floor":5.0},{"not_picked":["Steam","Redo"],"picked":"Doom and Gloom","floor":6.0},{"not_picked":["Capacitor","Defragment"],"picked":"Rebound","floor":8.0},{"not_picked":["Skim","Barrage"],"picked":"Gash","floor":12.0},{"not_picked":["Ball Lightning","Redo","Undo"],"picked":"SKIP","floor":14.0},{"not_picked":["Rainbow","Hyperbeam"],"picked":"Amplify","floor":16.0},{"not_picked":["Darkness","Sunder"],"picked":"Double Energy","floor":18.0},{"not_picked":["Defragment","Streamline"],"picked":"Gash","floor":21}],"player_experience":583069,"relics_obtained":[{"floor":6.0,"key":"Peace Pipe"},{"floor":9.0,"key":"Sundial"},{"floor":14.0,"key":"DataDisk"}],"event_choices":[{"damage_healed":0.0,"max_hp_gain":0.0,"max_hp_loss":0.0,"gold_gain":75.0,"event_name":"World of Goop","player_choice":"Gather Gold","floor":2.0,"gold_loss":0.0,"damage_taken":11.0},{"damage_healed":0.0,"max_hp_gain":0.0,"max_hp_loss":0.0,"gold_gain":0.0,"cards_transformed":["Strike_B"],"event_name":"Transmorgrifier","player_choice":"Transformed","floor":4.0,"gold_loss":0.0,"damage_taken":0.0,"cards_obtained":["Recycle"]},{"damage_healed":0.0,"max_hp_gain":0.0,"max_hp_loss":0.0,"gold_gain":0.0,"event_name":"Match and Keep!","player_choice":"1 cards matched","floor":10.0,"gold_loss":0.0,"damage_taken":0.0,"cards_obtained":["Multi-Cast"]},{"damage_healed":18.0,"max_hp_gain":0.0,"max_hp_loss":0.0,"gold_gain":0.0,"event_name":"Mushrooms","player_choice":"Healed and dodged fight","floor":13.0,"gold_loss":0.0,"damage_taken":0.0,"cards_obtained":["Parasite"]},{"damage_healed":0,"gold_gain":0,"player_choice":"2 cards matched","damage_taken":0,"max_hp_gain":0,"max_hp_loss":0,"event_name":"Match and Keep!","floor":20,"gold_loss":0,"cards_obtained":["Panacea","Electrodynamics"]}],"is_beta":false,"boss_relics":[{"not_picked":["Ectoplasm","Velvet Choker"],"picked":"Coffee Dripper"}],"items_purged_floors":[11,19],"is_endless":false,"potions_floor_spawned":[3,8,14,16,18],"killed_by":"Shelled Parasite and Fungi","ascension_level":0}