{"gold_per_floor":[119,131,56,74,40,56,91,91,91,266,266,266,283,296,296,400,400,410,118,218,93,107,107,142,161,206,224,244,261,261,274,274,370,370,388,388,388,400,28,28,78,78,104,104,136,136,136,54,54,54],"floor_reached":51,"playtime":4044,"items_purged":["Defend_R","Strike_R","Strike_R","Evolve"],"score":727,"play_id":"4701806d-9840-4744-a45a-7fc4e6deebcc","local_time":"20190302223138","is_ascension_mode":true,"campfire_choices":[{"floor":8,"key":"RECALL"},{"data":"Reaper","floor":12,"key":"SMITH"},{"data":"Metallicize","floor":15,"key":"SMITH"},{"data":"Iron Wave","floor":23,"key":"SMITH"},{"data":"Inflame","floor":32,"key":"SMITH"},{"data":"Flex","floor":40,"key":"SMITH"},{"data":"Inflame","floor":42,"key":"SMITH"},{"data":"Shrug It Off","floor":44,"key":"SMITH"},{"data":"Bludgeon","floor":46,"key":"SMITH"},{"data":"Finesse","floor":49,"key":"SMITH"}],"neow_cost":"NONE","seed_source_timestamp":152393804185298,"circlet_count":0,"master_deck":["Defend_R+1","Defend_R+1","Bash","Shrug It Off+1","Thunderclap","Reaper+1","Metallicize+1","Flex+1","Bludgeon+1","Iron Wave+1","Bite","Bite","Bite","Bite","Bite","Inflame+1","Inflame+1","Finesse+1"],"relics":["Coffee Dripper","Dodecahedron","Pantograph","Runic Pyramid","TheAbacus","Mummified Hand","Lizard Tail","Omamori","Nunchaku","Anchor","War Paint"],"potions_floor_usage":[16,16,25,25,29,41,41,41],"damage_taken":[{"damage":0,"enemies":"Cultist","floor":1,"turns":3},{"damage":0,"enemies":"2 Louse","floor":2,"turns":2},{"damage":3,"enemies":"Small Slimes","floor":4,"turns":2},{"damage":7,"enemies":"Looter","floor":6,"turns":3},{"damage":29,"enemies":"Lagavulin","floor":7,"turns":7},{"damage":5,"enemies":"Red Slaver","floor":13,"turns":3},{"damage":15,"enemies":"Large Slime","floor":14,"turns":6},{"damage":57,"enemies":"The Guardian","floor":16,"turns":14},{"damage":9,"enemies":"Shell Parasite","floor":18,"turns":8},{"damage":25,"enemies":"2 Thieves","floor":22,"turns":4},{"damage":67,"enemies":"Slavers","floor":24,"turns":8},{"damage":2,"enemies":"Snake Plant","floor":25,"turns":3},{"damage":0,"enemies":"Cultist and Chosen","floor":27,"turns":6},{"damage":3,"enemies":"Chosen and Byrds","floor":28,"turns":7},{"damage":18,"enemies":"Centurion and Healer","floor":29,"turns":5},{"damage":0,"enemies":"Snecko","floor":31,"turns":4},{"damage":68,"enemies":"Automaton","floor":33,"turns":11},{"damage":24,"enemies":"Orb Walker","floor":35,"turns":4},{"damage":21,"enemies":"3 Darklings","floor":38,"turns":5},{"damage":93,"enemies":"2 Orb Walkers","floor":41,"turns":6},{"damage":31,"enemies":"Reptomancer","floor":45,"turns":4},{"damage":107,"enemies":"Awakened One","floor":50,"turns":19}],"seed_played":"-5467176827137000166","potions_obtained":[{"floor":1,"key":"Strength Potion"},{"floor":6,"key":"Strength Potion"},{"floor":13,"key":"Swift Potion"},{"floor":16,"key":"SpeedPotion"},{"floor":18,"key":"SpeedPotion"},{"floor":25,"key":"Regen Potion"},{"floor":28,"key":"Energy Potion"},{"floor":33,"key":"SkillPotion"}],"is_trial":false,"path_per_floor":["M","M","$","M","$","M","E","R","T","?","?","R","M","M","R","B",null,"M","$","?","$","M","R","E","M","T","M","M","M","?","M","R","B",null,"M","?","?","M","$","R","?","R","T","R","E","R","?","$","R","B",null],"character_chosen":"IRONCLAD","items_purchased":["Metallicize","TheAbacus","Inflame","Omamori","Finesse"],"campfire_rested":0,"item_purchase_floors":[5,19,39,39,48],"current_hp_per_floor":[80,80,80,77,77,70,41,41,41,41,34,34,34,31,31,9,80,80,80,80,80,65,65,10,8,8,20,27,30,30,44,44,16,56,44,44,44,56,56,56,28,28,28,28,29,29,56,56,56,11],"gold":54,"neow_bonus":"BOSS_RELIC","is_prod":false,"is_daily":false,"chose_seed":false,"campfire_upgraded":9,"win_rate":0,"timestamp":1551594698,"path_taken":["M","?","$","M","$","M","E","R","T","?","?","R","M","M","R","BOSS","M","$","?","$","M","R","E","M","T","M","M","?","?","M","R","BOSS","M","?","?","M","$","R","?","R","T","R","E","R","?","$","R","BOSS"],"build_version":"2019-01-23","purchased_purges":4,"victory":true,"max_hp_per_floor":[80,80,80,80,80,80,80,80,80,80,80,80,80,80,80,80,80,80,80,80,80,80,80,80,80,80,80,80,80,56,56,56,56,56,56,56,56,56,56,56,56,56,56,56,56,56,56,56,56,56],"card_choices":[{"not_picked":["Sword Boomerang","Wild Strike"],"picked":"Shrug It Off","floor":1},{"not_picked":["Cleave","Headbutt"],"picked":"Thunderclap","floor":2},{"not_picked":["Warcry","Havoc"],"picked":"Reaper","floor":4},{"not_picked":["Perfected Strike","Thunderclap","Cleave"],"picked":"SKIP","floor":6},{"not_picked":["Sentinel","True Grit","Corruption"],"picked":"SKIP","floor":7},{"not_picked":["Wild Strike","Headbutt"],"picked":"Flex","floor":13},{"not_picked":["Anger","True Grit","Perfected Strike"],"picked":"SKIP","floor":14},{"not_picked":["Barricade","Double Tap"],"picked":"Bludgeon","floor":16},{"not_picked":["Twin Strike","Intimidate"],"picked":"Iron Wave","floor":18},{"not_picked":["Body Slam","Pommel Strike","Entrench"],"picked":"SKIP","floor":22},{"not_picked":["Wild Strike","Hemokinesis","Ghostly Armor"],"picked":"SKIP","floor":24},{"not_picked":["Havoc+1","Armaments+1","Twin Strike"],"picked":"SKIP","floor":25},{"not_picked":["Sword Boomerang+1","Combust","Bloodletting"],"picked":"SKIP","floor":27},{"not_picked":["Hemokinesis","Seeing Red","Pummel"],"picked":"SKIP","floor":28},{"not_picked":["Cleave","Flex","Dropkick"],"picked":"SKIP","floor":29},{"not_picked":["Cleave","Immolate"],"picked":"Inflame","floor":31},{"not_picked":["Fire Breathing+1","Headbutt+1"],"picked":"Evolve","floor":35},{"not_picked":["Ghostly Armor","Anger","Twin Strike+1"],"picked":"SKIP","floor":38},{"not_picked":["Iron Wave+1","Cleave","Shrug It Off+1"],"picked":"SKIP","floor":45}],"player_experience":60214,"relics_obtained":[{"floor":7,"key":"Dodecahedron"},{"floor":9,"key":"Pantograph"},{"floor":24,"key":"Mummified Hand"},{"floor":41,"key":"Nunchaku"},{"floor":43,"key":"Anchor"},{"floor":45,"key":"War Paint"}],"event_choices":[{"damage_healed":0,"gold_gain":175,"player_choice":"AGREE","damage_taken":0,"max_hp_gain":0,"max_hp_loss":0,"event_name":"Liars Game","floor":10,"gold_loss":0,"cards_obtained":["Doubt"]},{"cards_removed":["Doubt"],"damage_healed":0,"gold_gain":0,"player_choice":"Card Removal","damage_taken":7,"max_hp_gain":0,"max_hp_loss":0,"event_name":"Golden Wing","floor":11,"gold_loss":0},{"damage_healed":0,"gold_gain":100,"player_choice":"Pray","damage_taken":0,"max_hp_gain":0,"max_hp_loss":0,"event_name":"Golden Shrine","floor":20,"gold_loss":0},{"damage_healed":0,"gold_gain":0,"player_choice":"Became a vampire","damage_taken":0,"max_hp_gain":0,"max_hp_loss":24,"event_name":"Vampires","floor":30,"gold_loss":0,"cards_obtained":["Bite","Bite","Bite","Bite","Bite"]},{"damage_healed":0,"gold_gain":0,"player_choice":"Ignored","damage_taken":0,"max_hp_gain":0,"max_hp_loss":0,"event_name":"Tomb of Lord Red Mask","floor":36,"gold_loss":0},{"cards_removed":["Defend_R"],"damage_healed":0,"gold_gain":0,"player_choice":"Removed Skill","damage_taken":0,"max_hp_gain":0,"max_hp_loss":0,"event_name":"Falling","floor":37,"gold_loss":0},{"damage_healed":0,"gold_gain":0,"player_choice":"Fight","damage_taken":0,"max_hp_gain":0,"max_hp_loss":0,"event_name":"Mysterious Sphere","floor":41,"gold_loss":0},{"damage_healed":27,"gold_gain":0,"player_choice":"Heal","damage_taken":0,"max_hp_gain":0,"max_hp_loss":0,"event_name":"MindBloom","floor":47,"gold_loss":0,"cards_obtained":["Doubt"]}],"is_beta":false,"boss_relics":[{"not_picked":["Sozu","Black Star"],"picked":"Runic Pyramid"},{"not_picked":["Calling Bell","Velvet Choker"],"picked":"Lizard Tail"}],"items_purged_floors":[3,19,21,39],"is_endless":false,"potions_floor_spawned":[1,6,13,16,18,25,28,33],"ascension_level":1}