{"gold_per_floor":[359,434,6,21,21,21,66,66,92,109,74,91,91,6,6,102,102,119,119,119,129,129,129,8,8,63,63,74,74,87,103,103,207,207,225,241,241],"floor_reached":37,"playtime":4903,"items_purged":[],"score":367,"play_id":"d2357350-ee5d-43b0-a6e7-2448deef966c","local_time":"20190811190200","is_ascension_mode":false,"campfire_choices":[{"floor":6,"key":"REST"},{"floor":15,"key":"REST"},{"floor":23,"key":"REST"},{"data":"Creative AI","floor":25,"key":"SMITH"},{"floor":27,"key":"REST"},{"floor":29,"key":"REST"},{"floor":32,"key":"REST"}],"neow_cost":"PERCENT_DAMAGE","seed_source_timestamp":2505332170242200,"circlet_count":0,"master_deck":["Strike_B+1","Strike_B+1","Defend_B+1","Defend_B+1","Defend_B+1","Zap","Dualcast+1","Gash","Magnetism+1","Defragment","Aggregate","Lockon","Rebound","Fusion","PanicButton","Static Discharge","Creative AI+1","Steam Power+1","Creative AI+1","Biased Cognition+1","Self Repair","RitualDagger","Streamline","Melter","Redo","Tempest","Reinforced Body","Rainbow","Capacitor+1","Darkness+1"],"relics":["Cracked Core","Membership Card","Bronze Scales","Question Card","Blood Vial","War Paint","Astrolabe","Shuriken","Tiny Chest","Philosopher\u0027s Stone"],"potions_floor_usage":[21,33,33,33,37],"damage_taken":[{"damage":1,"enemies":"Jaw Worm","floor":1,"turns":4},{"damage":6,"enemies":"2 Louse","floor":4,"turns":3},{"damage":35,"enemies":"3 Sentries","floor":7,"turns":6},{"damage":6,"enemies":"Small Slimes","floor":10,"turns":3},{"damage":7,"enemies":"2 Fungi Beasts","floor":12,"turns":4},{"damage":49,"enemies":"Slime Boss","floor":16,"turns":9},{"damage":20,"enemies":"Spheric Guardian","floor":18,"turns":4},{"damage":20,"enemies":"2 Thieves","floor":21,"turns":4},{"damage":18,"enemies":"Cultist and Chosen","floor":28,"turns":4},{"damage":15,"enemies":"Snecko","floor":30,"turns":5},{"damage":21,"enemies":"Snake Plant","floor":31,"turns":2},{"damage":69,"enemies":"Champ","floor":33,"turns":11},{"damage":17,"enemies":"Orb Walker","floor":35,"turns":3},{"damage":45,"enemies":"3 Darklings","floor":36,"turns":6},{"damage":28,"enemies":"Writhing Mass","floor":37,"turns":2}],"seed_played":"-313884219116551454","potions_obtained":[{"floor":16,"key":"Block Potion"},{"floor":21,"key":"Dexterity Potion"},{"floor":30,"key":"FearPotion"},{"floor":31,"key":"SteroidPotion"},{"floor":35,"key":"Block Potion"}],"is_trial":false,"path_per_floor":["M","?","$","M","?","R","E","?","T","M","?","M","?","$","R","B",null,"M","?","?","M","?","R","$","R","T","R","M","R","M","M","R","B",null,"M","M","M"],"character_chosen":"DEFECT","items_purchased":["Membership Card","Magnetism","Defragment","Bronze Scales","Aggregate","PanicButton","Static Discharge","Shuriken"],"campfire_rested":6,"item_purchase_floors":[3,3,3,3,3,14,14,24],"current_hp_per_floor":[53,42,42,36,36,58,23,23,23,19,37,32,32,32,54,7,75,55,55,49,38,38,60,60,60,60,75,57,75,67,48,70,3,75,58,15,0],"gold":241,"neow_bonus":"TWO_FIFTY_GOLD","is_prod":false,"is_daily":false,"chose_seed":false,"campfire_upgraded":1,"win_rate":0.0,"timestamp":1565575320,"path_taken":["M","?","$","M","?","R","E","?","T","M","?","M","?","$","R","BOSS","M","?","?","M","?","R","$","R","T","R","?","R","M","M","R","BOSS","M","M","M"],"build_version":"2019-07-17","purchased_purges":0,"victory":false,"max_hp_per_floor":[75,75,75,75,75,75,75,75,75,75,75,75,75,75,75,75,75,75,75,75,75,75,75,75,75,75,75,75,75,75,75,75,75,75,75,75,75],"card_choices":[{"not_picked":["Blizzard","Redo"],"picked":"Gash","floor":1},{"not_picked":["Scrape","Rip and Tear"],"picked":"Rebound","floor":4},{"not_picked":["FTL","Steam"],"picked":"Lockon","floor":7},{"not_picked":["Cold Snap","Go for the Eyes","Chaos"],"picked":"Rebound","floor":10},{"not_picked":["Go for the Eyes","Hologram","BootSequence"],"picked":"Fusion","floor":12},{"not_picked":["Biased Cognition","Thunder Strike","All For One"],"picked":"Creative AI","floor":16},{"not_picked":["Defragment","Gash","Undo"],"picked":"Self Repair","floor":18},{"not_picked":["Sweeping Beam","Barrage","Redo"],"picked":"Streamline","floor":21},{"not_picked":["Compile Driver","Coolheaded","Hello World"],"picked":"Redo","floor":28},{"not_picked":["Redo","Aggregate","Lockon"],"picked":"Tempest","floor":30},{"not_picked":["Redo","Hologram","Barrage"],"picked":"Reinforced Body","floor":31},{"not_picked":["Echo Form","Machine Learning","Thunder Strike"],"picked":"Rainbow","floor":33},{"not_picked":["Coolheaded","Rebound+1","Compile Driver"],"picked":"Capacitor+1","floor":35},{"not_picked":["Barrage","Coolheaded","Cold Snap+1"],"picked":"Darkness+1","floor":36}],"player_experience":41708,"relics_obtained":[{"floor":7,"key":"Question Card"},{"floor":9,"key":"War Paint"},{"floor":26,"key":"Tiny Chest"}],"event_choices":[{"damage_healed":0,"gold_gain":75,"player_choice":"Gather Gold","damage_taken":11,"max_hp_gain":0,"max_hp_loss":0,"event_name":"World of Goop","floor":2,"gold_loss":0},{"damage_healed":0,"gold_gain":0,"player_choice":"Grow","damage_taken":0,"max_hp_gain":0,"max_hp_loss":0,"event_name":"Living Wall","floor":5,"gold_loss":0,"cards_upgraded":["Magnetism"]},{"damage_healed":0,"gold_gain":0,"player_choice":"Searched \u00271\u0027 times","damage_taken":0,"relics_obtained":["Blood Vial"],"max_hp_gain":0,"max_hp_loss":0,"event_name":"Dead Adventurer","floor":8,"gold_loss":0},{"damage_healed":18,"gold_gain":0,"player_choice":"Healed","damage_taken":0,"max_hp_gain":0,"max_hp_loss":0,"event_name":"The Cleric","floor":11,"gold_loss":35},{"damage_healed":0,"gold_gain":0,"player_choice":"Ignored","damage_taken":0,"max_hp_gain":0,"max_hp_loss":0,"event_name":"Golden Idol","floor":13,"gold_loss":0},{"damage_healed":0,"gold_gain":0,"player_choice":"Simplicity","damage_taken":0,"max_hp_gain":0,"max_hp_loss":0,"event_name":"Back to Basics","floor":19,"gold_loss":0,"cards_upgraded":["Strike_B","Strike_B","Defend_B","Defend_B"]},{"damage_healed":0,"gold_gain":0,"player_choice":"Joined the Cult","damage_taken":6,"max_hp_gain":0,"max_hp_loss":0,"event_name":"Nest","floor":20,"gold_loss":0,"cards_obtained":["RitualDagger"]},{"damage_healed":0,"gold_gain":0,"cards_transformed":["Rebound"],"player_choice":"Transformed","damage_taken":0,"max_hp_gain":0,"max_hp_loss":0,"event_name":"Transmorgrifier","floor":22,"gold_loss":0,"cards_obtained":["Melter"]}],"is_beta":false,"boss_relics":[{"not_picked":["Calling Bell","Empty Cage"],"picked":"Astrolabe"},{"not_picked":["Runic Pyramid","Fusion Hammer"],"picked":"Philosopher\u0027s Stone"}],"items_purged_floors":[],"is_endless":false,"potions_floor_spawned":[16,21,30,31,35],"killed_by":"Writhing Mass","ascension_level":0}