{"path_per_floor":["M","$","M","?","M","E","R","E","T","E","M","M","R","M","R","B",null,"M","?","?","$","M","R","E","R","T","R","E","M","R","?","R","B",null,"M","M","?","M","M","E","M","R","T","?","$","R","$","M","R","B"],"character_chosen":"IRONCLAD","items_purchased":["Shuriken","Oddly Smooth Stone","Dexterity Potion"],"gold_per_floor":[114,39,51,51,71,100,100,135,205,238,257,277,277,297,297,396,396,415,415,415,58,76,76,102,102,102,102,131,142,142,142,142,237,237,250,269,269,281,299,327,338,338,338,338,9,9,9,21,21,21],"floor_reached":51,"campfire_rested":2,"playtime":4234,"current_hp_per_floor":[59,59,64,50,56,42,42,40,40,36,42,25,25,31,31,12,72,68,68,53,53,49,49,55,55,55,55,25,31,31,31,54,22,77,63,60,50,49,25,10,40,40,40,40,40,40,40,30,53,42],"items_purged":["Dual Wield","Strike_R","Doubt"],"gold":21,"play_id":"4954d758-8077-41bd-9b99-e18b24e96366","is_prod":false,"is_daily":false,"is_ascension_mode":true,"campfire_upgraded":9,"path_taken":["M","?","M","?","M","E","R","E","T","E","?","M","R","M","R","BOSS","M","?","?","$","M","R","E","R","T","R","E","?","R","?","R","BOSS","M","M","?","M","?","E","M","R","T","?","?","R","$","M","R","BOSS"],"build_version":"2018-01-25-PROD3","purchased_purges":4,"victory":true,"master_deck":["Strike_R","Strike_R","Defend_R","Defend_R+1","Defend_R","Bash+1","Limit Break+1","Cleave+1","Iron Wave+1","Inflame+1","Battle Trance","Dropkick","True Grit+1","Burning Pact+1","Double Tap+1","Shrug It Off+1","Writhe","Metallicize","Intimidate+1","Immolate","Offering","True Grit+1","Madness+1","Madness+1","Heavy Blade+1","Feel No Pain+1","Spot Weakness+1"],"max_hp_per_floor":[72,72,72,72,72,72,72,72,72,72,72,72,72,72,72,72,72,72,72,77,77,77,77,77,77,77,77,77,77,77,77,77,77,77,77,77,77,77,77,77,77,77,77,77,77,77,77,77,77,77],"relics":["Burning Blood","Matryoshka","Happy Flower","Mercury Hourglass","Bottled Flame","Letter Opener","Cursed Key","Dodecahedron","Shuriken","Molten Egg","Lantern","Calipers","Toxic Egg","Lizard Tail","Bag of Marbles","Magic Flower","Oddly Smooth Stone"],"card_choices":[{"not_picked":["Anger","Clothesline"],"picked":"Cleave"},{"not_picked":["Sever Soul","Havoc"],"picked":"Iron Wave"},{"not_picked":["Flame Barrier","Uppercut"],"picked":"Inflame"},{"not_picked":["Armaments","Shrug It Off"],"picked":"Battle Trance"},{"not_picked":["Infernal Blade","Flame Barrier"],"picked":"Dropkick"},{"not_picked":["Rupture","Wild Strike"],"picked":"True Grit"},{"not_picked":["Clothesline","Heavy Blade"],"picked":"Burning Pact"},{"not_picked":["Exhume","Reaper"],"picked":"Double Tap"},{"not_picked":["Sword Boomerang","Clash"],"picked":"Shrug It Off"},{"not_picked":["Shrug It Off","Iron Wave"],"picked":"Metallicize"},{"not_picked":["Sword Boomerang","Flame Barrier"],"picked":"Intimidate"},{"not_picked":["Brutality","Double Tap"],"picked":"Offering"},{"not_picked":["Anger","Perfected Strike"],"picked":"True Grit"},{"not_picked":["Searing Blow","Spot Weakness"],"picked":"Heavy Blade"},{"not_picked":["Body Slam","Spot Weakness"],"picked":"Feel No Pain"},{"not_picked":["Infernal Blade","Twin Strike"],"picked":"Spot Weakness"}],"player_experience":160560,"potions_floor_usage":[50],"damage_taken":[{"damage":19.0,"enemies":"Blue Slaver","floor":1.0,"turns":4.0},{"damage":1.0,"enemies":"Cultist","floor":3.0,"turns":3.0},{"damage":0.0,"enemies":"Small Slimes","floor":5.0,"turns":3.0},{"damage":20.0,"enemies":"Gremlin Nob","floor":6.0,"turns":4.0},{"damage":8.0,"enemies":"Lagavulin","floor":8.0,"turns":7.0},{"damage":10.0,"enemies":"Gremlin Nob","floor":10.0,"turns":3.0},{"damage":0.0,"enemies":"Gremlin Gang","floor":11.0,"turns":1.0},{"damage":23.0,"enemies":"Red Slaver","floor":12.0,"turns":4.0},{"damage":0.0,"enemies":"Looter","floor":14.0,"turns":1.0},{"damage":25.0,"enemies":"Slime Boss","floor":16.0,"turns":6.0},{"damage":10.0,"enemies":"3 Byrds","floor":18.0,"turns":4.0},{"damage":10.0,"enemies":"Chosen","floor":22.0,"turns":4.0},{"damage":0.0,"enemies":"Gremlin Leader","floor":24.0,"turns":4.0},{"damage":36.0,"enemies":"Slavers","floor":28.0,"turns":4.0},{"damage":0.0,"enemies":"Centurion and Healer","floor":29.0,"turns":5.0},{"damage":38.0,"enemies":"Automaton","floor":33.0,"turns":6.0},{"damage":20.0,"enemies":"Orb Walker","floor":35.0,"turns":3.0},{"damage":9.0,"enemies":"3 Darklings","floor":36.0,"turns":3.0},{"damage":7.0,"enemies":"4 Shapes","floor":38.0,"turns":4.0},{"damage":30.0,"enemies":"Sphere and 2 Shapes","floor":39.0,"turns":5.0},{"damage":21.0,"enemies":"Nemesis","floor":40.0,"turns":7.0},{"damage":16.0,"enemies":"Maw","floor":41.0,"turns":7.0},{"damage":19.0,"enemies":"4 Shapes","floor":48.0,"turns":2.0},{"damage":20,"enemies":"Time Eater","floor":50,"turns":8}],"event_choices":[{"event_name":"Shining Light","player_choice":"Entered Light","floor":4.0,"damage_taken":0.0},{"event_name":"The Mausoleum","player_choice":"Yes","floor":19.0,"damage_taken":0.0},{"event_name":"Forgotten Altar","player_choice":"Shed Blood","floor":20.0,"damage_taken":0.0},{"event_name":"Transmorgrifier","player_choice":"Transform","floor":31.0,"damage_taken":0.0},{"event_name":"Winding Halls","player_choice":"Embrace Madness","floor":37.0,"damage_taken":0.0},{"event_name":"Accursed Blacksmith","player_choice":"Forge","floor":44.0,"damage_taken":0.0}],"boss_relics":[],"potions_floor_spawned":[6,10,11,14,24,28,33,36,38],"seed_played":"-4075565461901260978","ascension_level":2,"is_trial":false}