{"gold_per_floor":[116,126,126,140,120,150,150,185,185,204,204,217,272,286,286,360,360,375,423,442,442,442],"floor_reached":22,"playtime":1667,"items_purged":[],"score":486,"play_id":"1c33a041-9c3e-4ded-bd4a-f7854bf87f04","local_time":"20190524191225","is_ascension_mode":true,"campfire_choices":[{"data":"Slice","floor":7.0,"key":"SMITH"},{"data":"Finisher","floor":11.0,"key":"SMITH"},{"data":"Malaise","floor":15.0,"key":"SMITH"}],"neow_cost":"NONE","seed_source_timestamp":0,"circlet_count":0,"master_deck":["AscendersBane","Defend_G","Defend_G","Defend_G","Defend_G","Defend_G","Strike_G","Strike_G","Strike_G","Strike_G","Strike_G","Survivor","Neutralize+1","Masterful Stab","Quick Slash+1","Slice+1","Backflip","Finisher+1","Slice","Malaise+1","Cloak And Dagger","Concentrate","Burst","Slice+1","Infinite Blades","RitualDagger"],"special_seed":0,"relics":["Ring of the Snake","PreservedInsect","Matryoshka","Bag of Preparation","Omamori","Tiny Chest","White Beast Statue","Ninja Scroll","Anchor"],"potions_floor_usage":[20,20,22],"damage_taken":[{"damage":0.0,"enemies":"Cultist","floor":1.0,"turns":6.0},{"damage":0.0,"enemies":"2 Louse","floor":2.0,"turns":3.0},{"damage":0.0,"enemies":"Small Slimes","floor":4.0,"turns":3.0},{"damage":4.0,"enemies":"3 Sentries","floor":6.0,"turns":3.0},{"damage":17.0,"enemies":"Lagavulin","floor":8.0,"turns":6.0},{"damage":4.0,"enemies":"Exordium Wildlife","floor":10.0,"turns":4.0},{"damage":2.0,"enemies":"3 Louse","floor":12.0,"turns":3.0},{"damage":3.0,"enemies":"Gremlin Nob","floor":13.0,"turns":3.0},{"damage":0.0,"enemies":"Large Slime","floor":14.0,"turns":3.0},{"damage":0.0,"enemies":"The Guardian","floor":16.0,"turns":12.0},{"damage":32.0,"enemies":"Spheric Guardian","floor":18.0,"turns":7.0},{"damage":0,"enemies":"Shell Parasite","floor":20,"turns":1},{"damage":20,"enemies":"Sentry and Sphere","floor":22,"turns":3}],"seed_played":"3909494369469687148","potions_obtained":[{"floor":4.0,"key":"FearPotion"},{"floor":5.0,"key":"SkillPotion"},{"floor":8.0,"key":"SteroidPotion"},{"floor":13.0,"key":"Poison Potion"},{"floor":14.0,"key":"GamblersBrew"},{"floor":16.0,"key":"SteroidPotion"},{"floor":18.0,"key":"AttackPotion"},{"floor":20,"key":"Swift Potion"}],"is_trial":false,"path_per_floor":["M","M","?","M","?","E","R","E","T","M","R","M","E","M","R","B",null,"M","T","M","?","M"],"character_chosen":"THE_SILENT","items_purchased":[],"campfire_rested":0,"item_purchase_floors":[],"current_hp_per_floor":[59,59,59,59,59,55,55,38,38,34,34,32,29,29,29,29,57,25,25,25,19,0],"gold":442,"neow_bonus":"UPGRADE_CARD","is_prod":false,"is_daily":false,"chose_seed":false,"campfire_upgraded":3,"win_rate":0,"timestamp":1558739545,"path_taken":["M","M","?","?","?","E","R","E","T","?","R","M","E","M","R","BOSS","M","?","M","?","M"],"build_version":"2019-01-23","purchased_purges":0,"victory":false,"max_hp_per_floor":[66,66,66,66,66,66,66,66,66,66,66,66,66,66,66,66,66,66,66,66,66,66],"card_choices":[{"not_picked":["Deadly Poison","Acrobatics"],"picked":"Masterful Stab","floor":1.0},{"not_picked":["Sucker Punch","Setup"],"picked":"Quick Slash","floor":2.0},{"not_picked":["Deflect","Escape Plan"],"picked":"Slice","floor":4.0},{"not_picked":["Infinite Blades","Setup"],"picked":"Backflip","floor":6.0},{"not_picked":["Calculated Gamble","Leg Sweep"],"picked":"Finisher","floor":8.0},{"not_picked":["Outmaneuver","PiercingWail"],"picked":"Slice","floor":10.0},{"not_picked":["Bane","Dagger Throw"],"picked":"Malaise","floor":12.0},{"not_picked":["Caltrops","Setup"],"picked":"Cloak And Dagger","floor":13.0},{"not_picked":["Bane","Flying Knee"],"picked":"Concentrate","floor":14.0},{"not_picked":["Wraith Form v2","Unload"],"picked":"Burst","floor":16.0},{"not_picked":["Underhanded Strike","Backflip"],"picked":"Slice+1","floor":18.0},{"not_picked":["Sucker Punch","Dash"],"picked":"Infinite Blades","floor":20}],"player_experience":831286,"relics_obtained":[{"floor":6.0,"key":"PreservedInsect"},{"floor":8.0,"key":"Matryoshka"},{"floor":9.0,"key":"Bag of Preparation"},{"floor":9.0,"key":"Omamori"},{"floor":13.0,"key":"Tiny Chest"},{"floor":19.0,"key":"Ninja Scroll"},{"floor":19.0,"key":"Anchor"}],"event_choices":[{"damage_healed":0.0,"max_hp_gain":0.0,"max_hp_loss":0.0,"gold_gain":0.0,"event_name":"Upgrade Shrine","player_choice":"Upgraded","floor":3.0,"gold_loss":0.0,"damage_taken":0.0,"cards_upgraded":["Quick Slash"]},{"damage_healed":0.0,"max_hp_gain":0.0,"max_hp_loss":0.0,"gold_gain":0.0,"event_name":"The Woman in Blue","player_choice":"Bought 1 Potion","floor":5.0,"gold_loss":0.0,"damage_taken":0.0},{"damage_healed":0,"gold_gain":0,"player_choice":"Joined the Cult","damage_taken":6,"max_hp_gain":0,"max_hp_loss":0,"event_name":"Nest","floor":21,"gold_loss":0,"cards_obtained":["RitualDagger"]}],"is_beta":false,"boss_relics":[{"not_picked":["Orrery","Empty Cage"],"picked":"White Beast Statue"}],"items_purged_floors":[],"is_endless":false,"potions_floor_spawned":[4,8,13,14,16,18,20],"killed_by":"Sentry and Sphere","ascension_level":18}