{"gold_per_floor":[110,130,148,160,160,193,193,223,274,285,285,316,326,340,340,442,442,455,455,471,471,485,485,511,511,511,536,536,224,242,242,242,340,340,357,370,370,370,383,383,402,63,86,0,18,33,33,33,33,33],"floor_reached":51,"playtime":2533,"items_purged":["Strike_R","Strike_R"],"score":759,"play_id":"21c98d29-cb2c-4480-9dfb-840ce33d1988","local_time":"20190804150855","is_ascension_mode":false,"campfire_choices":[{"data":"Armaments","floor":7.0,"key":"SMITH"},{"data":"Bash","floor":11.0,"key":"SMITH"},{"floor":15.0,"key":"REST"},{"data":"True Grit","floor":23.0,"key":"SMITH"},{"data":"Demon Form","floor":25.0,"key":"SMITH"},{"floor":28.0,"key":"REST"},{"floor":32.0,"key":"REST"},{"data":"Evolve","floor":40.0,"key":"SMITH"},{"data":"Offering","floor":47.0,"key":"SMITH"},{"floor":49,"key":"REST"}],"neow_cost":"NONE","seed_source_timestamp":0,"circlet_count":0,"master_deck":["Strike_R+1","Strike_R+1","Defend_R+1","Defend_R+1","Defend_R+1","Defend_R+1","Bash+1","Shrug It Off+1","Armaments+1","Thunderclap+1","Twin Strike+1","Headbutt+1","Shrug It Off+1","Offering+1","Cleave+1","Demon Form+1","Evolve+1","Flame Barrier+1","Whirlwind+1","True Grit+1","True Grit+1","Ghostly Armor+1","Shrug It Off+1","Heavy Blade+1","Reaper+1","Shrug It Off+1","Shockwave+1","Warcry+1","Battle Trance+1"],"special_seed":0,"relics":["Burning Blood","Dream Catcher","Sundial","Orichalcum","Bag of Preparation","Philosopher\u0027s Stone","Gambling Chip","Frozen Egg 2","Ornamental Fan","Bag of Marbles","MutagenicStrength","Sozu","Bottled Tornado","Happy Flower","Red Mask","Mark of the Bloom"],"potions_floor_usage":[],"damage_taken":[{"damage":5.0,"enemies":"Small Slimes","floor":1.0,"turns":4.0},{"damage":0.0,"enemies":"2 Louse","floor":2.0,"turns":3.0},{"damage":1.0,"enemies":"Jaw Worm","floor":3.0,"turns":4.0},{"damage":9.0,"enemies":"Looter","floor":4.0,"turns":4.0},{"damage":11.0,"enemies":"3 Sentries","floor":6.0,"turns":8.0},{"damage":17.0,"enemies":"Gremlin Nob","floor":8.0,"turns":4.0},{"damage":6.0,"enemies":"3 Louse","floor":10.0,"turns":4.0},{"damage":26.0,"enemies":"3 Sentries","floor":12.0,"turns":8.0},{"damage":3.0,"enemies":"Gremlin Gang","floor":13.0,"turns":5.0},{"damage":11.0,"enemies":"Looter","floor":14.0,"turns":3.0},{"damage":12.0,"enemies":"Slime Boss","floor":16.0,"turns":8.0},{"damage":7.0,"enemies":"Shell Parasite","floor":18.0,"turns":5.0},{"damage":18.0,"enemies":"Spheric Guardian","floor":20.0,"turns":6.0},{"damage":14.0,"enemies":"3 Cultists","floor":22.0,"turns":4.0},{"damage":11.0,"enemies":"Book of Stabbing","floor":24.0,"turns":7.0},{"damage":52.0,"enemies":"Slavers","floor":27.0,"turns":6.0},{"damage":22.0,"enemies":"Centurion and Healer","floor":30.0,"turns":7.0},{"damage":19.0,"enemies":"Champ","floor":33.0,"turns":8.0},{"damage":11.0,"enemies":"3 Darklings","floor":35.0,"turns":3.0},{"damage":14.0,"enemies":"Orb Walker","floor":36.0,"turns":4.0},{"damage":6.0,"enemies":"4 Shapes","floor":39.0,"turns":1.0},{"damage":16.0,"enemies":"Transient","floor":41.0,"turns":5.0},{"damage":6.0,"enemies":"Jaw Worm Horde","floor":45.0,"turns":2.0},{"damage":0.0,"enemies":"4 Shapes","floor":46.0,"turns":1.0},{"damage":31,"enemies":"Time Eater","floor":50,"turns":7}],"seed_played":"-6491184356767886085","potions_obtained":[{"floor":2.0,"key":"GamblersBrew"},{"floor":3.0,"key":"Dexterity Potion"},{"floor":8.0,"key":"EntropicBrew"},{"floor":10.0,"key":"SpeedPotion"},{"floor":12.0,"key":"Fire Potion"},{"floor":20.0,"key":"Block Potion"},{"floor":27.0,"key":"Regen Potion"},{"floor":33.0,"key":"Explosive Potion"}],"is_trial":false,"path_per_floor":["M","M","M","M","?","E","R","E","T","M","R","E","M","M","R","B",null,"M","?","M","?","M","R","E","R","T","E","R","$","M","?","R","B",null,"M","M","?","?","M","R","M","$","T","?","M","M","R","?","R","B",null],"character_chosen":"IRONCLAD","items_purchased":["Ghostly Armor","Shrug It Off","Bag of Marbles","Bottled Tornado"],"campfire_rested":4,"item_purchase_floors":[29,29,29,42],"current_hp_per_floor":[80,80,80,77,77,72,72,61,61,61,61,41,44,39,63,57,80,79,79,67,67,59,59,54,54,54,8,32,32,31,31,55,42,80,75,77,76,76,76,76,76,76,76,76,76,76,76,76,76,45],"gold":33,"neow_bonus":"REMOVE_CARD","is_prod":false,"is_daily":false,"chose_seed":false,"campfire_upgraded":6,"win_rate":0,"timestamp":1564945735,"path_taken":["M","M","M","M","?","E","R","E","T","M","R","E","M","M","R","BOSS","M","?","M","?","M","R","E","R","T","E","R","$","M","?","R","BOSS","M","M","?","?","M","R","M","$","T","?","M","M","R","?","R","BOSS"],"build_version":"2019-07-17","purchased_purges":2,"victory":true,"max_hp_per_floor":[80,80,80,80,80,80,80,80,80,80,80,80,80,80,80,80,80,80,80,80,80,80,80,80,80,80,80,80,80,80,80,80,80,80,80,80,76,76,76,76,76,76,76,76,76,76,76,76,76,76],"card_choices":[{"not_picked":["Pommel Strike","Rupture"],"picked":"Shrug It Off","floor":1.0},{"not_picked":["Flex","Twin Strike"],"picked":"Armaments","floor":2.0},{"not_picked":["Warcry","Bloodletting"],"picked":"Thunderclap","floor":3.0},{"not_picked":["Perfected Strike","Clash"],"picked":"Twin Strike","floor":4.0},{"not_picked":["Twin Strike","Seeing Red"],"picked":"Headbutt","floor":6.0},{"not_picked":["Power Through","Wild Strike","Pommel Strike"],"picked":"SKIP","floor":8.0},{"not_picked":["Disarm","Intimidate"],"picked":"Shrug It Off","floor":10.0},{"not_picked":["Reckless Charge","Thunderclap","Feel No Pain"],"picked":"SKIP","floor":12.0},{"not_picked":["Havoc","Wild Strike"],"picked":"Offering","floor":13.0},{"not_picked":["Clothesline","Flex"],"picked":"Cleave","floor":14.0},{"not_picked":["Barricade","Bludgeon"],"picked":"Demon Form","floor":16.0},{"not_picked":["Clothesline","Second Wind"],"picked":"Evolve","floor":18.0},{"not_picked":["Uppercut","Rupture+1"],"picked":"Flame Barrier+1","floor":20.0},{"not_picked":["Spot Weakness","Burning Pact+1"],"picked":"True Grit","floor":22.0},{"not_picked":["Iron Wave","Inflame"],"picked":"True Grit+1","floor":24.0},{"not_picked":["Perfected Strike","Seeing Red","Armaments+1"],"picked":"SKIP","floor":27.0},{"not_picked":["Cleave","Flex","Seeing Red"],"picked":"SKIP","floor":30.0},{"not_picked":["Rage","Second Wind"],"picked":"Heavy Blade+1","floor":32.0},{"not_picked":["Double Tap","Limit Break"],"picked":"Reaper","floor":33.0},{"not_picked":["Power Through","Sword Boomerang"],"picked":"Shrug It Off+1","floor":35.0},{"not_picked":["Armaments","Warcry+1"],"picked":"Shockwave","floor":36.0},{"not_picked":["Thunderclap+1","Pommel Strike","Perfected Strike"],"picked":"SKIP","floor":39.0},{"not_picked":["Havoc+1","Thunderclap"],"picked":"Warcry+1","floor":41.0},{"not_picked":["Rage","Iron Wave","Cleave+1"],"picked":"SKIP","floor":45.0},{"not_picked":["Clash+1","Barricade+1"],"picked":"Battle Trance+1","floor":46.0}],"player_experience":946818,"relics_obtained":[{"floor":6.0,"key":"Dream Catcher"},{"floor":8.0,"key":"Sundial"},{"floor":9.0,"key":"Orichalcum"},{"floor":12.0,"key":"Bag of Preparation"},{"floor":24.0,"key":"Gambling Chip"},{"floor":26.0,"key":"Frozen Egg 2"},{"floor":27.0,"key":"Ornamental Fan"},{"floor":43.0,"key":"Happy Flower"}],"event_choices":[{"damage_healed":0.0,"max_hp_gain":0.0,"max_hp_loss":0.0,"gold_gain":0.0,"event_name":"Liars Game","player_choice":"Ignored","floor":5.0,"gold_loss":0.0,"damage_taken":0.0},{"damage_healed":0.0,"max_hp_gain":0.0,"max_hp_loss":0.0,"gold_gain":0.0,"event_name":"Ghosts","player_choice":"Ignored","floor":19.0,"gold_loss":0.0,"damage_taken":0.0},{"damage_healed":0.0,"max_hp_gain":0.0,"max_hp_loss":0.0,"gold_gain":0.0,"event_name":"The Library","player_choice":"Read","floor":21.0,"gold_loss":0.0,"damage_taken":0.0,"cards_obtained":["Whirlwind"]},{"damage_healed":0.0,"max_hp_gain":0.0,"max_hp_loss":0.0,"gold_gain":0.0,"event_name":"Drug Dealer","player_choice":"Inject Mutagens","floor":31.0,"gold_loss":0.0,"damage_taken":0.0,"relics_obtained":["MutagenicStrength"]},{"damage_healed":0.0,"max_hp_gain":0.0,"max_hp_loss":4.0,"gold_gain":0.0,"event_name":"Winding Halls","player_choice":"Max HP","floor":37.0,"gold_loss":0.0,"damage_taken":0.0},{"damage_healed":0.0,"max_hp_gain":0.0,"max_hp_loss":0.0,"gold_gain":0.0,"event_name":"Mysterious Sphere","player_choice":"Ignored","floor":38.0,"gold_loss":0.0,"damage_taken":0.0},{"damage_healed":0.0,"max_hp_gain":0.0,"max_hp_loss":0.0,"gold_gain":0.0,"event_name":"Tomb of Lord Red Mask","player_choice":"Paid","floor":44.0,"gold_loss":86.0,"damage_taken":0.0,"relics_obtained":["Red Mask"]},{"damage_healed":0.0,"max_hp_gain":0.0,"max_hp_loss":0.0,"gold_gain":0.0,"event_name":"MindBloom","player_choice":"Upgrade","floor":48.0,"gold_loss":0.0,"damage_taken":0.0,"cards_upgraded":["Strike_R","Strike_R","Defend_R","Defend_R","Defend_R","Defend_R","Shrug It Off","Thunderclap","Twin Strike","Headbutt","Shrug It Off","Cleave","Whirlwind","Ghostly Armor","Shrug It Off","Reaper","Shockwave"],"relics_obtained":["Mark of the Bloom"]}],"is_beta":false,"boss_relics":[{"not_picked":["Calling Bell","Cursed Key"],"picked":"Philosopher\u0027s Stone"},{"not_picked":["Tiny House","White Beast Statue"],"picked":"Sozu"}],"items_purged_floors":[29,42],"is_endless":false,"potions_floor_spawned":[2,3,8,10,12,20,27,33,35,41],"ascension_level":0}