{"gold_per_floor":[111,128,140,152,117,145,145,180,248,264,264,43,58,83,83,187,187,207,132,132,149,162,193,206,536,563,563,598,612,624,649,649,749,749,766,777,480,480,480,505,505,505,505,520,555,573,593,610,610,610,610,610,146,178,178],"floor_reached":55,"playtime":7390,"items_purged":["Strike_B","Strike_B","Strike_B"],"score":1058,"play_id":"1c6a720e-e545-4428-99ad-caaef78c8a83","local_time":"20190814201448","is_ascension_mode":true,"campfire_choices":[{"data":"Genetic Algorithm","floor":7.0,"key":"SMITH"},{"data":"Genetic Algorithm","floor":11.0,"key":"SMITH"},{"data":"Zap","floor":15.0,"key":"SMITH"},{"floor":32.0,"key":"REST"},{"floor":42.0,"key":"RECALL"},{"floor":49,"key":"DIG"},{"floor":52,"key":"DIG"}],"neow_cost":"NONE","seed_source_timestamp":0,"circlet_count":0,"master_deck":["Defend_B","Defend_B","Defend_B","Zap+1","Dualcast+1","Ball Lightning","Genetic Algorithm+1","Doom and Gloom","Go for the Eyes","Glacier+1","Rainbow","Genetic Algorithm+1","Capacitor","Coolheaded","Electrodynamics","FTL","Auto Shields","Auto Shields","Chill","Core Surge","Consume","Steam","Machine Learning","Secret Technique","Self Repair","Darkness+1","Defragment"],"special_seed":0,"relics":["FrozenCore","Strawberry","Dead Branch","Happy Flower","War Paint","Fusion Hammer","Bottled Lightning","Calipers","Old Coin","Dream Catcher","Torii","Thread and Needle","OrangePellets","Shovel","Kunai","Omamori","Bottled Tornado","Mummified Hand","Lantern","DataDisk"],"potions_floor_usage":[45,47,53,54,55],"damage_taken":[{"damage":1.0,"enemies":"Cultist","floor":1.0,"turns":4.0},{"damage":0.0,"enemies":"Small Slimes","floor":2.0,"turns":2.0},{"damage":3.0,"enemies":"Jaw Worm","floor":3.0,"turns":3.0},{"damage":0.0,"enemies":"2 Fungi Beasts","floor":4.0,"turns":3.0},{"damage":9.0,"enemies":"3 Sentries","floor":6.0,"turns":6.0},{"damage":4.0,"enemies":"Gremlin Nob","floor":8.0,"turns":4.0},{"damage":1.0,"enemies":"Lots of Slimes","floor":10.0,"turns":3.0},{"damage":11.0,"enemies":"Gremlin Gang","floor":13.0,"turns":3.0},{"damage":9.0,"enemies":"3 Sentries","floor":14.0,"turns":6.0},{"damage":7.0,"enemies":"The Guardian","floor":16.0,"turns":11.0},{"damage":3.0,"enemies":"Shell Parasite","floor":18.0,"turns":5.0},{"damage":9.0,"enemies":"Spheric Guardian","floor":21.0,"turns":4.0},{"damage":1.0,"enemies":"Snecko","floor":22.0,"turns":5.0},{"damage":14.0,"enemies":"Slavers","floor":23.0,"turns":6.0},{"damage":1.0,"enemies":"Centurion and Healer","floor":24.0,"turns":6.0},{"damage":26.0,"enemies":"Book of Stabbing","floor":25.0,"turns":6.0},{"damage":0.0,"enemies":"Gremlin Leader","floor":28.0,"turns":7.0},{"damage":0.0,"enemies":"Cultist and Chosen","floor":29.0,"turns":5.0},{"damage":6.0,"enemies":"Snecko","floor":30.0,"turns":5.0},{"damage":1.0,"enemies":"Book of Stabbing","floor":31.0,"turns":5.0},{"damage":1.0,"enemies":"Collector","floor":33.0,"turns":9.0},{"damage":0.0,"enemies":"Orb Walker","floor":35.0,"turns":4.0},{"damage":1.0,"enemies":"3 Shapes","floor":36.0,"turns":5.0},{"damage":1.0,"enemies":"Nemesis","floor":40.0,"turns":7.0},{"damage":0.0,"enemies":"Maw","floor":44.0,"turns":9.0},{"damage":46,"enemies":"Reptomancer","floor":45,"turns":9},{"damage":0,"enemies":"3 Darklings","floor":46,"turns":6},{"damage":0,"enemies":"Transient","floor":47,"turns":5},{"damage":1,"enemies":"Jaw Worm Horde","floor":48,"turns":5},{"damage":1,"enemies":"Donu and Deca","floor":50,"turns":12},{"damage":20,"enemies":"Shield and Spear","floor":54,"turns":7},{"damage":85,"enemies":"The Heart","floor":55,"turns":14}],"seed_played":"8567236286589948024","potions_obtained":[{"floor":1.0,"key":"FearPotion"},{"floor":2.0,"key":"GamblersBrew"},{"floor":6.0,"key":"FocusPotion"},{"floor":8.0,"key":"Ancient Potion"},{"floor":16.0,"key":"Dexterity Potion"},{"floor":23.0,"key":"Dexterity Potion"},{"floor":25.0,"key":"GamblersBrew"},{"floor":28.0,"key":"SteroidPotion"},{"floor":30.0,"key":"Dexterity Potion"},{"floor":36.0,"key":"EssenceOfSteel"},{"floor":45,"key":"Fire Potion"},{"floor":46,"key":"SpeedPotion"},{"floor":48,"key":"Block Potion"}],"is_trial":false,"path_per_floor":["M","M","M","M","$","E","R","E","T","M","R","$","M","E","R","B",null,"M","$","T","M","M","E","M","E","T","?","E","M","M","E","R","B",null,"M","M","$","?","?","E","?","R","T","M","E","M","M","M","R","B",null,"R","$","E","B"],"character_chosen":"DEFECT","items_purchased":["Glacier","Capacitor","Happy Flower","OrangePellets","Defragment","Lantern","Fruit Juice","Swift Potion"],"campfire_rested":1,"item_purchase_floors":[5,12,12,37,53,53,53,53],"current_hp_per_floor":[81,81,78,78,78,76,76,72,72,71,71,71,60,51,51,44,78,75,75,75,66,65,51,50,24,24,24,24,24,18,17,43,42,77,77,76,76,76,76,75,75,75,75,75,36,43,50,56,56,62,82,82,87,74,0],"gold":178,"neow_bonus":"TEN_PERCENT_HP_BONUS","is_prod":false,"is_daily":false,"chose_seed":false,"campfire_upgraded":3,"win_rate":0,"timestamp":1565802888,"path_taken":["M","M","M","M","$","E","R","E","T","M","R","?","M","E","R","BOSS","M","?","?","M","M","E","M","E","T","?","E","M","M","E","R","BOSS","M","M","$","?","?","E","?","R","T","?","E","M","M","?","R","BOSS","R","$","E","BOSS"],"build_version":"2019-07-17","purchased_purges":3,"victory":false,"max_hp_per_floor":[82,82,82,82,82,89,89,89,89,89,89,89,89,89,89,89,89,89,89,89,89,89,89,89,89,89,89,89,89,89,89,89,89,89,89,89,89,89,89,89,89,89,89,89,89,89,89,89,89,89,89,89,94,94,94],"card_choices":[{"not_picked":["Sunder","Reprogram"],"picked":"Ball Lightning","floor":1.0},{"not_picked":["Barrage","Coolheaded"],"picked":"Genetic Algorithm","floor":2.0},{"not_picked":["Hello World","White Noise"],"picked":"Doom and Gloom","floor":3.0},{"not_picked":["Self Repair","Coolheaded"],"picked":"Go for the Eyes","floor":4.0},{"not_picked":["Turbo","Stack"],"picked":"Rainbow","floor":6.0},{"not_picked":["Reinforced Body","Conserve Battery","Barrage"],"picked":"SKIP","floor":8.0},{"not_picked":["Ball Lightning","Streamline"],"picked":"Genetic Algorithm","floor":10.0},{"not_picked":["Rip and Tear","Melter","Beam Cell"],"picked":"SKIP","floor":13.0},{"not_picked":["Thunder Strike","Capacitor"],"picked":"Coolheaded","floor":14.0},{"not_picked":["Amplify","Core Surge"],"picked":"Electrodynamics","floor":16.0},{"not_picked":["Rebound","Compile Driver","Blizzard"],"picked":"SKIP","floor":18.0},{"not_picked":["Coolheaded","Tempest+1"],"picked":"FTL","floor":21.0},{"not_picked":["Steam","Barrage"],"picked":"Auto Shields","floor":22.0},{"not_picked":["Scrape+1","Streamline","Go for the Eyes"],"picked":"SKIP","floor":23.0},{"not_picked":["Compile Driver","Coolheaded","Sweeping Beam+1"],"picked":"SKIP","floor":24.0},{"not_picked":["Storm","Reprogram"],"picked":"Auto Shields","floor":25.0},{"not_picked":["Force Field","Sweeping Beam+1"],"picked":"Chill","floor":28.0},{"not_picked":["Leap","Beam Cell+1"],"picked":"Core Surge","floor":29.0},{"not_picked":["Genetic Algorithm+1","Doom and Gloom"],"picked":"Consume","floor":30.0},{"not_picked":["Sweeping Beam+1","Redo","Electrodynamics"],"picked":"SKIP","floor":31.0},{"not_picked":["Compile Driver","Redo"],"picked":"Steam","floor":32.0},{"not_picked":["Core Surge","Meteor Strike"],"picked":"Machine Learning","floor":33.0},{"not_picked":["Rebound+1","Steam+1","BootSequence+1"],"picked":"SKIP","floor":35.0},{"not_picked":["Streamline","Heatsinks","Turbo"],"picked":"SKIP","floor":36.0},{"not_picked":["Madness","Dramatic Entrance"],"picked":"Secret Technique","floor":39.0},{"not_picked":["Amplify","Leap+1","Sweeping Beam+1"],"picked":"SKIP","floor":40.0},{"not_picked":["Go for the Eyes","Turbo"],"picked":"Self Repair","floor":44.0},{"not_picked":["Leap+1","Streamline","Sunder+1"],"picked":"SKIP","floor":45},{"not_picked":["Rebound","Leap+1","Streamline"],"picked":"SKIP","floor":46},{"not_picked":["Leap","Heatsinks+1","Conserve Battery"],"picked":"SKIP","floor":47},{"not_picked":["Consume","Beam Cell+1"],"picked":"Darkness+1","floor":48},{"not_picked":["Compile Driver+1","Sweeping Beam","Rebound+1"],"picked":"SKIP","floor":54}],"player_experience":199664,"relics_obtained":[{"floor":6.0,"key":"Strawberry"},{"floor":8.0,"key":"Dead Branch"},{"floor":14.0,"key":"War Paint"},{"floor":20.0,"key":"Bottled Lightning"},{"floor":23.0,"key":"Calipers"},{"floor":25.0,"key":"Old Coin"},{"floor":26.0,"key":"Dream Catcher"},{"floor":28.0,"key":"Torii"},{"floor":31.0,"key":"Thread and Needle"},{"floor":40.0,"key":"Shovel"},{"floor":43.0,"key":"Kunai"},{"floor":45,"key":"Omamori"},{"floor":49,"key":"Bottled Tornado"},{"floor":52,"key":"Mummified Hand"},{"floor":54,"key":"DataDisk"}],"event_choices":[{"damage_healed":0.0,"max_hp_gain":0.0,"max_hp_loss":0.0,"gold_gain":0.0,"event_name":"Cursed Tome","player_choice":"Ignored","floor":27.0,"gold_loss":0.0,"damage_taken":0.0},{"cards_removed":["Defend_B"],"damage_healed":0.0,"max_hp_gain":0.0,"max_hp_loss":0.0,"gold_gain":0.0,"event_name":"Falling","player_choice":"Removed Skill","floor":38.0,"gold_loss":0.0,"damage_taken":0.0},{"damage_healed":0.0,"max_hp_gain":0.0,"max_hp_loss":0.0,"gold_gain":0.0,"event_name":"SensoryStone","player_choice":"Memory 1","floor":39.0,"gold_loss":0.0,"damage_taken":0.0},{"cards_removed":["Strike_B"],"damage_healed":0.0,"max_hp_gain":0.0,"max_hp_loss":0.0,"gold_gain":0.0,"event_name":"Purifier","player_choice":"Purged","floor":41.0,"gold_loss":0.0,"damage_taken":0.0}],"is_beta":false,"boss_relics":[{"not_picked":["Inserter","Eternal Feather"],"picked":"Fusion Hammer"},{"not_picked":["Philosopher\u0027s Stone","White Beast Statue"],"picked":"FrozenCore"}],"items_purged_floors":[19,37,53],"is_endless":false,"potions_floor_spawned":[1,2,6,8,16,21,23,25,28,30,36,45,46,48],"killed_by":"The Heart","ascension_level":5}