{"gold_per_floor":[116,134,134,149,99,99,128,128,153,165,12,12,26,46,46,144,144,163,183,194,206,220,220,247,172,172,204,304,333,351,370,370,470,470,481,83,83,100,118,148,148,0,0,35,35,49,69,86,86,86],"floor_reached":51,"playtime":6291,"items_purged":["Strike_R","Doubt"],"score":1156,"play_id":"f31f6699-9968-46ca-b84b-4891b7a8bfbe","local_time":"20190721114636","is_ascension_mode":true,"campfire_choices":[{"data":"1","floor":6.0,"key":"LIFT"},{"data":"2","floor":8.0,"key":"LIFT"},{"data":"3","floor":12.0,"key":"LIFT"},{"data":"Armaments","floor":15.0,"key":"SMITH"},{"data":"Limit Break","floor":23.0,"key":"SMITH"},{"floor":32.0,"key":"REST"},{"data":"Entrench","floor":49,"key":"SMITH"}],"neow_cost":"TEN_PERCENT_HP_LOSS","seed_source_timestamp":0,"circlet_count":0,"master_deck":["Strike_R","Strike_R","Defend_R","Defend_R","Defend_R","Bash","Shrug It Off","True Grit","Ghostly Armor","Armaments+1","Blood for Blood","Uppercut","Demon Form","Thunderclap","Infernal Blade+1","Limit Break+1","Inflame+1","Disarm+1","Anger","Spot Weakness","Sentinel+1","Entrench+1","Body Slam","Offering","Warcry+1","Feed","Panache+1"],"special_seed":0,"relics":["Burning Blood","Girya","Torii","Art of War","Ancient Tea Set","Vajra","Mark of Pain","Bronze Scales","The Courier","Red Mask","Nunchaku","Singing Bowl","Centennial Puzzle","Lizard Tail","Membership Card","Frozen Egg 2","Oddly Smooth Stone","PreservedInsect","Happy Flower","Self Forming Clay","Toxic Egg 2"],"potions_floor_usage":[38,39,39,40,44,46,46,50,50],"damage_taken":[{"damage":6.0,"enemies":"Cultist","floor":1.0,"turns":3.0},{"damage":5.0,"enemies":"2 Louse","floor":2.0,"turns":3.0},{"damage":9.0,"enemies":"Jaw Worm","floor":4.0,"turns":6.0},{"damage":21.0,"enemies":"3 Sentries","floor":7.0,"turns":13.0},{"damage":11.0,"enemies":"Gremlin Gang","floor":10.0,"turns":6.0},{"damage":1.0,"enemies":"3 Louse","floor":13.0,"turns":3.0},{"damage":1.0,"enemies":"Blue Slaver","floor":14.0,"turns":4.0},{"damage":20.0,"enemies":"Hexaghost","floor":16.0,"turns":8.0},{"damage":0.0,"enemies":"Chosen","floor":18.0,"turns":6.0},{"damage":9.0,"enemies":"2 Thieves","floor":19.0,"turns":4.0},{"damage":14.0,"enemies":"Snake Plant","floor":20.0,"turns":3.0},{"damage":13.0,"enemies":"3 Cultists","floor":21.0,"turns":4.0},{"damage":33.0,"enemies":"Shelled Parasite and Fungi","floor":22.0,"turns":6.0},{"damage":5.0,"enemies":"Book of Stabbing","floor":24.0,"turns":5.0},{"damage":18.0,"enemies":"Masked Bandits","floor":27.0,"turns":3.0},{"damage":27.0,"enemies":"Colosseum Slavers","floor":28.0,"turns":5.0},{"damage":7.0,"enemies":"Colosseum Nobs","floor":28.0,"turns":3.0},{"damage":16.0,"enemies":"Gremlin Leader","floor":29.0,"turns":5.0},{"damage":0.0,"enemies":"Centurion and Healer","floor":30.0,"turns":3.0},{"damage":1.0,"enemies":"Snecko","floor":31.0,"turns":4.0},{"damage":46.0,"enemies":"Automaton","floor":33.0,"turns":7.0},{"damage":21,"enemies":"3 Darklings","floor":35,"turns":3},{"damage":0,"enemies":"3 Shapes","floor":38,"turns":10},{"damage":30,"enemies":"Jaw Worm Horde","floor":39,"turns":2},{"damage":42,"enemies":"Reptomancer","floor":40,"turns":6},{"damage":31,"enemies":"Giant Head","floor":44,"turns":6},{"damage":19,"enemies":"Writhing Mass","floor":46,"turns":3},{"damage":12,"enemies":"3 Darklings","floor":47,"turns":5},{"damage":1,"enemies":"Sphere and 2 Shapes","floor":48,"turns":3},{"damage":27,"enemies":"Donu and Deca","floor":50,"turns":4}],"seed_played":"-8394971348579428993","potions_obtained":[{"floor":13.0,"key":"PowerPotion"},{"floor":14.0,"key":"Regen Potion"},{"floor":16.0,"key":"BloodPotion"},{"floor":19.0,"key":"Weak Potion"},{"floor":22.0,"key":"Explosive Potion"},{"floor":28.0,"key":"AttackPotion"},{"floor":29.0,"key":"SkillPotion"},{"floor":30.0,"key":"Weak Potion"},{"floor":33.0,"key":"Weak Potion"},{"floor":39,"key":"Dexterity Potion"},{"floor":44,"key":"SkillPotion"},{"floor":46,"key":"Strength Potion"},{"floor":47,"key":"Swift Potion"}],"is_trial":false,"path_per_floor":["M","M","T","M","?","R","E","R","T","M","$","R","M","M","R","B",null,"M","M","M","M","M","R","E","?","T","?","?","E","M","M","R","B",null,"M","$","?","M","M","E","?","$","T","E","?","M","M","M","R","B",null],"character_chosen":"IRONCLAD","items_purchased":["Vajra","Membership Card","Frozen Egg 2","Regen Potion","Oddly Smooth Stone","PowerPotion","Happy Flower","Energy Potion","Block Potion"],"campfire_rested":1,"item_purchase_floors":[11,36,36,36,36,36,42,42,42],"current_hp_per_floor":[72,72,72,69,69,69,54,54,54,49,49,49,54,59,59,45,65,71,68,60,53,44,44,59,59,59,47,25,17,23,28,50,10,58,45,45,45,68,46,10,80,80,80,55,55,47,43,53,53,32],"gold":86,"neow_bonus":"ONE_RARE_RELIC","is_prod":false,"is_daily":false,"chose_seed":false,"campfire_upgraded":3,"win_rate":0,"timestamp":1563734796,"path_taken":["M","M","?","M","?","R","E","R","T","M","?","R","M","?","R","BOSS","M","M","M","?","M","R","E","?","T","?","?","E","M","M","R","BOSS","M","$","?","M","M","E","?","$","T","E","?","M","M","M","R","BOSS"],"build_version":"2019-07-17","purchased_purges":2,"victory":true,"max_hp_per_floor":[72,72,72,72,72,72,72,72,72,72,72,72,72,72,72,72,72,72,72,72,72,72,72,72,72,72,72,72,74,74,74,74,74,74,76,76,76,78,80,80,80,80,80,80,80,85,87,92,92,92],"card_choices":[{"not_picked":["Heavy Blade","True Grit"],"picked":"Shrug It Off","floor":1.0},{"not_picked":["Carnage","Pommel Strike"],"picked":"True Grit","floor":2.0},{"not_picked":["Pommel Strike","True Grit"],"picked":"Ghostly Armor","floor":4.0},{"not_picked":["Ghostly Armor","Clothesline"],"picked":"Armaments","floor":7.0},{"not_picked":["Dropkick","Battle Trance"],"picked":"Blood for Blood","floor":10.0},{"not_picked":["Burning Pact","Clothesline","Carnage"],"picked":"SKIP","floor":13.0},{"not_picked":["Perfected Strike","Clothesline"],"picked":"Uppercut","floor":14.0},{"not_picked":["Impervious","Juggernaut"],"picked":"Demon Form","floor":16.0},{"not_picked":["Fire Breathing","Second Wind"],"picked":"Thunderclap","floor":18.0},{"not_picked":["Twin Strike","Sword Boomerang"],"picked":"Infernal Blade+1","floor":19.0},{"not_picked":["Burning Pact+1","Twin Strike"],"picked":"Limit Break","floor":20.0},{"not_picked":["Perfected Strike","Corruption"],"picked":"Inflame+1","floor":21.0},{"not_picked":["Carnage+1","Rupture"],"picked":"Disarm+1","floor":22.0},{"not_picked":["Rage","Offering"],"picked":"Anger","floor":24.0},{"not_picked":["Pommel Strike","Sword Boomerang+1"],"picked":"Spot Weakness","floor":27.0},{"not_picked":["Thunderclap","Body Slam"],"picked":"Sentinel+1","floor":28.0},{"not_picked":["Clash+1","Seeing Red+1","Dual Wield"],"picked":"Singing Bowl","floor":29.0},{"not_picked":["Disarm","Iron Wave"],"picked":"Entrench","floor":30.0},{"not_picked":["Hemokinesis+1","Blood for Blood+1"],"picked":"Body Slam","floor":31.0},{"not_picked":["Juggernaut","Berserk"],"picked":"Offering","floor":33.0},{"not_picked":["Sword Boomerang+1","Battle Trance+1","Clash+1"],"picked":"Singing Bowl","floor":35},{"not_picked":["Ghostly Armor","Feel No Pain+1","Dual Wield"],"picked":"Singing Bowl","floor":38},{"not_picked":["Headbutt","Rampage+1","Infernal Blade+1"],"picked":"Singing Bowl","floor":39},{"not_picked":["Rage+1","Body Slam+1"],"picked":"Warcry+1","floor":40},{"not_picked":["Havoc","Dual Wield"],"picked":"Feed","floor":44},{"not_picked":["Blind+1","HandOfGreed"],"picked":"Panache+1","floor":45},{"not_picked":["Thunderclap+1","Rampage+1","Body Slam"],"picked":"Singing Bowl","floor":46},{"not_picked":["Reckless Charge","Fire Breathing+1","Armaments+1"],"picked":"Singing Bowl","floor":47},{"not_picked":["Searing Blow","Dropkick+1","Burning Pact+1"],"picked":"Singing Bowl","floor":48}],"player_experience":363842,"relics_obtained":[{"floor":3.0,"key":"Torii"},{"floor":7.0,"key":"Art of War"},{"floor":9.0,"key":"Ancient Tea Set"},{"floor":24.0,"key":"Bronze Scales"},{"floor":26.0,"key":"The Courier"},{"floor":27.0,"key":"Red Mask"},{"floor":28.0,"key":"Nunchaku"},{"floor":28.0,"key":"Singing Bowl"},{"floor":29.0,"key":"Centennial Puzzle"},{"floor":40,"key":"PreservedInsect"},{"floor":43,"key":"Self Forming Clay"},{"floor":44,"key":"Toxic Egg 2"}],"event_choices":[{"cards_removed":["Defend_R"],"damage_healed":0.0,"max_hp_gain":0.0,"max_hp_loss":0.0,"gold_gain":0.0,"event_name":"The Cleric","player_choice":"Card Removal","floor":5.0,"gold_loss":50.0,"damage_taken":0.0},{"cards_removed":["Strike_R"],"damage_healed":0.0,"max_hp_gain":0.0,"max_hp_loss":0.0,"gold_gain":0.0,"event_name":"Beggar","player_choice":"Gave Gold","floor":25.0,"gold_loss":75.0,"damage_taken":0.0},{"damage_healed":0.0,"max_hp_gain":0.0,"max_hp_loss":0.0,"gold_gain":0.0,"event_name":"Masked Bandits","player_choice":"Fought Bandits","floor":27.0,"gold_loss":0.0,"damage_taken":0.0},{"damage_healed":0.0,"max_hp_gain":0.0,"max_hp_loss":0.0,"gold_gain":0.0,"event_name":"Colosseum","player_choice":"Fight","floor":28.0,"gold_loss":0.0,"damage_taken":0.0},{"damage_healed":0.0,"max_hp_gain":0.0,"max_hp_loss":0.0,"gold_gain":0.0,"event_name":"Colosseum","player_choice":"Fought Nobs","floor":28.0,"gold_loss":0.0,"damage_taken":0.0},{"cards_removed":["Strike_R"],"damage_healed":0,"gold_gain":0,"player_choice":"Removed Attack","damage_taken":0,"max_hp_gain":0,"max_hp_loss":0,"event_name":"Falling","floor":37,"gold_loss":0},{"damage_healed":70,"gold_gain":0,"player_choice":"Heal","damage_taken":0,"max_hp_gain":0,"max_hp_loss":0,"event_name":"MindBloom","floor":41,"gold_loss":0,"cards_obtained":["Doubt"]},{"damage_healed":0,"gold_gain":0,"player_choice":"Memory 1","damage_taken":0,"max_hp_gain":0,"max_hp_loss":0,"event_name":"SensoryStone","floor":45,"gold_loss":0}],"is_beta":false,"boss_relics":[{"not_picked":["Tiny House","Pandora\u0027s Box"],"picked":"Mark of Pain"},{"not_picked":["Empty Cage","Calling Bell"],"picked":"Lizard Tail"}],"items_purged_floors":[36,42],"is_endless":false,"potions_floor_spawned":[13,14,16,19,22,28,29,30,33,39,44,46,47],"ascension_level":9}