{"gold_per_floor":[113,113,113,140,158,188,60,60,60,78,95,95,114,132,132,236,236,248,248,47,47],"floor_reached":21,"playtime":759,"items_purged":["Strike_B"],"score":179,"play_id":"412ad825-afa6-4184-b31c-d60d8708b752","local_time":"20190104235502","is_ascension_mode":false,"campfire_choices":[{"data":"Zap","floor":8,"key":"SMITH"},{"data":"Barrage","floor":15,"key":"SMITH"}],"neow_cost":"NONE","seed_source_timestamp":0,"circlet_count":0,"master_deck":["Strike_B+1","Strike_B+1","Strike_B+1","Defend_B","Defend_B","Defend_B","Defend_B","Zap+1","Beam Cell+1","Compile Driver","Leap","Coolheaded","Sweeping Beam","Barrage+1","Cold Snap"],"special_seed":0,"relics":["Eternal Feather","Whetstone","PreservedInsect","Bottled Flame","Snecko Eye","Membership Card"],"potions_floor_usage":[16,21,21],"damage_taken":[{"damage":11.0,"enemies":"Jaw Worm","floor":1.0,"turns":3.0},{"damage":0,"enemies":"2 Louse","floor":5,"turns":2},{"damage":30,"enemies":"Gremlin Nob","floor":6,"turns":4},{"damage":0,"enemies":"Small Slimes","floor":10,"turns":3},{"damage":3,"enemies":"Red Slaver","floor":11,"turns":2},{"damage":6,"enemies":"Exordium Thugs","floor":13,"turns":4},{"damage":5,"enemies":"3 Louse","floor":14,"turns":3},{"damage":42,"enemies":"Hexaghost","floor":16,"turns":9},{"damage":35,"enemies":"Spheric Guardian","floor":18,"turns":7},{"damage":0,"enemies":"3 Byrds","floor":21,"turns":1}],"seed_played":"-9061134403340187924","potions_obtained":[{"floor":1,"key":"Fire Potion"},{"floor":5,"key":"LiquidBronze"},{"floor":14,"key":"Ancient Potion"}],"is_trial":false,"path_per_floor":["M","?","?","T","M","E","$","R","T","M","M","$","M","M","R","B",null,"M","?","$","M"],"character_chosen":"DEFECT","items_purchased":["Leap","Membership Card"],"campfire_rested":0,"item_purchase_floors":[7,20],"current_hp_per_floor":[64,49,74,74,74,44,44,50,50,50,47,47,41,36,45,3,75,40,40,40,40],"gold":47,"neow_bonus":"BOSS_RELIC","is_prod":false,"is_daily":false,"chose_seed":false,"campfire_upgraded":2,"win_rate":0,"timestamp":1546664102,"path_taken":["M","?","?","?","M","E","$","R","T","M","M","$","M","M","R","BOSS","M","?","$","M"],"build_version":"2019-01-03v4","purchased_purges":1,"victory":false,"max_hp_per_floor":[75,75,75,75,75,75,75,75,75,75,75,75,75,75,75,75,75,75,75,75,75],"card_choices":[{"not_picked":["Recycle","Rebound"],"picked":"Beam Cell","floor":1},{"not_picked":["Barrage","Go for the Eyes","Melter"],"picked":"SKIP","floor":5},{"not_picked":["Stack","Beam Cell"],"picked":"Compile Driver","floor":6},{"not_picked":["Genetic Algorithm","Seek"],"picked":"Coolheaded","floor":10},{"not_picked":["Defragment","Conserve Battery","FTL"],"picked":"SKIP","floor":11},{"not_picked":["Gash","Redo"],"picked":"Sweeping Beam","floor":13},{"not_picked":["Stack","Steam"],"picked":"Barrage","floor":14},{"not_picked":["Beam Cell","Steam+1"],"picked":"Cold Snap","floor":18}],"player_experience":670494,"relics_obtained":[{"floor":4,"key":"Whetstone"},{"floor":6,"key":"PreservedInsect"},{"floor":9,"key":"Bottled Flame"}],"event_choices":[{"damage_healed":0,"gold_gain":0,"player_choice":"Entered Light","damage_taken":15,"max_hp_gain":0,"max_hp_loss":0,"event_name":"Shining Light","floor":2,"gold_loss":0,"cards_upgraded":["Strike_B","Strike_B"]},{"damage_healed":25,"gold_gain":0,"player_choice":"Banana","damage_taken":0,"max_hp_gain":0,"max_hp_loss":0,"event_name":"Big Fish","floor":3,"gold_loss":0},{"cards_removed":["Dualcast"],"damage_healed":0,"gold_gain":0,"player_choice":"Offered Basic","damage_taken":0,"max_hp_gain":0,"max_hp_loss":0,"event_name":"Bonfire Elementals","floor":19,"gold_loss":0}],"is_beta":false,"boss_relics":[{"not_picked":["Pandora\u0027s Box","Velvet Choker"],"picked":"Snecko Eye"}],"items_purged_floors":[7],"is_endless":false,"potions_floor_spawned":[1,5,14],"killed_by":"3 Byrds","ascension_level":0}