{"gold_per_floor":[111,186,361,376,389,389,404,436,436,463,463,307,307,324,324,422,422,377,8,8,8,8,8,8,8,8,8,8,8,8,8,8,8],"floor_reached":33,"playtime":2042,"items_purged":["Strike_B","Strike_B"],"score":346,"play_id":"4efefe8b-eaea-4488-a76c-28294efa8cfd","local_time":"20190812071850","is_ascension_mode":true,"campfire_choices":[{"data":"Genetic Algorithm","floor":6.0,"key":"SMITH"},{"floor":11.0,"key":"REST"},{"data":"Sunder","floor":13.0,"key":"SMITH"},{"floor":15.0,"key":"REST"},{"data":"RitualDagger","floor":23,"key":"SMITH"},{"data":"Fission","floor":25,"key":"SMITH"},{"data":"Seek","floor":28,"key":"SMITH"},{"floor":32,"key":"REST"}],"neow_cost":"NONE","seed_source_timestamp":0,"circlet_count":0,"master_deck":["Strike_B","Strike_B","Defend_B","Defend_B","Defend_B","Zap","Dualcast","Genetic Algorithm+1","Doubt","Static Discharge","Ball Lightning+1","Seek+1","Rebound","Streamline+1","Sunder+1","Fission+1","Conserve Battery","Hologram","White Noise","Reprogram","RitualDagger+1","Hello World","Cold Snap+1","Turbo+1","Leap"],"special_seed":0,"relics":["Cracked Core","Sundial","Mercury Hourglass","Letter Opener","Ectoplasm","Matryoshka","Pantograph","Potion Belt","Whetstone"],"potions_floor_usage":[29,29,30],"damage_taken":[{"damage":3.0,"enemies":"2 Louse","floor":1.0,"turns":2.0},{"damage":0.0,"enemies":"Small Slimes","floor":4.0,"turns":3.0},{"damage":9.0,"enemies":"Jaw Worm","floor":5.0,"turns":5.0},{"damage":14.0,"enemies":"2 Fungi Beasts","floor":7.0,"turns":3.0},{"damage":12.0,"enemies":"Lagavulin","floor":8.0,"turns":5.0},{"damage":21.0,"enemies":"Gremlin Nob","floor":10.0,"turns":4.0},{"damage":0.0,"enemies":"Blue Slaver","floor":14.0,"turns":2.0},{"damage":41.0,"enemies":"The Guardian","floor":16.0,"turns":7.0},{"damage":11.0,"enemies":"2 Thieves","floor":18.0,"turns":4.0},{"damage":0.0,"enemies":"Chosen","floor":20.0,"turns":3.0},{"damage":0,"enemies":"Sentry and Sphere","floor":21,"turns":3},{"damage":13,"enemies":"Snake Plant","floor":27,"turns":3},{"damage":25,"enemies":"Book of Stabbing","floor":29,"turns":5},{"damage":10,"enemies":"Snecko","floor":30,"turns":5},{"damage":17,"enemies":"3 Cultists","floor":31,"turns":5},{"damage":58,"enemies":"Automaton","floor":33,"turns":6}],"seed_played":"6581328353581518200","potions_obtained":[{"floor":7.0,"key":"SpeedPotion"},{"floor":14.0,"key":"EssenceOfSteel"},{"floor":16.0,"key":"Poison Potion"},{"floor":21,"key":"FearPotion"},{"floor":29,"key":"FearPotion"}],"is_trial":false,"path_per_floor":["M","?","?","M","M","R","M","E","T","E","R","$","R","M","R","B",null,"M","$","M","M","?","R","?","R","T","M","R","E","M","M","R","B"],"character_chosen":"DEFECT","items_purchased":["Sunder","Matryoshka","Hologram"],"campfire_rested":3,"item_purchase_floors":[12,19,19],"current_hp_per_floor":[72,61,61,61,52,52,38,26,26,5,27,27,27,27,49,8,58,47,47,47,47,41,41,66,66,66,53,53,28,18,1,23,0],"gold":8,"neow_bonus":"REMOVE_CARD","is_prod":false,"is_daily":false,"chose_seed":false,"campfire_upgraded":5,"win_rate":0,"timestamp":1565619530,"path_taken":["M","?","?","M","M","R","M","E","T","E","R","$","R","M","R","BOSS","M","$","M","M","?","R","?","R","T","M","R","E","M","M","R","BOSS"],"build_version":"2019-07-17","purchased_purges":2,"victory":false,"max_hp_per_floor":[75,75,75,75,75,75,75,75,75,75,75,75,75,75,75,75,75,75,75,75,75,75,75,75,75,75,75,75,75,75,75,75,75],"card_choices":[{"not_picked":["Steam","Compile Driver"],"picked":"Genetic Algorithm","floor":1.0},{"not_picked":["Coolheaded","Lockon"],"picked":"Static Discharge","floor":4.0},{"not_picked":["Undo","Cold Snap"],"picked":"Ball Lightning","floor":5.0},{"not_picked":["Conserve Battery","Hologram"],"picked":"Seek","floor":7.0},{"not_picked":["Self Repair","Barrage"],"picked":"Rebound","floor":8.0},{"not_picked":["Compile Driver","Fusion"],"picked":"Streamline","floor":10.0},{"not_picked":["Fusion","Force Field","Multi-Cast"],"picked":"SKIP","floor":14.0},{"not_picked":["Thunder Strike","Electrodynamics"],"picked":"Fission","floor":16.0},{"not_picked":["Sweeping Beam","Redo"],"picked":"Conserve Battery","floor":18.0},{"not_picked":["Static Discharge","Rip and Tear"],"picked":"White Noise","floor":20},{"not_picked":["Beam Cell","Stack"],"picked":"Reprogram","floor":21},{"not_picked":["Cold Snap","Rebound"],"picked":"Hello World","floor":27},{"not_picked":["Blizzard","Gash"],"picked":"Cold Snap+1","floor":29},{"not_picked":["Redo+1","Compile Driver+1"],"picked":"Turbo+1","floor":30},{"not_picked":["Meteor Strike","Scrape"],"picked":"Leap","floor":31}],"player_experience":311468,"relics_obtained":[{"floor":8.0,"key":"Sundial"},{"floor":9.0,"key":"Mercury Hourglass"},{"floor":10.0,"key":"Letter Opener"},{"floor":26,"key":"Pantograph"},{"floor":26,"key":"Potion Belt"},{"floor":29,"key":"Whetstone"}],"event_choices":[{"damage_healed":0.0,"max_hp_gain":0.0,"max_hp_loss":0.0,"gold_gain":75.0,"event_name":"World of Goop","player_choice":"Gather Gold","floor":2.0,"gold_loss":0.0,"damage_taken":11.0},{"damage_healed":0.0,"max_hp_gain":0.0,"max_hp_loss":0.0,"gold_gain":175.0,"event_name":"Liars Game","player_choice":"AGREE","floor":3.0,"gold_loss":0.0,"damage_taken":0.0,"cards_obtained":["Doubt"]},{"damage_healed":0,"gold_gain":0,"player_choice":"Joined the Cult","damage_taken":6,"max_hp_gain":0,"max_hp_loss":0,"event_name":"Nest","floor":22,"gold_loss":0,"cards_obtained":["RitualDagger"]},{"damage_healed":25,"gold_gain":0,"player_choice":"Heal","damage_taken":0,"max_hp_gain":0,"max_hp_loss":0,"event_name":"The Library","floor":24,"gold_loss":0}],"is_beta":false,"boss_relics":[{"not_picked":["Eternal Feather","Velvet Choker"],"picked":"Ectoplasm"}],"items_purged_floors":[12,19],"is_endless":false,"potions_floor_spawned":[7,14,16,21,29],"killed_by":"Automaton","ascension_level":5}