{"gold_per_floor":[116,64,78,78,78,78,88,117,195,145,171,188,188,188],"floor_reached":14,"playtime":723,"items_purged":[],"score":118,"play_id":"c9e9fc4d-df14-4b2e-b00d-d31f3086664f","local_time":"20190707025617","is_ascension_mode":true,"campfire_choices":[{"data":"Armaments","floor":6,"key":"SMITH"}],"neow_cost":"CURSE","seed_source_timestamp":123304769413627,"circlet_count":0,"master_deck":["Strike_R","Strike_R","Strike_R","Strike_R","Defend_R+1","Defend_R+1","Defend_R","Defend_R","Bash","Clumsy","Barricade","Disarm","Armaments+1","Second Wind","Body Slam","Inflame","Feel No Pain+1","Rampage","Panacea"],"relics":["Burning Blood","Centennial Puzzle","Lantern","Frozen Egg 2","Smiling Mask"],"potions_floor_usage":[7],"damage_taken":[{"damage":11,"enemies":"Jaw Worm","floor":1,"turns":4},{"damage":4,"enemies":"2 Louse","floor":3,"turns":3},{"damage":0,"enemies":"Small Slimes","floor":7,"turns":3},{"damage":15,"enemies":"Gremlin Nob","floor":8,"turns":4},{"damage":34,"enemies":"3 Sentries","floor":11,"turns":10},{"damage":7,"enemies":"Red Slaver","floor":12,"turns":7},{"damage":16,"enemies":"Large Slime","floor":14,"turns":3}],"seed_played":"2687518880595864243","potions_obtained":[{"floor":1,"key":"Explosive Potion"},{"floor":12,"key":"Dexterity Potion"}],"is_trial":false,"path_per_floor":["M","$","M","?","?","R","M","E","T","?","E","M","?","M"],"character_chosen":"IRONCLAD","items_purchased":["Armaments"],"campfire_rested":0,"item_purchase_floors":[2],"current_hp_per_floor":[75,75,77,61,43,43,49,40,40,40,12,11,11,0],"gold":188,"neow_bonus":"THREE_RARE_CARDS","is_prod":false,"is_daily":false,"chose_seed":false,"campfire_upgraded":1,"win_rate":0,"timestamp":1562493377,"path_taken":["M","$","M","?","?","R","M","E","T","?","E","M","?","M"],"build_version":"2019-07-05","purchased_purges":0,"victory":false,"max_hp_per_floor":[80,80,80,80,80,80,80,80,80,80,80,80,80,80],"card_choices":[{"not_picked":["Fiend Fire","Double Tap"],"picked":"Barricade","floor":0},{"not_picked":["Searing Blow","Bloodletting"],"picked":"Disarm","floor":1},{"not_picked":["Bloodletting","Pommel Strike"],"picked":"Second Wind","floor":3},{"not_picked":["Combust","Heavy Blade"],"picked":"Body Slam","floor":7},{"not_picked":["Sever Soul","Pummel"],"picked":"Inflame","floor":8},{"not_picked":["Sever Soul","Clothesline"],"picked":"Feel No Pain+1","floor":11},{"not_picked":["Spot Weakness","Armaments"],"picked":"Rampage","floor":12}],"player_experience":214048,"relics_obtained":[{"floor":8,"key":"Lantern"},{"floor":9,"key":"Frozen Egg 2"},{"floor":11,"key":"Smiling Mask"}],"event_choices":[{"damage_healed":0,"gold_gain":0,"player_choice":"Entered Light","damage_taken":16,"max_hp_gain":0,"max_hp_loss":0,"event_name":"Shining Light","floor":4,"gold_loss":0,"cards_upgraded":["Defend_R","Defend_R"]},{"damage_healed":0,"gold_gain":0,"player_choice":"Success","damage_taken":18,"relics_obtained":["Centennial Puzzle"],"max_hp_gain":0,"max_hp_loss":0,"event_name":"Scrap Ooze","floor":5,"gold_loss":0},{"cards_removed":["Strike_R"],"damage_healed":0,"gold_gain":0,"player_choice":"Card Removal","damage_taken":0,"max_hp_gain":0,"max_hp_loss":0,"event_name":"The Cleric","floor":10,"gold_loss":50},{"damage_healed":0,"gold_gain":0,"player_choice":"1 cards matched","damage_taken":0,"max_hp_gain":0,"max_hp_loss":0,"event_name":"Match and Keep!","floor":13,"gold_loss":0,"cards_obtained":["Panacea"]}],"is_beta":false,"boss_relics":[],"items_purged_floors":[],"is_endless":false,"potions_floor_spawned":[1,12],"killed_by":"Large Slime","ascension_level":4}