{"gold_per_floor":[209,229,154,169,180,180,210,210,210,239,239,314,314,334,334,334],"floor_reached":16,"playtime":1223,"items_purged":["Strike_G"],"score":110,"play_id":"5bbbb6ee-5f65-40e1-8791-bafabe4bece0","local_time":"20181207195649","is_ascension_mode":false,"campfire_choices":[{"data":"Neutralize","floor":6,"key":"SMITH"},{"data":"Survivor","floor":8,"key":"SMITH"},{"floor":11,"key":"REST"},{"floor":13,"key":"REST"},{"data":"Heel Hook","floor":15,"key":"SMITH"}],"neow_cost":"NONE","seed_source_timestamp":250456703005370,"circlet_count":0,"master_deck":["Defend_G","Defend_G","Defend_G","Defend_G","Defend_G","Strike_G","Strike_G","Strike_G","Strike_G","Survivor+1","Neutralize+1","Heel Hook+1"],"relics":["Ring of the Snake","Ancient Tea Set","Happy Flower","The Courier"],"potions_floor_usage":[7,10,16],"damage_taken":[{"damage":0,"enemies":"Small Slimes","floor":1,"turns":3},{"damage":0,"enemies":"Jaw Worm","floor":2,"turns":5},{"damage":0,"enemies":"2 Louse","floor":4,"turns":4},{"damage":7,"enemies":"2 Fungi Beasts","floor":5,"turns":4},{"damage":10,"enemies":"Lagavulin","floor":7,"turns":8},{"damage":45,"enemies":"Gremlin Nob","floor":10,"turns":7},{"damage":0,"enemies":"3 Louse","floor":14,"turns":4},{"damage":50,"enemies":"Slime Boss","floor":16,"turns":8}],"seed_played":"-6372632627527018879","potions_obtained":[{"floor":1,"key":"AttackPotion"},{"floor":2,"key":"Dexterity Potion"},{"floor":14,"key":"Explosive Potion"}],"is_trial":false,"path_per_floor":["M","M","$","M","M","R","E","R","T","E","R","?","R","M","R","B"],"character_chosen":"THE_SILENT","items_purchased":[],"campfire_rested":2,"item_purchase_floors":[],"current_hp_per_floor":[70,70,70,70,63,63,53,53,53,8,29,18,39,39,39,0],"gold":334,"neow_bonus":"HUNDRED_GOLD","is_prod":false,"is_daily":false,"chose_seed":false,"campfire_upgraded":3,"win_rate":0,"timestamp":1544230609,"path_taken":["M","M","$","M","M","R","E","R","T","E","R","?","R","M","R","BOSS"],"build_version":"2018-12-06","purchased_purges":1,"victory":false,"max_hp_per_floor":[70,70,70,70,70,70,70,70,70,70,70,70,70,70,70,70],"card_choices":[{"not_picked":["PiercingWail","Outmaneuver"],"picked":"Heel Hook","floor":1},{"not_picked":["Poisoned Stab","Backflip","Deflect"],"picked":"SKIP","floor":2},{"not_picked":["Poisoned Stab","Leg Sweep","Quick Slash"],"picked":"SKIP","floor":4},{"not_picked":["Tactician","Predator","Accuracy"],"picked":"SKIP","floor":5},{"not_picked":["Caltrops","Unload","Outmaneuver"],"picked":"SKIP","floor":7},{"not_picked":["Deflect","Infinite Blades","Backflip"],"picked":"SKIP","floor":10},{"not_picked":["Slice","Quick Slash","Finisher"],"picked":"SKIP","floor":14}],"player_experience":603613,"relics_obtained":[{"floor":7,"key":"Ancient Tea Set"},{"floor":9,"key":"Happy Flower"},{"floor":10,"key":"The Courier"}],"event_choices":[{"damage_healed":0,"gold_gain":75,"player_choice":"Gather Gold","damage_taken":11,"max_hp_gain":0,"max_hp_loss":0,"event_name":"World of Goop","floor":12,"gold_loss":0}],"is_beta":false,"boss_relics":[],"items_purged_floors":[3],"is_endless":false,"potions_floor_spawned":[1,2,14],"killed_by":"Slime Boss","ascension_level":0}