{"gold_per_floor":[110,110,110,121,91,91,106,141,141,155,172,205,41,59,59,154,154,167,127,144,154,40,74,74,44,119,119,154,154,189,202,202,303,303,323,334,64,81,0,28,40,40,93,108,108,8,8,35,35,35],"floor_reached":51,"playtime":3603,"items_purged":["Strike_R","Strike_R","Defend_R"],"score":960,"play_id":"d08a7d40-a76d-41aa-96e9-2063f70b5e63","local_time":"20190707151140","is_ascension_mode":true,"campfire_choices":[{"data":"Combust","floor":6,"key":"SMITH"},{"data":"Warcry","floor":15,"key":"SMITH"},{"data":"Rupture","floor":24,"key":"SMITH"},{"floor":29,"key":"REST"},{"floor":32,"key":"REST"},{"floor":45,"key":"REST"},{"floor":49,"key":"REST"}],"neow_cost":"TEN_PERCENT_HP_LOSS","seed_source_timestamp":164529969832385,"circlet_count":0,"master_deck":["Defend_R","Defend_R+1","Bash+1","Warcry+1","Bludgeon","Combust+1","Iron Wave","Iron Wave","Sentinel","Havoc+1","Cleave+1","Havoc+1","True Grit+1","Blood for Blood","Armaments+1","Brutality","Intimidate+1","Rupture+1","Immolate+1","Clothesline+1","Inflame","Battle Trance+1","Feel No Pain+1","Double Tap+1","True Grit+1","Bandage Up+1","Armaments+1","Blood for Blood+1","Parasite","True Grit+1","Ghostly Armor+1","Madness+1","Madness+1","Inflame"],"relics":["Black Blood","The Courier","Toxic Egg 2","Oddly Smooth Stone","Mark of Pain","Pocketwatch","Paper Frog","Nilry\u0027s Codex","Matryoshka","Calipers","Red Skull","Red Mask","WingedGreaves","Pen Nib","Whetstone","Self Forming Clay"],"potions_floor_usage":[8,8,16,16,16,23,28,30,31,33,40,48,50],"damage_taken":[{"damage":0,"enemies":"Small Slimes","floor":1,"turns":2},{"damage":0,"enemies":"Cultist","floor":4,"turns":2},{"damage":7,"enemies":"2 Louse","floor":7,"turns":2},{"damage":8,"enemies":"3 Sentries","floor":8,"turns":5},{"damage":3,"enemies":"Gremlin Gang","floor":10,"turns":3},{"damage":8,"enemies":"Lots of Slimes","floor":11,"turns":3},{"damage":26,"enemies":"Gremlin Nob","floor":12,"turns":4},{"damage":4,"enemies":"Red Slaver","floor":14,"turns":2},{"damage":4,"enemies":"Slime Boss","floor":16,"turns":6},{"damage":2,"enemies":"Chosen","floor":18,"turns":4},{"damage":5,"enemies":"3 Byrds","floor":20,"turns":3},{"damage":7,"enemies":"Snecko","floor":21,"turns":4},{"damage":25,"enemies":"Book of Stabbing","floor":23,"turns":4},{"damage":25,"enemies":"Gremlin Leader","floor":28,"turns":5},{"damage":15,"enemies":"Book of Stabbing","floor":30,"turns":4},{"damage":8,"enemies":"Sentry and Sphere","floor":31,"turns":4},{"damage":35,"enemies":"Collector","floor":33,"turns":7},{"damage":44,"enemies":"3 Darklings","floor":35,"turns":4},{"damage":9,"enemies":"Orb Walker","floor":36,"turns":3},{"damage":14,"enemies":"Transient","floor":38,"turns":5},{"damage":30,"enemies":"Giant Head","floor":40,"turns":7},{"damage":18,"enemies":"Writhing Mass","floor":41,"turns":5},{"damage":7,"enemies":"3 Darklings","floor":44,"turns":4},{"damage":33,"enemies":"Reptomancer","floor":48,"turns":4},{"damage":57,"enemies":"Donu and Deca","floor":50,"turns":9}],"seed_played":"-9159586656329517127","potions_obtained":[{"floor":1,"key":"Ancient Potion"},{"floor":5,"key":"LiquidBronze"},{"floor":5,"key":"Fire Potion"},{"floor":11,"key":"Regen Potion"},{"floor":12,"key":"SteroidPotion"},{"floor":16,"key":"LiquidBronze"},{"floor":18,"key":"Fire Potion"},{"floor":23,"key":"Ancient Potion"},{"floor":28,"key":"Energy Potion"},{"floor":30,"key":"Fruit Juice"},{"floor":38,"key":"SpeedPotion"},{"floor":40,"key":"Fire Potion"},{"floor":44,"key":"Dexterity Potion"}],"is_trial":false,"path_per_floor":["M","?","?","M","?","R","M","E","T","M","M","E","$","M","R","B",null,"M","?","M","M","$","E","R","$","T","?","E","R","E","M","R","B",null,"M","M","$","M","?","E","M","?","T","M","R","$","?","E","R","B",null],"character_chosen":"IRONCLAD","items_purchased":["True Grit+1","Blood for Blood","Immolate","Inflame","Red Skull","Bandage Up+1"],"campfire_rested":4,"item_purchase_floors":[13,13,22,25,37,37],"current_hp_per_floor":[72,65,65,71,71,71,70,68,68,71,69,49,49,51,51,68,72,72,72,72,71,71,52,52,52,52,36,17,38,29,32,55,26,77,43,44,44,46,46,32,30,30,30,39,62,62,52,35,58,17],"gold":35,"neow_bonus":"TRANSFORM_TWO_CARDS","is_prod":false,"is_daily":false,"chose_seed":false,"campfire_upgraded":3,"win_rate":0,"timestamp":1562537500,"path_taken":["M","?","?","?","?","R","?","E","T","M","M","E","$","M","R","BOSS","M","?","?","?","?","E","R","$","T","?","E","R","E","M","R","BOSS","M","M","$","M","?","E","M","?","T","M","R","$","?","E","R","BOSS"],"build_version":"2019-07-05","purchased_purges":3,"victory":true,"max_hp_per_floor":[72,72,72,72,72,72,72,72,72,72,72,72,72,72,72,72,72,72,72,72,72,72,72,72,72,72,72,72,72,72,77,77,77,77,77,77,77,77,77,77,77,77,77,77,77,77,77,77,77,77],"card_choices":[{"not_picked":["Body Slam","Havoc"],"picked":"Combust","floor":1},{"not_picked":["Whirlwind","Evolve"],"picked":"Iron Wave","floor":4},{"not_picked":["Sever Soul","Whirlwind"],"picked":"Iron Wave","floor":7},{"not_picked":["Searing Blow","Perfected Strike"],"picked":"Sentinel","floor":8},{"not_picked":["Heavy Blade","Headbutt"],"picked":"Havoc+1","floor":10},{"not_picked":["Metallicize","Double Tap+1"],"picked":"Cleave","floor":11},{"not_picked":["Cleave","Wild Strike"],"picked":"Havoc+1","floor":12},{"not_picked":["Thunderclap","Bludgeon"],"picked":"Armaments+1","floor":14},{"not_picked":["Exhume+1","Double Tap+1"],"picked":"Brutality","floor":16},{"not_picked":["Perfected Strike","Flex+1"],"picked":"Intimidate+1","floor":18},{"not_picked":["Pommel Strike+1","Twin Strike","Clothesline"],"picked":"SKIP","floor":20},{"not_picked":["Flex+1","Twin Strike+1"],"picked":"Rupture","floor":21},{"not_picked":["Corruption+1","Havoc+1"],"picked":"Clothesline+1","floor":23},{"not_picked":["Infernal Blade+1","Dropkick+1"],"picked":"Battle Trance+1","floor":28},{"not_picked":["Reckless Charge+1","Headbutt+1"],"picked":"Feel No Pain+1","floor":30},{"not_picked":["Dark Embrace","Thunderclap","Rage+1"],"picked":"SKIP","floor":31},{"not_picked":["Demon Form","Barricade"],"picked":"Double Tap+1","floor":33},{"not_picked":["Armaments+1","Twin Strike+1","Flex+1"],"picked":"SKIP","floor":35},{"not_picked":["Thunderclap","Demon Form"],"picked":"True Grit+1","floor":36},{"not_picked":["Second Wind+1","Perfected Strike"],"picked":"Armaments+1","floor":38},{"not_picked":["Twin Strike+1","Cleave"],"picked":"Blood for Blood+1","floor":40},{"not_picked":["Flex+1","Perfected Strike"],"picked":"True Grit+1","floor":41},{"not_picked":["Heavy Blade","Warcry+1"],"picked":"Ghostly Armor+1","floor":44},{"not_picked":["Uppercut+1","Disarm+1"],"picked":"Inflame","floor":48}],"player_experience":224749,"relics_obtained":[{"floor":8,"key":"The Courier"},{"floor":9,"key":"Toxic Egg 2"},{"floor":12,"key":"Oddly Smooth Stone"},{"floor":23,"key":"Pocketwatch"},{"floor":26,"key":"Paper Frog"},{"floor":27,"key":"Nilry\u0027s Codex"},{"floor":28,"key":"Matryoshka"},{"floor":30,"key":"Calipers"},{"floor":40,"key":"WingedGreaves"},{"floor":43,"key":"Pen Nib"},{"floor":43,"key":"Whetstone"},{"floor":48,"key":"Self Forming Clay"}],"event_choices":[{"cards_removed":["Strike_R"],"damage_healed":0,"gold_gain":0,"player_choice":"Card Removal","damage_taken":7,"max_hp_gain":0,"max_hp_loss":0,"event_name":"Golden Wing","floor":2,"gold_loss":0},{"cards_removed":["Strike_R"],"damage_healed":0,"gold_gain":0,"player_choice":"Card Removal","damage_taken":0,"max_hp_gain":0,"max_hp_loss":0,"event_name":"Wheel of Change","floor":3,"gold_loss":0},{"damage_healed":0,"gold_gain":0,"player_choice":"Bought 2 Potions","damage_taken":0,"max_hp_gain":0,"max_hp_loss":0,"event_name":"The Woman in Blue","floor":5,"gold_loss":0},{"damage_healed":0,"gold_gain":0,"player_choice":"Upgraded Two","damage_taken":0,"max_hp_gain":0,"max_hp_loss":0,"event_name":"Designer","floor":19,"gold_loss":40,"cards_upgraded":["Defend_R","Cleave"]},{"damage_healed":0,"gold_gain":0,"player_choice":"Obtained Book","damage_taken":16,"max_hp_gain":0,"max_hp_loss":0,"event_name":"Cursed Tome","floor":27,"gold_loss":0},{"damage_healed":0,"gold_gain":0,"player_choice":"Paid","damage_taken":0,"relics_obtained":["Red Mask"],"max_hp_gain":0,"max_hp_loss":0,"event_name":"Tomb of Lord Red Mask","floor":39,"gold_loss":81},{"damage_healed":0,"gold_gain":0,"player_choice":"Ignored","damage_taken":0,"max_hp_gain":0,"max_hp_loss":0,"event_name":"The Moai Head","floor":42,"gold_loss":0},{"damage_healed":0,"gold_gain":0,"player_choice":"Embrace Madness","damage_taken":10,"max_hp_gain":0,"max_hp_loss":0,"event_name":"Winding Halls","floor":47,"gold_loss":0,"cards_obtained":["Madness","Madness"]}],"is_beta":false,"boss_relics":[{"not_picked":["Snecko Eye","Pandora\u0027s Box"],"picked":"Mark of Pain"},{"not_picked":["Philosopher\u0027s Stone","Cursed Key"],"picked":"Black Blood"}],"items_purged_floors":[13,37,46],"is_endless":false,"potions_floor_spawned":[1,7,11,12,16,18,23,28,30,38,40,44],"ascension_level":4}