{"gold_per_floor":[14,114,134,145,70,70,82,82,82,82,82],"floor_reached":11,"playtime":356,"items_purged":["Strike_R"],"score":88,"play_id":"e7f67f72-005b-457d-b021-74a7f1246cbd","local_time":"20190718224737","is_ascension_mode":true,"campfire_choices":[{"floor":6,"key":"DIG"},{"floor":8,"key":"DIG"}],"neow_cost":"NO_GOLD","seed_source_timestamp":885931528359225,"circlet_count":0,"master_deck":["Strike_R","Strike_R","Strike_R","Strike_R+1","Defend_R","Defend_R","Defend_R+1","Defend_R","Bash","Thunderclap","Heavy Blade","Flame Barrier","Whirlwind"],"relics":["Burning Blood","Shovel","Pantograph","WingedGreaves","Meat on the Bone"],"potions_floor_usage":[11],"damage_taken":[{"damage":3,"enemies":"Small Slimes","floor":1,"turns":3},{"damage":6,"enemies":"Cultist","floor":3,"turns":4},{"damage":7,"enemies":"2 Louse","floor":4,"turns":2},{"damage":12,"enemies":"Looter","floor":7,"turns":3},{"damage":62,"enemies":"Lagavulin Event","floor":11,"turns":8}],"seed_played":"2906833087404262934","potions_obtained":[{"floor":3,"key":"Weak Potion"}],"is_trial":false,"path_per_floor":["M","?","M","M","$","R","M","R","T","?","?"],"character_chosen":"IRONCLAD","items_purchased":[],"campfire_rested":0,"item_purchase_floors":[],"current_hp_per_floor":[75,75,75,74,74,74,68,68,68,52,0],"gold":82,"neow_bonus":"ONE_RARE_RELIC","is_prod":false,"is_daily":false,"chose_seed":false,"campfire_upgraded":0,"win_rate":0,"timestamp":1563515257,"path_taken":["M","?","M","?","$","R","M","R","T","?","?"],"build_version":"2019-07-17","purchased_purges":1,"victory":false,"max_hp_per_floor":[80,80,80,80,80,80,80,80,80,80,80],"card_choices":[{"not_picked":["Perfected Strike","Clothesline"],"picked":"Thunderclap","floor":1},{"not_picked":["Flame Barrier","Infernal Blade"],"picked":"Heavy Blade","floor":3},{"not_picked":["Feel No Pain","Rupture"],"picked":"Flame Barrier","floor":4},{"not_picked":["Pommel Strike","Clash"],"picked":"Whirlwind","floor":7}],"player_experience":354925,"relics_obtained":[{"floor":6,"key":"Pantograph"},{"floor":8,"key":"WingedGreaves"},{"floor":9,"key":"Meat on the Bone"}],"event_choices":[{"damage_healed":0,"gold_gain":100,"player_choice":"Pray","damage_taken":0,"max_hp_gain":0,"max_hp_loss":0,"event_name":"Golden Shrine","floor":2,"gold_loss":0},{"damage_healed":0,"gold_gain":0,"player_choice":"Entered Light","damage_taken":16,"max_hp_gain":0,"max_hp_loss":0,"event_name":"Shining Light","floor":10,"gold_loss":0,"cards_upgraded":["Strike_R","Defend_R"]},{"damage_healed":0,"gold_gain":0,"player_choice":"Searched \u00272\u0027 times","damage_taken":0,"max_hp_gain":0,"max_hp_loss":0,"event_name":"Dead Adventurer","floor":11,"gold_loss":0}],"is_beta":false,"boss_relics":[],"items_purged_floors":[5],"is_endless":false,"potions_floor_spawned":[3],"killed_by":"Lagavulin Event","ascension_level":8}