{"gold_per_floor":[113,130,130,141,155,181,181,211,246,288,27,0,0,33,33,33],"floor_reached":16,"playtime":1324,"items_purged":[],"score":141,"play_id":"1310027f-02a1-41f0-8516-c0518f6657eb","local_time":"20190702221057","is_ascension_mode":true,"campfire_choices":[{"data":"Rage","floor":7,"key":"SMITH"},{"floor":15,"key":"REST"}],"neow_cost":"NONE","seed_source_timestamp":569465721509616,"circlet_count":0,"master_deck":["Strike_R","Strike_R","Strike_R","Strike_R","Strike_R","Defend_R","Defend_R","Defend_R","Defend_R","Bash","Brutality+1","Rage+1","Pommel Strike","Shrug It Off","Disarm","Battle Trance","Infernal Blade","Intimidate","Armaments","Parasite","Rampage","Intimidate"],"relics":["Burning Blood","Self Forming Clay","MawBank","Strawberry","Dream Catcher","Dodecahedron","Meat on the Bone"],"potions_floor_usage":[6,8,10,16],"damage_taken":[{"damage":8,"enemies":"2 Louse","floor":1,"turns":3},{"damage":2,"enemies":"Cultist","floor":2,"turns":3},{"damage":9,"enemies":"Jaw Worm","floor":4,"turns":3},{"damage":6,"enemies":"3 Louse","floor":5,"turns":3},{"damage":25,"enemies":"Lagavulin","floor":6,"turns":7},{"damage":31,"enemies":"Gremlin Nob","floor":8,"turns":5},{"damage":20,"enemies":"3 Sentries","floor":10,"turns":12},{"damage":40,"enemies":"Gremlin Nob","floor":14,"turns":5},{"damage":43,"enemies":"Slime Boss","floor":16,"turns":12}],"seed_played":"-8769907537896300364","potions_obtained":[{"floor":2,"key":"Strength Potion"},{"floor":5,"key":"Poison Potion"},{"floor":8,"key":"EssenceOfSteel"},{"floor":14,"key":"SkillPotion"}],"is_trial":false,"path_per_floor":["M","M","?","M","M","E","R","E","T","E","$","?","?","E","R","B"],"character_chosen":"IRONCLAD","items_purchased":["Armaments","Dodecahedron"],"campfire_rested":1,"item_purchase_floors":[11,11],"current_hp_per_floor":[78,80,80,77,77,58,58,33,40,26,26,26,47,13,39,0],"gold":33,"neow_bonus":"ONE_RANDOM_RARE_CARD","is_prod":false,"is_daily":false,"chose_seed":false,"campfire_upgraded":1,"win_rate":0,"timestamp":1562130657,"path_taken":["M","M","?","M","M","E","R","E","T","E","?","?","?","E","R","BOSS"],"build_version":"2019-07-01","purchased_purges":0,"victory":false,"max_hp_per_floor":[80,80,80,80,80,80,80,80,87,87,87,87,87,87,87,87],"card_choices":[{"not_picked":["Perfected Strike","Clothesline"],"picked":"Rage","floor":1},{"not_picked":["Clothesline","Warcry"],"picked":"Pommel Strike","floor":2},{"not_picked":["Anger","Havoc"],"picked":"Shrug It Off","floor":4},{"not_picked":["Ghostly Armor","Sentinel"],"picked":"Disarm","floor":5},{"not_picked":["Evolve","Perfected Strike"],"picked":"Battle Trance","floor":6},{"not_picked":["Dual Wield","Pummel"],"picked":"Infernal Blade","floor":8},{"not_picked":["Reckless Charge","Sever Soul"],"picked":"Intimidate","floor":10},{"not_picked":["Heavy Blade","Dropkick"],"picked":"Rampage","floor":14},{"not_picked":["Limit Break","Clothesline"],"picked":"Intimidate","floor":15}],"player_experience":141931,"relics_obtained":[{"floor":6,"key":"Self Forming Clay"},{"floor":8,"key":"MawBank"},{"floor":9,"key":"Strawberry"},{"floor":10,"key":"Dream Catcher"},{"floor":14,"key":"Meat on the Bone"}],"event_choices":[{"damage_healed":0,"gold_gain":0,"player_choice":"Upgraded","damage_taken":0,"max_hp_gain":0,"max_hp_loss":0,"event_name":"Upgrade Shrine","floor":3,"gold_loss":0,"cards_upgraded":["Brutality"]},{"damage_healed":0,"gold_gain":0,"player_choice":"Left Gold","damage_taken":0,"max_hp_gain":0,"max_hp_loss":0,"event_name":"World of Goop","floor":12,"gold_loss":27},{"damage_healed":21,"gold_gain":0,"player_choice":"Healed and dodged fight","damage_taken":0,"max_hp_gain":0,"max_hp_loss":0,"event_name":"Mushrooms","floor":13,"gold_loss":0,"cards_obtained":["Parasite"]}],"is_beta":false,"boss_relics":[],"items_purged_floors":[],"is_endless":false,"potions_floor_spawned":[2,5,8,14],"killed_by":"Slime Boss","ascension_level":2}