{"gold_per_floor":[112,112,129,54,65,65,78,78,78,89,89,89,264,298,298,298],"floor_reached":16,"playtime":522,"items_purged":["Defend_B"],"score":102,"play_id":"b46df8ee-3e3f-4ce1-b55d-49e4fef768a1","local_time":"20190807211607","is_ascension_mode":false,"campfire_choices":[{"data":"Zap","floor":6,"key":"SMITH"},{"data":"Dualcast","floor":12,"key":"SMITH"},{"data":"Leap","floor":15,"key":"SMITH"}],"neow_cost":"TEN_PERCENT_HP_LOSS","seed_source_timestamp":217876406006475,"circlet_count":0,"master_deck":["Strike_B","Strike_B","Strike_B","Defend_B","Defend_B","Zap+1","Dualcast+1","Leap+1","Doubt"],"relics":["Cracked Core","Frozen Egg 2","Question Card"],"potions_floor_usage":[8,14],"damage_taken":[{"damage":3,"enemies":"Small Slimes","floor":1,"turns":3},{"damage":0,"enemies":"Cultist","floor":3,"turns":2},{"damage":0,"enemies":"2 Louse","floor":5,"turns":2},{"damage":0,"enemies":"2 Fungi Beasts","floor":7,"turns":3},{"damage":0,"enemies":"Exordium Thugs","floor":8,"turns":1},{"damage":1,"enemies":"Looter","floor":10,"turns":3},{"damage":24,"enemies":"Lagavulin","floor":14,"turns":8},{"damage":0,"enemies":"Hexaghost","floor":16,"turns":2}],"seed_played":"3006308892180689704","potions_obtained":[{"floor":1,"key":"SmokeBomb"},{"floor":5,"key":"SpeedPotion"}],"is_trial":false,"path_per_floor":["M","?","M","$","M","R","M","M","T","M","$","R","?","E","R","B"],"character_chosen":"DEFECT","items_purchased":[],"campfire_rested":0,"item_purchase_floors":[],"current_hp_per_floor":[65,65,65,65,65,65,65,65,65,64,64,64,64,40,40,40],"gold":298,"neow_bonus":"REMOVE_TWO","is_prod":false,"is_daily":false,"chose_seed":false,"campfire_upgraded":3,"win_rate":0,"timestamp":1565237767,"path_taken":["M","?","M","?","M","R","M","M","T","M","$","R","?","E","R","BOSS"],"build_version":"2019-07-17","purchased_purges":1,"victory":false,"max_hp_per_floor":[68,68,68,68,68,68,68,68,68,68,68,68,68,68,68,68],"card_choices":[{"not_picked":["Reinforced Body","Go for the Eyes","Chaos"],"picked":"SKIP","floor":1},{"not_picked":["Beam Cell","Glacier"],"picked":"Leap","floor":3},{"not_picked":["Static Discharge","Ball Lightning","Barrage"],"picked":"SKIP","floor":5},{"not_picked":["Beam Cell","Hologram","Ball Lightning"],"picked":"SKIP","floor":7},{"not_picked":["Biased Cognition+1","Scrape","Cold Snap"],"picked":"SKIP","floor":10},{"not_picked":["Auto Shields","White Noise","Skim"],"picked":"SKIP","floor":14}],"player_experience":516546,"relics_obtained":[{"floor":9,"key":"Frozen Egg 2"},{"floor":14,"key":"Question Card"}],"event_choices":[{"damage_healed":0,"gold_gain":0,"player_choice":"Ignored","damage_taken":0,"max_hp_gain":0,"max_hp_loss":0,"event_name":"NoteForYourself","floor":2,"gold_loss":0},{"damage_healed":0,"gold_gain":175,"player_choice":"AGREE","damage_taken":0,"max_hp_gain":0,"max_hp_loss":0,"event_name":"Liars Game","floor":13,"gold_loss":0,"cards_obtained":["Doubt"]}],"is_beta":false,"boss_relics":[],"items_purged_floors":[4],"is_endless":false,"potions_floor_spawned":[1,5,8],"killed_by":"Hexaghost","ascension_level":0}