{"path_per_floor":["M","$","?","?","M","R","M","R","T","?","T","?","R","E","R","B",null,"M","?","$","M","?","R"],"character_chosen":"IRONCLAD","items_purchased":["Ghostly Armor","War Paint","Strawberry"],"gold_per_floor":[114,0,0,0,24,24,40,40,86,86,112,140,140,180,180,310,310,326,326,25,25,205,205],"floor_reached":24,"campfire_rested":0,"playtime":1001,"current_hp_per_floor":[65,65,65,65,69,69,69,69,69,74,74,57,57,36,36,22,63,59,53,60,60,36,36],"items_purged":["Parasite"],"gold":205,"score":330,"play_id":"21484164-0265-476b-bdb3-ece5f3bda911","local_time":"20180304205441","is_prod":false,"is_daily":false,"is_ascension_mode":true,"campfire_upgraded":5,"timestamp":1520214881,"path_taken":["M","$","?","?","M","R","M","R","T","?","?","?","R","E","R","BOSS","M","?","$","M","?","R","E"],"build_version":"2018-03-01-PROD1","purchased_purges":2,"victory":false,"master_deck":["Defend_R+1","Defend_R+1","Defend_R","Defend_R+1","Bash+1","True Grit+1","Ghostly Armor+1","Thunderclap","Clash","Clash","Metallicize+1","Berserk","Dropkick","Bite","Bite","Bite","Bite","Bite","Burning Pact+1"],"max_hp_per_floor":[80,77,71,71,71,71,71,71,71,76,76,76,76,76,76,76,76,76,53,60,60,60,60],"relics":["Burning Blood","Juzu Bracelet","Golden Idol","Dream Catcher","Regal Pillow","Odd Mushroom","Lantern","Sozu","War Paint","Strawberry"],"card_choices":[{"not_picked":["Headbutt","Ghostly Armor"],"picked":"True Grit"},{"not_picked":["Pummel","Anger"],"picked":"Thunderclap"},{"not_picked":["True Grit","Second Wind"],"picked":"Clash"},{"not_picked":["Inflame","Cleave"],"picked":"Clash"},{"not_picked":["Reckless Charge","Exhume"],"picked":"Metallicize"},{"not_picked":["Feed","Exhume"],"picked":"Berserk"},{"not_picked":["Blood for Blood","Rampage"],"picked":"Dropkick"},{"not_picked":["Clash","Iron Wave"],"picked":"Burning Pact"}],"player_experience":390115,"potions_floor_usage":[12],"damage_taken":[{"damage":13,"enemies":"Jaw Worm","floor":1,"turns":4},{"damage":2,"enemies":"Small Slimes","floor":5,"turns":4},{"damage":6,"enemies":"Cultist","floor":7,"turns":4},{"damage":23,"enemies":"The Mushroom Lair","floor":12,"turns":5},{"damage":27,"enemies":"Lagavulin","floor":14,"turns":5},{"damage":20,"enemies":"The Guardian","floor":16,"turns":13},{"damage":10,"enemies":"Shell Parasite","floor":18,"turns":5},{"damage":16,"enemies":"2 Thieves","floor":21,"turns":4},{"damage":47,"enemies":"Slavers","floor":24,"turns":4}],"event_choices":[{"event_name":"Golden Idol","player_choice":"Lose Max HP","floor":3,"damage_taken":0},{"event_name":"Accursed Blacksmith","player_choice":"Forge","floor":4,"damage_taken":0},{"event_name":"Big Fish","player_choice":"Donut","floor":10,"damage_taken":0},{"event_name":"Mushrooms","player_choice":"Fought Mushrooms","floor":12,"damage_taken":0},{"event_name":"Vampires","player_choice":"Became a vampire","floor":19,"damage_taken":0},{"event_name":"Knowing Skull","player_choice":"GOLD GOLD ","floor":22,"damage_taken":0}],"boss_relics":[{"not_picked":["Calling Bell","Orrery"],"picked":"Sozu"}],"potions_floor_spawned":[7],"seed_played":"-7977851692709199551","killed_by":"Slavers","ascension_level":12,"is_trial":false}