{"gold_per_floor":[117,135,145,163,182,182,56,88,88,88,106,124,124,151,151,250,250,266,284,284,304,323,323,184,184,257,272,182,5,19,38,38,137,137,157,257,274,294,309,309,309,309,332,352,352,370,370,14,14,14],"floor_reached":51,"playtime":3205,"items_purged":["Strike_G","Defend_G","Defend_G"],"score":665,"play_id":"f707740b-3ccb-4c94-b147-6048341eba83","local_time":"20190731135534","is_ascension_mode":false,"campfire_choices":[{"data":"Neutralize","floor":6,"key":"SMITH"},{"data":"Expertise","floor":10,"key":"SMITH"},{"floor":15,"key":"REST"},{"data":"Footwork","floor":23,"key":"SMITH"},{"data":"Catalyst","floor":25,"key":"SMITH"},{"data":"Well Laid Plans","floor":32,"key":"SMITH"},{"floor":40,"key":"REST"},{"floor":42,"key":"REST"},{"data":"Noxious Fumes","floor":45,"key":"SMITH"},{"data":"Doppelganger","floor":47,"key":"SMITH"},{"data":"Noxious Fumes","floor":49,"key":"SMITH"}],"neow_cost":"NONE","seed_source_timestamp":11009837652443,"circlet_count":0,"master_deck":["Defend_G+1","Survivor","Neutralize+1","Bullet Time+1","Catalyst+1","Unload+1","Noxious Fumes+1","Catalyst+1","Riddle With Holes","Backflip","Deadly Poison","Expertise+1","Poisoned Stab+1","Dash+1","Doppelganger+1","PiercingWail+1","Footwork+1","Catalyst+1","Deadly Poison","Well Laid Plans+1","Bouncing Flask","Tools of the Trade","Dodge and Roll+1","Blur+1","PiercingWail+1","Dash+1","Noxious Fumes+1","Backflip","Noxious Fumes+1"],"relics":["Astrolabe","Molten Egg 2","Bottled Lightning","PreservedInsect","Pocketwatch","Sozu","Juzu Bracelet","Bottled Tornado","Empty Cage","Incense Burner","Bag of Marbles","Membership Card","Pen Nib"],"potions_floor_usage":[4,14,16,18],"damage_taken":[{"damage":0,"enemies":"Cultist","floor":1,"turns":4},{"damage":0,"enemies":"Small Slimes","floor":2,"turns":4},{"damage":0,"enemies":"2 Louse","floor":3,"turns":3},{"damage":3,"enemies":"Lots of Slimes","floor":4,"turns":5},{"damage":10,"enemies":"Exordium Wildlife","floor":5,"turns":4},{"damage":4,"enemies":"3 Sentries","floor":8,"turns":6},{"damage":3,"enemies":"Red Slaver","floor":11,"turns":4},{"damage":7,"enemies":"Looter","floor":12,"turns":2},{"damage":3,"enemies":"Lagavulin","floor":14,"turns":4},{"damage":16,"enemies":"Slime Boss","floor":16,"turns":5},{"damage":0,"enemies":"3 Byrds","floor":18,"turns":2},{"damage":0,"enemies":"Chosen","floor":19,"turns":4},{"damage":6,"enemies":"Sentry and Sphere","floor":21,"turns":6},{"damage":2,"enemies":"Snecko","floor":22,"turns":3},{"damage":9,"enemies":"3 Cultists","floor":27,"turns":5},{"damage":8,"enemies":"Centurion and Healer","floor":30,"turns":5},{"damage":0,"enemies":"Snake Plant","floor":31,"turns":3},{"damage":3,"enemies":"Champ","floor":33,"turns":5},{"damage":23,"enemies":"3 Shapes","floor":35,"turns":4},{"damage":8,"enemies":"Mind Bloom Boss Battle","floor":36,"turns":4},{"damage":11,"enemies":"Orb Walker","floor":37,"turns":3},{"damage":0,"enemies":"Transient","floor":38,"turns":5},{"damage":1,"enemies":"4 Shapes","floor":39,"turns":6},{"damage":3,"enemies":"Sphere and 2 Shapes","floor":44,"turns":5},{"damage":0,"enemies":"Transient","floor":46,"turns":5},{"damage":45,"enemies":"Awakened One","floor":50,"turns":10}],"seed_played":"7155853211522865457","potions_obtained":[{"floor":1,"key":"LiquidBronze"},{"floor":3,"key":"AttackPotion"},{"floor":8,"key":"LiquidBronze"},{"floor":11,"key":"FearPotion"},{"floor":12,"key":"Swift Potion"}],"is_trial":false,"path_per_floor":["M","M","M","M","M","R","$","E","T","R","M","M","?","E","R","B",null,"M","M","?","M","M","R","?","R","T","M","?","$","M","M","R","B",null,"M","?","M","M","M","R","?","R","T","M","R","M","R","$","R","B",null],"character_chosen":"THE_SILENT","items_purchased":["Deadly Poison","Well Laid Plans","Membership Card","Noxious Fumes","Pen Nib"],"campfire_rested":3,"item_purchase_floors":[7,29,48,48,48],"current_hp_per_floor":[70,70,70,67,57,57,57,53,53,53,50,43,25,22,43,27,70,70,70,70,64,62,62,62,62,62,53,53,53,45,45,45,42,70,47,39,28,28,27,48,48,69,69,66,66,66,66,66,66,21],"gold":14,"neow_bonus":"BOSS_RELIC","is_prod":false,"is_daily":false,"chose_seed":false,"campfire_upgraded":8,"win_rate":0,"timestamp":1564595734,"path_taken":["M","M","?","M","M","R","$","E","T","R","?","M","?","E","R","BOSS","M","M","?","M","?","R","?","R","T","M","?","$","M","M","R","BOSS","M","?","M","M","M","R","?","R","T","M","R","M","R","$","R","BOSS"],"build_version":"2019-07-17","purchased_purges":3,"victory":true,"max_hp_per_floor":[70,70,70,70,70,70,70,70,70,70,70,70,70,70,70,70,70,70,70,70,70,70,70,70,70,70,70,70,70,70,70,70,70,70,70,70,70,70,70,70,70,70,70,70,70,70,70,70,70,70],"card_choices":[{"not_picked":["Distraction","Acrobatics"],"picked":"Noxious Fumes","floor":1},{"not_picked":["Sucker Punch","Outmaneuver"],"picked":"Catalyst","floor":2},{"not_picked":["Quick Slash","Dagger Throw"],"picked":"Riddle With Holes","floor":3},{"not_picked":["Eviscerate","Reflex","Sucker Punch"],"picked":"SKIP","floor":4},{"not_picked":["Dagger Throw","Outmaneuver"],"picked":"Backflip","floor":5},{"not_picked":["Flying Knee","A Thousand Cuts"],"picked":"Expertise","floor":8},{"not_picked":["Blade Dance","Outmaneuver"],"picked":"Poisoned Stab+1","floor":11},{"not_picked":["Choke+1","Distraction","Finisher+1"],"picked":"SKIP","floor":12},{"not_picked":["Terror","Slice+1"],"picked":"Dash+1","floor":14},{"not_picked":["A Thousand Cuts","Unload+1"],"picked":"Doppelganger","floor":16},{"not_picked":["Prepared","Dagger Spray+1"],"picked":"PiercingWail+1","floor":18},{"not_picked":["Quick Slash+1","Blade Dance"],"picked":"Footwork","floor":19},{"not_picked":["Flying Knee+1","Acrobatics","Deflect"],"picked":"SKIP","floor":21},{"not_picked":["Dagger Throw+1","Underhanded Strike+1"],"picked":"Deadly Poison","floor":22},{"not_picked":["Concentrate+1","Blade Dance+1","Caltrops"],"picked":"SKIP","floor":27},{"not_picked":["Accuracy","Slice+1"],"picked":"Bouncing Flask","floor":30},{"not_picked":["Acrobatics+1","Die Die Die+1","Poisoned Stab+1"],"picked":"SKIP","floor":31},{"not_picked":["Storm of Steel","Die Die Die+1"],"picked":"Tools of the Trade","floor":33},{"not_picked":["Outmaneuver+1","Masterful Stab+1"],"picked":"Dodge and Roll+1","floor":35},{"not_picked":["Sucker Punch+1","Poisoned Stab+1"],"picked":"Blur+1","floor":36},{"not_picked":["Quick Slash+1","Terror"],"picked":"PiercingWail+1","floor":37},{"not_picked":["PiercingWail+1","Blade Dance"],"picked":"Dash+1","floor":38},{"not_picked":["Deflect+1","Concentrate","Slice+1"],"picked":"SKIP","floor":39},{"not_picked":["Backstab+1","Bouncing Flask"],"picked":"Noxious Fumes+1","floor":44},{"not_picked":["Deflect+1","Leg Sweep"],"picked":"Backflip","floor":46}],"player_experience":939089,"relics_obtained":[{"floor":8,"key":"Molten Egg 2"},{"floor":9,"key":"Bottled Lightning"},{"floor":14,"key":"Pocketwatch"},{"floor":26,"key":"Bottled Tornado"},{"floor":36,"key":"Incense Burner"},{"floor":43,"key":"Bag of Marbles"}],"event_choices":[{"damage_healed":0,"gold_gain":0,"player_choice":"Success","damage_taken":18,"relics_obtained":["PreservedInsect"],"max_hp_gain":0,"max_hp_loss":0,"event_name":"Scrap Ooze","floor":13,"gold_loss":0},{"damage_healed":0,"gold_gain":0,"player_choice":"Copied","damage_taken":0,"max_hp_gain":0,"max_hp_loss":0,"event_name":"Duplicator","floor":20,"gold_loss":0,"cards_obtained":["Catalyst"]},{"damage_healed":0,"gold_gain":0,"player_choice":"Paid Gold","damage_taken":0,"relics_obtained":["Juzu Bracelet"],"max_hp_gain":0,"max_hp_loss":0,"event_name":"WeMeetAgain","floor":24,"gold_loss":139},{"cards_removed":["Strike_G"],"damage_healed":0,"gold_gain":0,"player_choice":"Upgrade and Remove","damage_taken":0,"max_hp_gain":0,"max_hp_loss":0,"event_name":"Designer","floor":28,"gold_loss":90,"cards_upgraded":["Defend_G"]},{"damage_healed":0,"gold_gain":0,"player_choice":"Fight","damage_taken":0,"max_hp_gain":0,"max_hp_loss":0,"event_name":"MindBloom","floor":36,"gold_loss":0},{"damage_healed":0,"gold_gain":0,"player_choice":"Ignored","damage_taken":0,"max_hp_gain":0,"max_hp_loss":0,"event_name":"Tomb of Lord Red Mask","floor":41,"gold_loss":0}],"is_beta":false,"boss_relics":[{"not_picked":["Runic Pyramid","WristBlade"],"picked":"Sozu"},{"not_picked":["Eternal Feather","Pandora\u0027s Box"],"picked":"Empty Cage"}],"items_purged_floors":[7,29,48],"is_endless":false,"potions_floor_spawned":[1,3,8,11,12,18,22,30,33,36,38,39],"ascension_level":0}