{"gold_per_floor":[111,129,129,144,164,164,164,164,188,232,257,257,20,40,40,168,168,168,168,17,17,17,17,17,17,17,17,17,17,17,17,17,17,17,17,17,17,17,0,0,0,0,0,0,0,0,0,0,0,0],"floor_reached":51,"playtime":2376,"items_purged":["Strike_R","Strike_R"],"score":684,"play_id":"ec78e403-c4bb-42d7-9eb4-68088fed4f02","local_time":"20190813154005","is_ascension_mode":false,"campfire_choices":[{"data":"Uppercut","floor":6.0,"key":"SMITH"},{"data":"Spot Weakness","floor":12.0,"key":"SMITH"},{"data":"Offering","floor":15.0,"key":"SMITH"},{"data":"Evolve","floor":23.0,"key":"SMITH"},{"data":"Shrug It Off","floor":25.0,"key":"SMITH"},{"data":"Shrug It Off","floor":29.0,"key":"SMITH"},{"data":"Shrug It Off","floor":32.0,"key":"SMITH"},{"floor":40,"key":"REST"},{"floor":45,"key":"REST"},{"floor":49,"key":"REST"}],"neow_cost":"NONE","seed_source_timestamp":90627122117085,"circlet_count":0,"master_deck":["Strike_R","Defend_R","Defend_R","Defend_R","Defend_R","Bash","Rampage","Twin Strike","Uppercut+1","Spot Weakness+1","Reaper","Offering+1","Shrug It Off+1","Shrug It Off+1","Evolve+1","Whirlwind+1","Heavy Blade+1","Shrug It Off+1","Battle Trance","Power Through+1","True Grit+1"],"special_seed":0,"relics":["Burning Blood","Golden Idol","Vajra","Orichalcum","Ectoplasm","Regal Pillow","Fusion Hammer","Red Mask","Toxic Egg 2"],"potions_floor_usage":[50,50,50],"damage_taken":[{"damage":5.0,"enemies":"Jaw Worm","floor":1.0,"turns":5.0},{"damage":6.0,"enemies":"Cultist","floor":2.0,"turns":3.0},{"damage":0.0,"enemies":"Small Slimes","floor":4.0,"turns":3.0},{"damage":10.0,"enemies":"Exordium Thugs","floor":5.0,"turns":5.0},{"damage":21.0,"enemies":"Lagavulin","floor":10.0,"turns":4.0},{"damage":5.0,"enemies":"3 Louse","floor":11.0,"turns":4.0},{"damage":3.0,"enemies":"Red Slaver","floor":14.0,"turns":2.0},{"damage":16.0,"enemies":"Slime Boss","floor":16.0,"turns":7.0},{"damage":11.0,"enemies":"Shell Parasite","floor":18.0,"turns":3.0},{"damage":14.0,"enemies":"3 Byrds","floor":21.0,"turns":4.0},{"damage":6.0,"enemies":"Centurion and Healer","floor":22.0,"turns":5.0},{"damage":17.0,"enemies":"Sentry and Sphere","floor":24.0,"turns":5.0},{"damage":11.0,"enemies":"Snake Plant","floor":27.0,"turns":3.0},{"damage":2.0,"enemies":"Cultist and Chosen","floor":28.0,"turns":4.0},{"damage":10.0,"enemies":"Centurion and Healer","floor":31.0,"turns":4.0},{"damage":42.0,"enemies":"Collector","floor":33.0,"turns":7.0},{"damage":9.0,"enemies":"3 Shapes","floor":35.0,"turns":4.0},{"damage":0.0,"enemies":"Orb Walker","floor":36.0,"turns":2.0},{"damage":18,"enemies":"Writhing Mass","floor":37,"turns":4},{"damage":14,"enemies":"Maw","floor":38,"turns":7},{"damage":10,"enemies":"4 Shapes","floor":42,"turns":2},{"damage":8,"enemies":"Spire Growth","floor":44,"turns":3},{"damage":6,"enemies":"Transient","floor":46,"turns":5},{"damage":6,"enemies":"Writhing Mass","floor":47,"turns":5},{"damage":9,"enemies":"Spire Growth","floor":48,"turns":4},{"damage":28,"enemies":"Time Eater","floor":50,"turns":7}],"seed_played":"-9172685856364819506","potions_obtained":[{"floor":1.0,"key":"Dexterity Potion"},{"floor":2.0,"key":"Poison Potion"},{"floor":10.0,"key":"AttackPotion"},{"floor":14.0,"key":"Ancient Potion"},{"floor":19.0,"key":"Ancient Potion"},{"floor":21.0,"key":"Strength Potion"},{"floor":35.0,"key":"Strength Potion"},{"floor":36.0,"key":"SteroidPotion"}],"is_trial":false,"path_per_floor":["M","M","?","M","M","R","?","?","T","E","M","R","$","M","R","B",null,"M","?","$","M","M","R","M","R","T","M","M","R","?","M","R","B",null,"M","M","M","M","?","R","$","M","T","M","R","M","M","M","R","B",null],"character_chosen":"IRONCLAD","items_purchased":["Offering","Shrug It Off"],"campfire_rested":3,"item_purchase_floors":[13,20],"current_hp_per_floor":[80,80,80,80,76,76,56,61,61,46,47,47,47,50,50,49,85,85,85,85,83,85,85,84,84,84,79,85,85,85,85,85,61,85,85,85,80,85,85,85,85,81,81,79,85,85,85,85,85,71],"gold":0,"neow_bonus":"REMOVE_CARD","is_prod":false,"is_daily":false,"chose_seed":false,"campfire_upgraded":7,"win_rate":0,"timestamp":1565725205,"path_taken":["M","M","?","M","?","R","?","?","T","E","?","R","$","M","R","BOSS","M","?","?","M","M","R","M","R","T","?","M","R","?","M","R","BOSS","M","M","M","M","?","R","$","M","T","M","R","M","M","M","R","BOSS"],"build_version":"2019-07-17","purchased_purges":2,"victory":true,"max_hp_per_floor":[80,80,80,80,80,80,80,85,85,85,85,85,85,85,85,85,85,85,85,85,85,85,85,85,85,85,85,85,85,85,85,85,85,85,85,85,85,85,85,85,85,85,85,85,85,85,85,85,85,85],"card_choices":[{"not_picked":["Havoc","Spot Weakness"],"picked":"Rampage","floor":1.0},{"not_picked":["True Grit","Sever Soul"],"picked":"Twin Strike","floor":2.0},{"not_picked":["Perfected Strike","Searing Blow","Entrench"],"picked":"SKIP","floor":4.0},{"not_picked":["Body Slam","Flex","True Grit"],"picked":"SKIP","floor":5.0},{"not_picked":["Pommel Strike","Blood for Blood"],"picked":"Spot Weakness","floor":10.0},{"not_picked":["Clash","Feel No Pain"],"picked":"Reaper","floor":11.0},{"not_picked":["Pummel","Disarm","Armaments"],"picked":"SKIP","floor":14.0},{"not_picked":["Wild Strike","Shockwave"],"picked":"Shrug It Off","floor":18.0},{"not_picked":["Havoc","Bloodletting+1","Warcry"],"picked":"SKIP","floor":21.0},{"not_picked":["Infernal Blade+1","Shrug It Off"],"picked":"Evolve","floor":22.0},{"not_picked":["Clash","Seeing Red"],"picked":"Whirlwind+1","floor":24.0},{"not_picked":["Warcry","Reckless Charge+1"],"picked":"Heavy Blade+1","floor":27.0},{"not_picked":["Entrench+1","Reaper"],"picked":"Shrug It Off","floor":28.0},{"not_picked":["Inflame","Whirlwind","Warcry"],"picked":"SKIP","floor":31.0},{"not_picked":["Havoc","True Grit"],"picked":"Battle Trance","floor":35.0},{"not_picked":["Perfected Strike","Twin Strike","Warcry"],"picked":"SKIP","floor":36.0},{"not_picked":["Armaments+1","Disarm"],"picked":"Power Through+1","floor":37},{"not_picked":["Headbutt","Entrench","Body Slam+1"],"picked":"SKIP","floor":38},{"not_picked":["Shockwave","Sentinel+1","Wild Strike"],"picked":"SKIP","floor":42},{"not_picked":["Offering+1","Second Wind+1","Whirlwind"],"picked":"SKIP","floor":44},{"not_picked":["Wild Strike","Thunderclap+1"],"picked":"True Grit+1","floor":46},{"not_picked":["Wild Strike+1","Spot Weakness+1","Heavy Blade+1"],"picked":"SKIP","floor":47},{"not_picked":["Havoc+1","Twin Strike","Cleave"],"picked":"SKIP","floor":48}],"player_experience":974497,"relics_obtained":[{"floor":9.0,"key":"Vajra"},{"floor":10.0,"key":"Orichalcum"},{"floor":26.0,"key":"Regal Pillow"},{"floor":43,"key":"Toxic Egg 2"}],"event_choices":[{"damage_healed":0.0,"max_hp_gain":0.0,"max_hp_loss":0.0,"gold_gain":0.0,"cards_transformed":["Strike_R"],"event_name":"Transmorgrifier","player_choice":"Transformed","floor":3.0,"gold_loss":0.0,"damage_taken":0.0,"cards_obtained":["Uppercut"]},{"damage_healed":0.0,"max_hp_gain":0.0,"max_hp_loss":0.0,"gold_gain":0.0,"event_name":"Golden Idol","player_choice":"Take Damage","floor":7.0,"gold_loss":0.0,"damage_taken":20.0,"relics_obtained":["Golden Idol"]},{"damage_healed":0.0,"max_hp_gain":5.0,"max_hp_loss":0.0,"gold_gain":0.0,"event_name":"Big Fish","player_choice":"Donut","floor":8.0,"gold_loss":0.0,"damage_taken":0.0},{"damage_healed":0.0,"max_hp_gain":0.0,"max_hp_loss":0.0,"gold_gain":0.0,"event_name":"Lab","player_choice":"Got Potions","floor":19.0,"gold_loss":0.0,"damage_taken":0.0},{"damage_healed":0.0,"max_hp_gain":0.0,"max_hp_loss":0.0,"gold_gain":0.0,"event_name":"Ghosts","player_choice":"Ignored","floor":30.0,"gold_loss":0.0,"damage_taken":0.0},{"damage_healed":0,"gold_gain":0,"player_choice":"Paid","damage_taken":0,"relics_obtained":["Red Mask"],"max_hp_gain":0,"max_hp_loss":0,"event_name":"Tomb of Lord Red Mask","floor":39,"gold_loss":17}],"is_beta":false,"boss_relics":[{"not_picked":["Black Blood","Busted Crown"],"picked":"Ectoplasm"},{"not_picked":["Empty Cage","Coffee Dripper"],"picked":"Fusion Hammer"}],"items_purged_floors":[13,20],"is_endless":false,"potions_floor_spawned":[1,2,10,14,21,22,24,27,35,36,42,46,47],"ascension_level":0}