{"gold_per_floor":[117,192,192,192,207,207,232,232,232,248,259,284,50,69,69,69],"floor_reached":16,"playtime":897,"items_purged":["Strike_B"],"score":165,"play_id":"9c53e284-b507-490b-9728-b753b10de2ed","local_time":"20181014112945","is_ascension_mode":true,"campfire_choices":[{"data":"Double Energy","floor":6,"key":"SMITH"},{"floor":8,"key":"REST"},{"floor":15,"key":"REST"}],"neow_cost":"NONE","seed_source_timestamp":88552766353860,"circlet_count":0,"master_deck":["Strike_B","Defend_B","Defend_B","Defend_B","Defend_B","Zap","Dualcast","AscendersBane","Redo","Double Energy+1","Gash","Scrape","Sweeping Beam","Gash","Reinforced Body"],"relics":["Cracked Core","Mercury Hourglass","Oddly Smooth Stone","Potion Belt","Boot","Membership Card"],"potions_floor_usage":[7,7,12,12],"damage_taken":[{"damage":0,"enemies":"Small Slimes","floor":1,"turns":3},{"damage":1,"enemies":"Cultist","floor":5,"turns":3},{"damage":20,"enemies":"3 Sentries","floor":7,"turns":5},{"damage":0,"enemies":"2 Louse","floor":10,"turns":2},{"damage":2,"enemies":"Blue Slaver","floor":11,"turns":3},{"damage":39,"enemies":"Lagavulin","floor":12,"turns":6},{"damage":5,"enemies":"Looter","floor":14,"turns":3},{"damage":41,"enemies":"The Guardian","floor":16,"turns":9}],"seed_played":"158493840440257311","potions_obtained":[{"floor":1,"key":"PowerPotion"},{"floor":5,"key":"Strength Potion"},{"floor":10,"key":"Weak Potion"},{"floor":11,"key":"Regen Potion"}],"is_trial":false,"path_per_floor":["M","?","?","?","M","R","E","R","T","M","M","E","$","M","R"],"character_chosen":"DEFECT","items_purchased":["Membership Card"],"campfire_rested":2,"item_purchase_floors":[13],"current_hp_per_floor":[68,57,54,47,46,46,26,48,48,48,46,22,22,17,39,0],"gold":69,"neow_bonus":"TRANSFORM_CARD","is_prod":false,"is_daily":false,"chose_seed":false,"campfire_upgraded":1,"win_rate":0,"timestamp":1539530985,"path_taken":["M","?","?","?","M","R","E","R","T","M","M","E","$","M","R","BOSS"],"build_version":"2018-10-11","purchased_purges":1,"victory":false,"max_hp_per_floor":[75,75,75,75,75,75,75,75,75,75,75,75,75,75,75,75],"card_choices":[{"not_picked":["Heatsinks","Hologram","Turbo"],"picked":"SKIP","floor":1},{"not_picked":["FTL","Leap"],"picked":"Double Energy","floor":5},{"not_picked":["Streamline","Turbo"],"picked":"Gash","floor":7},{"not_picked":["Undo","Redo"],"picked":"Scrape","floor":10},{"not_picked":["White Noise","Barrage"],"picked":"Sweeping Beam","floor":11},{"not_picked":["Turbo","Aggregate"],"picked":"Gash","floor":12},{"not_picked":["BootSequence","Blizzard"],"picked":"Reinforced Body","floor":14}],"player_experience":489586,"relics_obtained":[{"floor":7,"key":"Oddly Smooth Stone"},{"floor":9,"key":"Potion Belt"},{"floor":12,"key":"Boot"}],"event_choices":[{"event_name":"World of Goop","player_choice":"Gather Gold","floor":2,"damage_taken":0},{"event_name":"Scrap Ooze","player_choice":"success","floor":3,"damage_taken":3},{"event_name":"Golden Wing","player_choice":"Card Removal","floor":4,"damage_taken":0}],"is_beta":false,"boss_relics":[],"items_purged_floors":[13],"is_endless":false,"potions_floor_spawned":[1,5,10,11],"killed_by":"The Guardian","ascension_level":10}