{"gold_per_floor":[114,114,34,34,46,80,80,90,115,115,150,150,150,75,75,170,170,183,183,200,215,234,234,234,234,310,310,27,47,47,47,47,144,144,156,31,0,18,18,18,18,18,43,59,71,98,109,109,109,109],"floor_reached":51,"playtime":1716,"items_purged":["Strike_R","Strike_R+1","Strike_R+1"],"score":801,"play_id":"1f976791-da72-464a-b593-5664870496fa","local_time":"20190809160541","is_ascension_mode":false,"campfire_choices":[{"data":"Searing Blow","floor":7,"key":"SMITH"},{"data":"Searing Blow+1","floor":10,"key":"SMITH"},{"data":"Searing Blow+2","floor":13,"key":"SMITH"},{"data":"Searing Blow+3","floor":15,"key":"SMITH"},{"data":"Searing Blow+4","floor":23,"key":"SMITH"},{"data":"Searing Blow+5","floor":25,"key":"SMITH"},{"data":"Searing Blow+6","floor":27,"key":"SMITH"},{"data":"Limit Break","floor":30,"key":"SMITH"},{"data":"Searing Blow+7","floor":32,"key":"SMITH"},{"data":"Searing Blow+8","floor":40,"key":"SMITH"},{"data":"Searing Blow+9","floor":42,"key":"SMITH"},{"data":"Searing Blow+11","floor":49,"key":"SMITH"}],"neow_cost":"NONE","seed_source_timestamp":598340213599888,"circlet_count":0,"master_deck":["Defend_R+1","Defend_R+1","Defend_R+1","Defend_R+1","Bash+1","Searing Blow+12","Spot Weakness+1","Whirlwind+1","Double Tap+1","Thunderclap+1","Shrug It Off+1","Battle Trance+1","Limit Break+1","Reaper+1","Flame Barrier+1","Warcry+1"],"relics":["Burning Blood","Whetstone","Blood Vial","Strawberry","Bottled Flame","White Beast Statue","Pear","Anchor","Bottled Lightning","Runic Dome","Red Mask","Orichalcum","War Paint","Mark of the Bloom"],"potions_floor_usage":[6,16,33,33,44,50,50,50],"damage_taken":[{"damage":0,"enemies":"Small Slimes","floor":1,"turns":2},{"damage":1,"enemies":"Jaw Worm","floor":5,"turns":3},{"damage":14,"enemies":"Gremlin Nob","floor":6,"turns":3},{"damage":0,"enemies":"2 Louse","floor":8,"turns":3},{"damage":27,"enemies":"3 Sentries","floor":11,"turns":5},{"damage":31,"enemies":"Hexaghost","floor":16,"turns":7},{"damage":0,"enemies":"Spheric Guardian","floor":18,"turns":1},{"damage":17,"enemies":"Shell Parasite","floor":20,"turns":4},{"damage":15,"enemies":"Cultist and Chosen","floor":21,"turns":4},{"damage":12,"enemies":"Chosen and Byrds","floor":22,"turns":4},{"damage":15,"enemies":"Snecko","floor":29,"turns":3},{"damage":21,"enemies":"Automaton","floor":33,"turns":5},{"damage":25,"enemies":"3 Darklings","floor":35,"turns":3},{"damage":0,"enemies":"Orb Walker","floor":38,"turns":1},{"damage":16,"enemies":"3 Darklings","floor":44,"turns":4},{"damage":30,"enemies":"Transient","floor":45,"turns":5},{"damage":14,"enemies":"4 Shapes","floor":47,"turns":4},{"damage":56,"enemies":"Awakened One","floor":50,"turns":6}],"seed_played":"1560826127737477372","potions_obtained":[{"floor":1,"key":"Fire Potion"},{"floor":5,"key":"SkillPotion"},{"floor":18,"key":"FairyPotion"},{"floor":20,"key":"EssenceOfSteel"},{"floor":21,"key":"SteroidPotion"},{"floor":22,"key":"Ancient Potion"},{"floor":29,"key":"Ancient Potion"},{"floor":33,"key":"PowerPotion"},{"floor":35,"key":"Explosive Potion"},{"floor":38,"key":"LiquidBronze"},{"floor":44,"key":"Dexterity Potion"},{"floor":45,"key":"SteroidPotion"}],"is_trial":false,"path_per_floor":["M","?","$","?","M","E","R","M","T","R","E","?","R","$","R","B",null,"M","?","M","M","M","R","?","R","T","R","$","M","R","T","R","B",null,"M","$","?","M","?","R","$","R","T","M","M","T","M","?","R","B",null],"character_chosen":"IRONCLAD","items_purchased":["Searing Blow","Battle Trance","Anchor"],"campfire_rested":0,"item_purchase_floors":[3,28,28],"current_hp_per_floor":[80,73,73,78,83,75,75,83,90,90,71,53,53,53,53,30,92,92,92,81,74,70,70,70,70,80,80,80,73,73,73,73,60,102,83,83,83,91,91,91,91,91,91,88,66,66,97,97,97,41],"gold":109,"neow_bonus":"RANDOM_COMMON_RELIC","is_prod":false,"is_daily":false,"chose_seed":false,"campfire_upgraded":12,"win_rate":0,"timestamp":1565381141,"path_taken":["M","?","$","?","M","E","R","M","T","R","E","?","R","?","R","BOSS","M","?","M","M","M","R","?","R","T","R","$","M","R","?","R","BOSS","M","$","?","M","?","R","?","R","T","M","M","?","?","?","R","BOSS"],"build_version":"2019-07-17","purchased_purges":3,"victory":true,"max_hp_per_floor":[80,80,80,85,85,85,85,85,92,92,92,92,92,92,92,92,92,92,92,92,92,92,92,92,92,102,102,102,102,102,102,102,102,102,102,102,102,102,97,97,97,97,97,97,97,97,97,97,97,97],"card_choices":[{"not_picked":["Blood for Blood","Intimidate","Rage"],"picked":"SKIP","floor":1},{"not_picked":["Searing Blow","Intimidate"],"picked":"Spot Weakness","floor":5},{"not_picked":["Flame Barrier","Cleave","Rampage"],"picked":"SKIP","floor":6},{"not_picked":["Perfected Strike","Carnage"],"picked":"Whirlwind","floor":8},{"not_picked":["Uppercut","Flame Barrier","Warcry"],"picked":"SKIP","floor":11},{"not_picked":["Bludgeon","Berserk"],"picked":"Double Tap","floor":16},{"not_picked":["Sentinel","Blood for Blood","Anger"],"picked":"SKIP","floor":18},{"not_picked":["Flex","Clash"],"picked":"Thunderclap+1","floor":20},{"not_picked":["Havoc","Blood for Blood"],"picked":"Shrug It Off","floor":21},{"not_picked":["Headbutt+1","Cleave","Combust"],"picked":"SKIP","floor":22},{"not_picked":["Pommel Strike","Body Slam+1"],"picked":"Limit Break","floor":29},{"not_picked":["Bludgeon","Demon Form"],"picked":"Reaper","floor":33},{"not_picked":["Anger+1","Armaments+1","Clash"],"picked":"SKIP","floor":35},{"not_picked":["Wild Strike+1","Headbutt+1"],"picked":"Flame Barrier","floor":38},{"not_picked":["Clothesline+1","Headbutt+1"],"picked":"Warcry+1","floor":44},{"not_picked":["Disarm","Pummel","Cleave+1"],"picked":"SKIP","floor":45},{"not_picked":["Clothesline+1","Evolve+1","Fire Breathing+1"],"picked":"SKIP","floor":47}],"player_experience":958134,"relics_obtained":[{"floor":6,"key":"Blood Vial"},{"floor":9,"key":"Strawberry"},{"floor":11,"key":"Bottled Flame"},{"floor":26,"key":"Pear"},{"floor":31,"key":"Bottled Lightning"},{"floor":43,"key":"Orichalcum"},{"floor":46,"key":"War Paint"}],"event_choices":[{"cards_removed":["Strike_R"],"damage_healed":0,"gold_gain":0,"player_choice":"Card Removal","damage_taken":7,"max_hp_gain":0,"max_hp_loss":0,"event_name":"Golden Wing","floor":2,"gold_loss":0},{"damage_healed":0,"gold_gain":0,"player_choice":"Donut","damage_taken":0,"max_hp_gain":5,"max_hp_loss":0,"event_name":"Big Fish","floor":4,"gold_loss":0},{"damage_healed":0,"gold_gain":0,"player_choice":"Entered Light","damage_taken":18,"max_hp_gain":0,"max_hp_loss":0,"event_name":"Shining Light","floor":12,"gold_loss":0,"cards_upgraded":["Spot Weakness","Whirlwind"]},{"cards_removed":["Strike_R"],"damage_healed":0,"gold_gain":0,"player_choice":"Elegance","damage_taken":0,"max_hp_gain":0,"max_hp_loss":0,"event_name":"Back to Basics","floor":19,"gold_loss":0},{"damage_healed":0,"gold_gain":0,"player_choice":"Ignored","damage_taken":0,"max_hp_gain":0,"max_hp_loss":0,"event_name":"Vampires","floor":24,"gold_loss":0},{"damage_healed":0,"gold_gain":0,"player_choice":"Paid","damage_taken":0,"relics_obtained":["Red Mask"],"max_hp_gain":0,"max_hp_loss":0,"event_name":"Tomb of Lord Red Mask","floor":37,"gold_loss":31},{"damage_healed":0,"gold_gain":0,"player_choice":"Max HP","damage_taken":0,"max_hp_gain":0,"max_hp_loss":5,"event_name":"Winding Halls","floor":39,"gold_loss":0},{"damage_healed":0,"gold_gain":0,"player_choice":"Upgrade","damage_taken":0,"relics_obtained":["Mark of the Bloom"],"max_hp_gain":0,"max_hp_loss":0,"event_name":"MindBloom","floor":48,"gold_loss":0,"cards_upgraded":["Defend_R","Defend_R","Defend_R","Bash","Searing Blow","Shrug It Off","Battle Trance","Reaper","Flame Barrier"]}],"is_beta":false,"boss_relics":[{"not_picked":["Black Star","Tiny House"],"picked":"White Beast Statue"},{"not_picked":["Snecko Eye","Runic Cube"],"picked":"Runic Dome"}],"items_purged_floors":[14,28,36],"is_endless":false,"potions_floor_spawned":[1,5,18,20,21,22,29,33,35,38,44,45,47],"ascension_level":0}