{"gold_per_floor":[109,34,48,48,63,95,115,115,162,174,186,198,241,267,279,291],"floor_reached":16,"playtime":747,"items_purged":["Strike_R"],"score":204,"play_id":"f5499f05-a7a1-4bbd-bdf2-443c3be28205","local_time":"20181102235919","is_ascension_mode":true,"campfire_choices":[{"floor":10,"key":"REST"},{"data":"Armaments","floor":12,"key":"SMITH"},{"floor":15,"key":"REST"}],"neow_cost":"NONE","seed_source_timestamp":226390204535839,"circlet_count":0,"master_deck":["AscendersBane","Strike_R","Strike_R","Defend_R+1","Defend_R","Defend_R","Defend_R","Bash","Pommel Strike","Thunderclap+1","Decay","Barricade","Armaments+1","Shrug It Off"],"relics":["Burning Blood","Matryoshka","Blue Candle","MawBank","Bronze Scales"],"potions_floor_usage":[7,14,16],"damage_taken":[{"damage":14,"enemies":"Jaw Worm","floor":1,"turns":7},{"damage":1,"enemies":"Cultist","floor":3,"turns":3},{"damage":12,"enemies":"Small Slimes","floor":5,"turns":4},{"damage":34,"enemies":"Gremlin Nob","floor":6,"turns":4},{"damage":2,"enemies":"Gremlin Gang","floor":7,"turns":3},{"damage":27,"enemies":"3 Sentries","floor":13,"turns":9},{"damage":1,"enemies":"2 Fungi Beasts","floor":14,"turns":3},{"damage":40,"enemies":"Slime Boss","floor":16,"turns":6}],"seed_played":"5813547635637504137","potions_obtained":[{"floor":3,"key":"Dexterity Potion"},{"floor":6,"key":"Explosive Potion"},{"floor":13,"key":"SpeedPotion"}],"is_trial":false,"path_per_floor":["M","$","M","?","M","E","M","?","T","R","?","R","E","M","R","B"],"character_chosen":"IRONCLAD","items_purchased":[],"campfire_rested":2,"item_purchase_floors":[],"current_hp_per_floor":[60,60,65,65,59,31,35,12,12,34,34,34,13,18,40,0],"gold":291,"neow_bonus":"REMOVE_CARD","is_prod":false,"is_daily":false,"chose_seed":false,"campfire_upgraded":1,"win_rate":0,"timestamp":1541217559,"path_taken":["M","$","M","?","?","E","M","?","T","R","?","R","E","?","R","BOSS"],"build_version":"2018-11-01","purchased_purges":1,"victory":false,"max_hp_per_floor":[75,75,75,75,75,75,75,75,75,75,75,75,75,75,75,75],"card_choices":[{"not_picked":["Sword Boomerang","Warcry"],"picked":"Pommel Strike","floor":1},{"not_picked":["Heavy Blade","Rupture"],"picked":"Thunderclap","floor":3},{"not_picked":["Combust","Corruption","Dual Wield"],"picked":"SKIP","floor":5},{"not_picked":["Armaments","Heavy Blade"],"picked":"Barricade","floor":6},{"not_picked":["Iron Wave","Wild Strike"],"picked":"Armaments","floor":7},{"not_picked":["Entrench","Immolate"],"picked":"Shrug It Off","floor":13},{"not_picked":["Hemokinesis","Blood for Blood","Havoc"],"picked":"SKIP","floor":14}],"player_experience":553284,"relics_obtained":[{"floor":6,"key":"Matryoshka"},{"floor":9,"key":"Blue Candle"},{"floor":9,"key":"MawBank"},{"floor":13,"key":"Bronze Scales"}],"event_choices":[{"damage_healed":0,"gold_gain":0,"player_choice":"Cursed","damage_taken":0,"max_hp_gain":0,"max_hp_loss":0,"event_name":"Wheel of Change","floor":4,"gold_loss":0,"cards_obtained":["Decay"]},{"damage_healed":0,"gold_gain":0,"player_choice":"Entered Light","damage_taken":23,"max_hp_gain":0,"max_hp_loss":0,"event_name":"Shining Light","floor":8,"gold_loss":0,"cards_upgraded":["Defend_R","Thunderclap"]},{"cards_removed":["Strike_R"],"damage_healed":0,"gold_gain":0,"player_choice":"Offered Basic","damage_taken":0,"max_hp_gain":0,"max_hp_loss":0,"event_name":"Bonfire Elementals","floor":11,"gold_loss":0}],"is_beta":false,"boss_relics":[],"items_purged_floors":[2],"is_endless":false,"potions_floor_spawned":[3,6,13],"killed_by":"Slime Boss","ascension_level":17}