{"gold_per_floor":[109,34,34,46,57,57,15,15,40,40,57,57,86,99,99,172,172,187,187,187],"floor_reached":20,"playtime":852,"items_purged":[],"score":335,"play_id":"812e981f-1b0f-4ac5-b273-3ecc3b9cf22d","local_time":"20190721130059","is_ascension_mode":true,"campfire_choices":[{"data":"Fusion","floor":6.0,"key":"SMITH"},{"data":"Doom and Gloom","floor":8.0,"key":"SMITH"},{"data":"Zap","floor":10.0,"key":"SMITH"},{"data":"Redo","floor":12.0,"key":"SMITH"},{"floor":15.0,"key":"REST"}],"neow_cost":"NONE","seed_source_timestamp":98689156041397,"circlet_count":0,"master_deck":["AscendersBane","Strike_B","Strike_B","Strike_B","Defend_B","Defend_B","Defend_B","Defend_B","Zap+1","Dualcast","BootSequence","Leap","Fusion+1","Doom and Gloom+1","Redo+1","Fusion","Steam","Echo Form"],"special_seed":0,"relics":["Cracked Core","Blood Vial","Bottled Lightning","Cursed Key"],"potions_floor_usage":[18,20],"damage_taken":[{"damage":2.0,"enemies":"2 Louse","floor":1.0,"turns":3.0},{"damage":0.0,"enemies":"Small Slimes","floor":4.0,"turns":3.0},{"damage":0.0,"enemies":"Jaw Worm","floor":5.0,"turns":4.0},{"damage":0.0,"enemies":"Red Slaver","floor":11.0,"turns":3.0},{"damage":36.0,"enemies":"3 Sentries","floor":13.0,"turns":8.0},{"damage":10.0,"enemies":"Looter","floor":14.0,"turns":4.0},{"damage":58.0,"enemies":"Slime Boss","floor":16.0,"turns":9.0},{"damage":19,"enemies":"3 Byrds","floor":18,"turns":5},{"damage":49,"enemies":"Chosen","floor":20,"turns":5}],"seed_played":"3852414140569458811","potions_obtained":[{"floor":1.0,"key":"FearPotion"},{"floor":4.0,"key":"SpeedPotion"},{"floor":18,"key":"Fire Potion"}],"is_trial":false,"path_per_floor":["M","?","?","M","M","R","$","R","T","R","M","R","E","M","R","B",null,"M","?","M"],"character_chosen":"DEFECT","items_purchased":["Doom and Gloom"],"campfire_rested":1,"item_purchase_floors":[7],"current_hp_per_floor":[69,69,74,74,74,74,74,74,74,74,76,76,42,34,58,2,63,46,46,0],"gold":187,"neow_bonus":"TEN_PERCENT_HP_BONUS","is_prod":false,"is_daily":false,"chose_seed":false,"campfire_upgraded":4,"win_rate":0,"timestamp":1563728459,"path_taken":["M","?","?","M","?","R","?","R","T","R","M","R","E","M","R","BOSS","M","?","M"],"build_version":"2019-07-17","purchased_purges":0,"victory":false,"max_hp_per_floor":[78,78,83,83,83,83,83,83,83,83,83,83,83,83,83,83,83,83,83,83],"card_choices":[{"not_picked":["Force Field","Hello World"],"picked":"BootSequence","floor":1.0},{"not_picked":["Go for the Eyes","Turbo"],"picked":"Leap","floor":4.0},{"not_picked":["Sweeping Beam","Ball Lightning"],"picked":"Fusion","floor":5.0},{"not_picked":["Turbo","Steam"],"picked":"Redo","floor":11.0},{"not_picked":["Ball Lightning","Conserve Battery"],"picked":"Fusion","floor":13.0},{"not_picked":["Redo","Blizzard"],"picked":"Steam","floor":14.0},{"not_picked":["Core Surge","Machine Learning"],"picked":"Echo Form","floor":16.0},{"not_picked":["Gash","Hello World","Rebound"],"picked":"SKIP","floor":18}],"player_experience":906120,"relics_obtained":[{"floor":9.0,"key":"Blood Vial"},{"floor":13.0,"key":"Bottled Lightning"}],"event_choices":[{"cards_removed":["Strike_B"],"damage_healed":0.0,"max_hp_gain":0.0,"max_hp_loss":0.0,"gold_gain":0.0,"event_name":"The Cleric","player_choice":"Card Removal","floor":2.0,"gold_loss":75.0,"damage_taken":0.0},{"damage_healed":0.0,"max_hp_gain":5.0,"max_hp_loss":0.0,"gold_gain":0.0,"event_name":"Big Fish","player_choice":"Donut","floor":3.0,"gold_loss":0.0,"damage_taken":0.0},{"damage_healed":0,"gold_gain":0,"player_choice":"Ignored","damage_taken":0,"max_hp_gain":0,"max_hp_loss":0,"event_name":"Cursed Tome","floor":19,"gold_loss":0}],"is_beta":false,"boss_relics":[{"not_picked":["Pandora\u0027s Box","Velvet Choker"],"picked":"Cursed Key"}],"items_purged_floors":[],"is_endless":false,"potions_floor_spawned":[1,4,18],"killed_by":"Chosen","ascension_level":19}