{"gold_per_floor":[117,117,137,157,169,169,184,184,208,238,238,248,261,33,33,33],"floor_reached":16,"playtime":517,"items_purged":["Defend_B"],"score":104,"play_id":"81ff3054-3b00-4a2f-b650-eed2b2d6e8a6","local_time":"20190806230108","is_ascension_mode":false,"campfire_choices":[{"data":"Dualcast","floor":6,"key":"SMITH"},{"data":"Leap","floor":15,"key":"SMITH"}],"neow_cost":"NONE","seed_source_timestamp":137780842780292,"circlet_count":0,"master_deck":["Strike_B","Strike_B","Defend_B","Defend_B","Defend_B","Zap+1","Dualcast+1","Gash","Gash","Leap+1"],"relics":["Cracked Core","Bag of Marbles","Dream Catcher","Omamori"],"potions_floor_usage":[3,5,7,10,13,16,16],"damage_taken":[{"damage":0,"enemies":"2 Louse","floor":1,"turns":2},{"damage":0,"enemies":"Cultist","floor":3,"turns":2},{"damage":1,"enemies":"Jaw Worm","floor":4,"turns":3},{"damage":0,"enemies":"3 Louse","floor":5,"turns":2},{"damage":15,"enemies":"Exordium Thugs","floor":7,"turns":4},{"damage":9,"enemies":"Gremlin Nob","floor":10,"turns":4},{"damage":0,"enemies":"Looter","floor":12,"turns":3},{"damage":1,"enemies":"Large Slime","floor":13,"turns":5},{"damage":45,"enemies":"Hexaghost","floor":16,"turns":9}],"seed_played":"-7667623349181027316","potions_obtained":[{"floor":0,"key":"SneckoOil"},{"floor":0,"key":"AttackPotion"},{"floor":0,"key":"Explosive Potion"},{"floor":4,"key":"Block Potion"},{"floor":7,"key":"PowerPotion"},{"floor":10,"key":"GamblersBrew"},{"floor":12,"key":"Strength Potion"}],"is_trial":false,"path_per_floor":["M","?","M","M","M","R","M","?","T","E","?","M","M","$","R","B"],"character_chosen":"DEFECT","items_purchased":["Omamori"],"campfire_rested":0,"item_purchase_floors":[14],"current_hp_per_floor":[75,75,75,74,74,74,59,59,59,50,43,43,42,42,42,0],"gold":33,"neow_bonus":"THREE_SMALL_POTIONS","is_prod":false,"is_daily":false,"chose_seed":false,"campfire_upgraded":2,"win_rate":0,"timestamp":1565157668,"path_taken":["M","?","?","M","?","R","M","?","T","E","?","M","M","$","R","BOSS"],"build_version":"2019-07-17","purchased_purges":1,"victory":false,"max_hp_per_floor":[75,75,75,75,75,75,75,75,75,75,75,75,75,75,75,75],"card_choices":[{"not_picked":["Sweeping Beam","Barrage","Coolheaded"],"picked":"SKIP","floor":1},{"not_picked":["Hologram","Blizzard","Glacier"],"picked":"SKIP","floor":3},{"not_picked":["Ball Lightning","BootSequence"],"picked":"Gash","floor":4},{"not_picked":["Static Discharge","Stack","Barrage"],"picked":"SKIP","floor":5},{"not_picked":["Darkness","Go for the Eyes","Rip and Tear"],"picked":"SKIP","floor":7},{"not_picked":["Loop","Barrage"],"picked":"Gash","floor":10},{"not_picked":["Cold Snap","Melter","Chill"],"picked":"SKIP","floor":12},{"not_picked":["Rebound","Self Repair"],"picked":"Leap","floor":13}],"player_experience":498686,"relics_obtained":[{"floor":9,"key":"Bag of Marbles"},{"floor":10,"key":"Dream Catcher"}],"event_choices":[{"damage_healed":0,"gold_gain":0,"player_choice":"Upgraded","damage_taken":0,"max_hp_gain":0,"max_hp_loss":0,"event_name":"Upgrade Shrine","floor":2,"gold_loss":0,"cards_upgraded":["Zap"]},{"cards_removed":["Strike_B"],"damage_healed":0,"gold_gain":0,"player_choice":"Forget","damage_taken":0,"max_hp_gain":0,"max_hp_loss":0,"event_name":"Living Wall","floor":8,"gold_loss":0},{"cards_removed":["Strike_B"],"damage_healed":0,"gold_gain":0,"player_choice":"Card Removal","damage_taken":7,"max_hp_gain":0,"max_hp_loss":0,"event_name":"Golden Wing","floor":11,"gold_loss":0}],"is_beta":false,"boss_relics":[],"items_purged_floors":[14],"is_endless":false,"potions_floor_spawned":[4,7,10,12],"killed_by":"Hexaghost","ascension_level":0}