{"gold_per_floor":[115,128,53,73,38,73,73,107,107,207,207,107,107,121,121,193,193,203,57,57,71,83,83,99,99,179,190,209,84,84,102,102,175,175,192,42,142,196,212,212,230,230,280,293,320,320,8,27,27,27],"floor_reached":51,"playtime":3445,"items_purged":["Strike_R","Strike_R","Strike_R","Strike_R","Strike_R"],"score":1405,"play_id":"395573c1-1517-440f-81eb-35bbab4cb8fd","local_time":"20190101225451","is_ascension_mode":true,"campfire_choices":[{"floor":7.0,"key":"REST"},{"floor":11.0,"key":"REST"},{"data":"Body Slam","floor":13.0,"key":"SMITH"},{"floor":15.0,"key":"REST"},{"floor":23.0,"key":"REST"},{"data":"Armaments","floor":25.0,"key":"SMITH"},{"floor":30.0,"key":"REST"},{"floor":32.0,"key":"REST"},{"data":"Barricade","floor":40.0,"key":"SMITH"},{"data":"Body Slam","floor":42.0,"key":"SMITH"},{"data":"True Grit","floor":46.0,"key":"SMITH"},{"floor":49.0,"key":"REST"}],"neow_cost":"NONE","seed_source_timestamp":562826180246227,"circlet_count":0,"master_deck":["AscendersBane","Defend_R","Defend_R","Defend_R","Defend_R","Bash","Body Slam+1","Rampage","Spot Weakness","Ghostly Armor","Armaments+1","Barricade+1","Shrug It Off","Whirlwind","Shrug It Off","Shrug It Off","True Grit+1","Juggernaut","Shrug It Off","Body Slam+1"],"special_seed":0,"relics":["Runic Pyramid","Dream Catcher","Shuriken","Singing Bowl","Philosopher\u0027s Stone","Tiny Chest","Eternal Feather","Gambling Chip","Bag of Preparation","Orichalcum","Potion Belt"],"potions_floor_usage":[50,50,50,50],"damage_taken":[{"damage":10.0,"enemies":"Small Slimes","floor":1.0,"turns":3.0},{"damage":1.0,"enemies":"Cultist","floor":2.0,"turns":4.0},{"damage":7.0,"enemies":"Jaw Worm","floor":4.0,"turns":3.0},{"damage":44.0,"enemies":"Gremlin Nob","floor":6.0,"turns":4.0},{"damage":30.0,"enemies":"Lagavulin","floor":8.0,"turns":7.0},{"damage":35.0,"enemies":"Gremlin Gang","floor":14.0,"turns":4.0},{"damage":24.0,"enemies":"The Guardian","floor":16.0,"turns":11.0},{"damage":25.0,"enemies":"Shell Parasite","floor":18.0,"turns":6.0},{"damage":6.0,"enemies":"Chosen","floor":21.0,"turns":8.0},{"damage":19.0,"enemies":"Snecko","floor":22.0,"turns":7.0},{"damage":4.0,"enemies":"Chosen and Byrds","floor":24.0,"turns":4.0},{"damage":21.0,"enemies":"Cultist and Chosen","floor":27.0,"turns":8.0},{"damage":1.0,"enemies":"Sentry and Sphere","floor":28.0,"turns":11.0},{"damage":2.0,"enemies":"Centurion and Healer","floor":31.0,"turns":5.0},{"damage":0.0,"enemies":"Champ","floor":33.0,"turns":12.0},{"damage":45.0,"enemies":"3 Darklings","floor":35.0,"turns":5.0},{"damage":0.0,"enemies":"Mind Bloom Boss Battle","floor":37.0,"turns":7.0},{"damage":0.0,"enemies":"3 Shapes","floor":39.0,"turns":6.0},{"damage":26.0,"enemies":"3 Darklings","floor":41.0,"turns":5.0},{"damage":13.0,"enemies":"4 Shapes","floor":44.0,"turns":4.0},{"damage":0.0,"enemies":"Sphere and 2 Shapes","floor":48.0,"turns":8.0},{"damage":17,"enemies":"Time Eater","floor":50,"turns":12}],"seed_played":"-2530542660160316964","potions_obtained":[{"floor":1.0,"key":"PowerPotion"},{"floor":6.0,"key":"LiquidBronze"},{"floor":14.0,"key":"Energy Potion"},{"floor":18.0,"key":"LiquidBronze"},{"floor":27.0,"key":"Block Potion"},{"floor":28.0,"key":"Energy Potion"},{"floor":31.0,"key":"EntropicBrew"},{"floor":37.0,"key":"Weak Potion"},{"floor":41.0,"key":"Strength Potion"},{"floor":48.0,"key":"SpeedPotion"}],"is_trial":false,"path_per_floor":["M","M","$","M","?","E","R","E","T","?","R","$","R","M","R","B",null,"M","$","$","M","M","R","M","R","T","M","M","$","R","M","R","B",null,"M","$","?","T","M","R","M","R","T","M","T","R","$","M","R","B",null],"character_chosen":"IRONCLAD","items_purchased":["Whirlwind","Shrug It Off","Block Potion","Ancient Potion"],"campfire_rested":7,"item_purchase_floors":[19,19,47,47],"current_hp_per_floor":[58,57,57,50,68,24,46,16,16,16,40,40,40,7,30,6,61,36,36,36,32,13,39,37,37,37,18,17,17,45,45,74,74,88,45,45,56,56,56,68,42,54,54,43,43,55,55,57,101,84],"gold":27,"neow_bonus":"BOSS_RELIC","is_prod":false,"is_daily":false,"chose_seed":false,"campfire_upgraded":5,"win_rate":0,"timestamp":1546401291,"path_taken":["M","M","$","M","?","E","R","E","T","?","R","$","R","M","R","BOSS","M","?","$","M","M","R","M","R","T","M","M","$","R","?","R","BOSS","M","$","?","?","M","R","M","R","T","?","?","R","?","M","R","BOSS"],"build_version":"2018-12-20","purchased_purges":5,"victory":true,"max_hp_per_floor":[75,75,75,75,75,75,75,75,75,75,77,77,77,79,79,79,79,79,79,79,81,81,83,85,85,85,87,87,87,89,91,93,93,93,95,95,97,97,97,97,97,97,97,99,99,99,99,101,103,103],"card_choices":[{"not_picked":["Heavy Blade","Headbutt"],"picked":"Body Slam","floor":1.0},{"not_picked":["Sword Boomerang","Reckless Charge"],"picked":"Rampage","floor":2.0},{"not_picked":["Dual Wield","Heavy Blade"],"picked":"Spot Weakness","floor":4.0},{"not_picked":["Headbutt","Perfected Strike","Wild Strike"],"picked":"SKIP","floor":6.0},{"not_picked":["Clash","Havoc"],"picked":"Ghostly Armor","floor":7.0},{"not_picked":["Searing Blow","Metallicize","Combust"],"picked":"SKIP","floor":8.0},{"not_picked":["Thunderclap","Clothesline","Corruption"],"picked":"Singing Bowl","floor":11.0},{"not_picked":["Iron Wave","Brutality","Perfected Strike"],"picked":"Singing Bowl","floor":14.0},{"not_picked":["True Grit","Flex"],"picked":"Armaments","floor":15.0},{"not_picked":["Bludgeon","Dark Embrace"],"picked":"Barricade","floor":16.0},{"not_picked":["Headbutt","Twin Strike"],"picked":"Shrug It Off","floor":18.0},{"not_picked":["Cleave","Body Slam","Headbutt"],"picked":"Singing Bowl","floor":21.0},{"not_picked":["Juggernaut","Carnage"],"picked":"Shrug It Off","floor":22.0},{"not_picked":["Wild Strike+1","Pummel","Perfected Strike"],"picked":"Singing Bowl","floor":23.0},{"not_picked":["Body Slam","Warcry+1","Pommel Strike"],"picked":"Singing Bowl","floor":24.0},{"not_picked":["Body Slam","Dropkick+1","Impervious"],"picked":"Singing Bowl","floor":27.0},{"not_picked":["Body Slam","Wild Strike+1"],"picked":"True Grit","floor":28.0},{"not_picked":["Twin Strike","Metallicize","Sentinel"],"picked":"Singing Bowl","floor":30.0},{"not_picked":["Hemokinesis","Warcry","True Grit"],"picked":"Singing Bowl","floor":31.0},{"not_picked":["Inflame","Armaments","Exhume"],"picked":"Singing Bowl","floor":32.0},{"not_picked":["Fiend Fire","Limit Break"],"picked":"Juggernaut","floor":33.0},{"not_picked":["Metallicize","Reckless Charge","Disarm"],"picked":"Singing Bowl","floor":35.0},{"not_picked":["Clash","Havoc+1","Flex"],"picked":"Singing Bowl","floor":37.0},{"not_picked":["Wild Strike","Clothesline"],"picked":"Shrug It Off","floor":39.0},{"not_picked":["Exhume","Metallicize"],"picked":"Body Slam","floor":41.0},{"not_picked":["Cleave","Sentinel","Iron Wave+1"],"picked":"Singing Bowl","floor":44.0},{"not_picked":["Cleave","Havoc","Flame Barrier"],"picked":"Singing Bowl","floor":48.0},{"not_picked":["Flame Barrier+1","Metallicize","Perfected Strike"],"picked":"Singing Bowl","floor":49.0}],"player_experience":656908,"relics_obtained":[{"floor":6.0,"key":"Dream Catcher"},{"floor":8.0,"key":"Shuriken"},{"floor":9.0,"key":"Singing Bowl"},{"floor":26.0,"key":"Tiny Chest"},{"floor":37.0,"key":"Gambling Chip"},{"floor":38.0,"key":"Bag of Preparation"},{"floor":43.0,"key":"Orichalcum"},{"floor":45.0,"key":"Potion Belt"}],"event_choices":[{"damage_healed":18.0,"max_hp_gain":0.0,"max_hp_loss":0.0,"gold_gain":0.0,"event_name":"The Cleric","player_choice":"Healed","floor":5.0,"gold_loss":35.0,"damage_taken":0.0},{"damage_healed":0.0,"max_hp_gain":0.0,"max_hp_loss":0.0,"gold_gain":100.0,"event_name":"Wheel of Change","player_choice":"Gold","floor":10.0,"gold_loss":0.0,"damage_taken":0.0},{"damage_healed":0.0,"max_hp_gain":0.0,"max_hp_loss":0.0,"gold_gain":0.0,"event_name":"MindBloom","player_choice":"Fight","floor":37.0,"gold_loss":0.0,"damage_taken":0.0}],"is_beta":false,"boss_relics":[{"not_picked":["Orrery","Coffee Dripper"],"picked":"Philosopher\u0027s Stone"},{"not_picked":["Runic Cube","Lizard Tail"],"picked":"Eternal Feather"}],"items_purged_floors":[3,12,29,36,47],"is_endless":false,"potions_floor_spawned":[1,6,14,18,27,28,31,37,41,44,48],"ascension_level":19}