{"path_per_floor":["M","?","?","?","$","E","$","R","T","R","E","M","?","$","R","B",null],"character_chosen":"THE_SILENT","items_purchased":[],"gold_per_floor":[114,114,114,114,39,69,69,69,69,69,99,114,114,34,34,134,134,134],"floor_reached":18,"campfire_rested":1,"playtime":505,"current_hp_per_floor":[59,45,45,42,42,42,42,42,42,42,24,24,30,30,52,35,76,76],"items_purged":["Masterful Stab","Normality"],"gold":134,"score":239,"play_id":"c7d3c0eb-8ad8-4843-bf34-9af448ce7fe3","local_time":"20180408002350","daily_mods":["Insanity","Elite Swarm","Vintage"],"is_prod":false,"is_daily":true,"is_ascension_mode":false,"campfire_upgraded":2,"timestamp":1523161430,"path_taken":["M","?","?","?","$","E","$","R","T","R","E","?","?","?","R","BOSS","M"],"build_version":"2018-04-05v2","purchased_purges":2,"victory":false,"master_deck":["Setup","Bouncing Flask","Backstab+1","Terror","Quick Slash","Corpse Explosion","Dash","Burst+1","Crippling Poison","Tactician","Neutralize","Wraith Form","Finisher+1","Dash","Wraith Form","Acrobatics","Reflex","Blade Dance","Accuracy","Skewer","Malaise","Night Terror","Bane","Adrenaline","Reflex","Bouncing Flask","Cloak And Dagger","Outmaneuver","Deadly Poison","Noxious Fumes+1","Dagger Spray","Night Terror","Unload","Noxious Fumes","Blade Dance","Poisoned Stab","Outmaneuver","Doppelganger","Flechettes","Accuracy","Accuracy","Dodge and Roll","Poisoned Stab","Doppelganger","Bouncing Flask","Storm of Steel","Eviscerate","Noxious Fumes","Phantasmal Killer","After Image","A Thousand Cuts"],"max_hp_per_floor":[70,70,70,70,70,70,70,70,70,70,70,70,76,76,76,76,76,76],"relics":["Ring of the Snake","Blue Candle","Snake Skull","Anchor","Darkstone Periapt","Ornamental Fan","Pantograph","The Courier","Mummified Hand","Velvet Choker"],"card_choices":[{"not_picked":["Storm of Steel","Corpse Explosion"],"picked":"Phantasmal Killer","floor":6},{"not_picked":["Venomology","Burst"],"picked":"After Image","floor":11},{"not_picked":["Corpse Explosion","Storm of Steel"],"picked":"A Thousand Cuts","floor":16}],"player_experience":517559,"potions_floor_usage":[],"damage_taken":[{"damage":11,"enemies":"Jaw Worm","floor":1,"turns":2},{"damage":0,"enemies":"Gremlin Nob","floor":6,"turns":2},{"damage":18,"enemies":"Lagavulin","floor":11,"turns":4},{"damage":0,"enemies":"Small Slimes","floor":12,"turns":2},{"damage":41,"enemies":"The Guardian","floor":16,"turns":6},{"damage":0,"enemies":"Spheric Guardian","floor":18,"turns":1}],"event_choices":[{"event_name":"Shining Light","player_choice":"Entered Light","floor":2,"damage_taken":0},{"event_name":"Purifier","player_choice":"One Purge","floor":3,"damage_taken":0},{"event_name":"Scrap Ooze","player_choice":"success","floor":4,"damage_taken":3},{"event_name":"Accursed Blacksmith","player_choice":"Rummage","floor":13,"damage_taken":0}],"boss_relics":[{"not_picked":["Astrolabe","Philosopher\u0027s Stone"],"picked":"Velvet Choker"}],"potions_floor_spawned":[11,16],"seed_played":"751993229486629799","killed_by":"Spheric Guardian","ascension_level":0,"is_trial":false}