{"gold_per_floor":[11,25,25,39,64,64,239,270,315,355,73,23,36,61,61,181,181,200,125,125,149,170,170,214,214,214,227,64,97,97,7,7,127,190,213,232,202,202],"floor_reached":38,"playtime":2959,"items_purged":["Doubt","Strike_G","Defend_G"],"score":483,"play_id":"d0ed3a6d-02d5-4ce9-84d9-f1c916a7b0e3","local_time":"20190705121824","is_ascension_mode":true,"campfire_choices":[{"data":"Neutralize","floor":6,"key":"SMITH"},{"data":"Accuracy","floor":15,"key":"SMITH"},{"data":"Storm of Steel","floor":23,"key":"SMITH"},{"floor":25,"key":"REST"},{"floor":30,"key":"REST"},{"data":"Concentrate","floor":32,"key":"SMITH"}],"neow_cost":"NO_GOLD","seed_source_timestamp":189107155877775,"circlet_count":0,"master_deck":["Strike_G","Strike_G","Strike_G","Defend_G","Defend_G+1","Defend_G","Defend_G","Survivor","Neutralize+1","Violence","Dramatic Entrance","Finisher","Accuracy+1","Flying Knee","Cloak And Dagger","Dodge and Roll","Footwork","Footwork","Acrobatics","Storm of Steel+1","Dagger Spray+1","Blade Dance","Deflect","Slice","Blade Dance","Deflect","Concentrate+1","Accuracy","A Thousand Cuts","Cloak And Dagger+1","Cloak And Dagger","Deflect+1"],"relics":["Ring of the Snake","Golden Idol","Bag of Preparation","Centennial Puzzle","Lantern","Orichalcum","Membership Card","Odd Mushroom","Lizard Tail","Bottled Tornado","Gambling Chip","Sling","Omamori","Tiny House"],"potions_floor_usage":[8,14,16,22,22,29,33,33,33,36,38],"damage_taken":[{"damage":0,"enemies":"Cultist","floor":1,"turns":4},{"damage":2,"enemies":"Jaw Worm","floor":2,"turns":3},{"damage":0,"enemies":"2 Louse","floor":4,"turns":2},{"damage":7,"enemies":"Gremlin Nob","floor":8,"turns":4},{"damage":9,"enemies":"Lagavulin","floor":10,"turns":6},{"damage":0,"enemies":"Looter","floor":13,"turns":1},{"damage":12,"enemies":"The Mushroom Lair","floor":14,"turns":5},{"damage":7,"enemies":"The Guardian","floor":16,"turns":16},{"damage":16,"enemies":"Spheric Guardian","floor":18,"turns":5},{"damage":7,"enemies":"Shell Parasite","floor":21,"turns":4},{"damage":1,"enemies":"Centurion and Healer","floor":22,"turns":8},{"damage":63,"enemies":"Book of Stabbing","floor":24,"turns":10},{"damage":15,"enemies":"Snecko","floor":27,"turns":5},{"damage":5,"enemies":"Slavers","floor":29,"turns":3},{"damage":13,"enemies":"Collector","floor":33,"turns":14},{"damage":15,"enemies":"Orb Walker","floor":35,"turns":4},{"damage":54,"enemies":"3 Darklings","floor":36,"turns":5},{"damage":1,"enemies":"Sphere and 2 Shapes","floor":38,"turns":3}],"seed_played":"5292066678008803313","potions_obtained":[{"floor":1,"key":"SpeedPotion"},{"floor":8,"key":"AttackPotion"},{"floor":10,"key":"Strength Potion"},{"floor":16,"key":"Swift Potion"},{"floor":21,"key":"Poison Potion"},{"floor":24,"key":"Energy Potion"},{"floor":29,"key":"GamblersBrew"},{"floor":34,"key":"Explosive Potion"},{"floor":35,"key":"Weak Potion"},{"floor":37,"key":"EssenceOfSteel"},{"floor":37,"key":"Weak Potion"}],"is_trial":false,"path_per_floor":["M","M","?","M","T","R","?","E","T","E","$","$","M","?","R","B",null,"M","?","?","M","M","R","E","R","T","M","$","E","R","$","R","B",null,"M","M","?","M"],"character_chosen":"THE_SILENT","items_purchased":["Membership Card","Footwork","Sling","Accuracy","Swift Potion","Weak Potion"],"campfire_rested":2,"item_purchase_floors":[11,11,28,31,31,31],"current_hp_per_floor":[70,68,65,65,65,65,65,58,58,49,49,49,49,37,37,30,65,49,49,49,42,41,41,11,30,30,15,15,10,29,29,29,16,70,55,1,1,0],"gold":202,"neow_bonus":"RANDOM_COLORLESS_2","is_prod":false,"is_daily":false,"chose_seed":false,"campfire_upgraded":4,"win_rate":0,"timestamp":1562354304,"path_taken":["M","M","?","M","?","R","?","E","T","E","?","$","M","?","R","BOSS","M","?","?","?","M","R","E","R","T","M","$","E","R","$","R","BOSS","M","M","?","M"],"build_version":"2019-07-01","purchased_purges":3,"victory":false,"max_hp_per_floor":[70,70,65,65,65,65,65,65,65,65,65,65,65,65,65,65,65,65,65,65,65,65,65,65,65,65,65,65,65,65,65,65,65,70,70,70,70,70],"card_choices":[{"not_picked":["Deadly Poison","Predator"],"picked":"Finisher","floor":1},{"not_picked":["Blur","Blade Dance"],"picked":"Accuracy","floor":2},{"not_picked":["Deadly Poison","Dagger Throw"],"picked":"Flying Knee","floor":4},{"not_picked":["Blade Dance","PiercingWail"],"picked":"Cloak And Dagger","floor":8},{"not_picked":["Reflex","Quick Slash"],"picked":"Dodge and Roll","floor":10},{"not_picked":["Distraction","Outmaneuver"],"picked":"Footwork","floor":13},{"not_picked":["Setup","Dash"],"picked":"Acrobatics","floor":14},{"not_picked":["Tools of the Trade","Envenom"],"picked":"Storm of Steel","floor":16},{"not_picked":["Poisoned Stab+1","Dagger Throw"],"picked":"Dagger Spray+1","floor":18},{"not_picked":["All Out Attack","Eviscerate"],"picked":"Deflect","floor":21},{"not_picked":["Flying Knee","Acrobatics"],"picked":"Slice","floor":22},{"not_picked":["Flying Knee","PiercingWail"],"picked":"Blade Dance","floor":24},{"not_picked":["Flying Knee+1","Dash"],"picked":"Deflect","floor":27},{"not_picked":["Catalyst+1","PiercingWail"],"picked":"Concentrate","floor":29},{"not_picked":["Venomology","Envenom"],"picked":"A Thousand Cuts","floor":33},{"not_picked":["Dagger Spray","Eviscerate"],"picked":"Cloak And Dagger+1","floor":34},{"not_picked":["Deflect","PiercingWail+1"],"picked":"Cloak And Dagger","floor":35},{"not_picked":["Flying Knee+1","PiercingWail+1"],"picked":"Deflect+1","floor":36}],"player_experience":173423,"relics_obtained":[{"floor":5,"key":"Bag of Preparation"},{"floor":8,"key":"Centennial Puzzle"},{"floor":9,"key":"Lantern"},{"floor":10,"key":"Orichalcum"},{"floor":14,"key":"Odd Mushroom"},{"floor":24,"key":"Bottled Tornado"},{"floor":26,"key":"Gambling Chip"},{"floor":29,"key":"Omamori"}],"event_choices":[{"damage_healed":0,"gold_gain":0,"player_choice":"Lose Max HP","damage_taken":0,"relics_obtained":["Golden Idol"],"max_hp_gain":0,"max_hp_loss":5,"event_name":"Golden Idol","floor":3,"gold_loss":0},{"damage_healed":0,"gold_gain":175,"player_choice":"AGREE","damage_taken":0,"max_hp_gain":0,"max_hp_loss":0,"event_name":"Liars Game","floor":7,"gold_loss":0,"cards_obtained":["Doubt"]},{"damage_healed":0,"gold_gain":0,"player_choice":"Fought Mushrooms","damage_taken":0,"max_hp_gain":0,"max_hp_loss":0,"event_name":"Mushrooms","floor":14,"gold_loss":0},{"cards_removed":["Strike_G"],"damage_healed":0,"gold_gain":0,"player_choice":"Gave Gold","damage_taken":0,"max_hp_gain":0,"max_hp_loss":0,"event_name":"Beggar","floor":19,"gold_loss":75},{"damage_healed":0,"gold_gain":0,"player_choice":"Read","damage_taken":0,"max_hp_gain":0,"max_hp_loss":0,"event_name":"The Library","floor":20,"gold_loss":0,"cards_obtained":["Blade Dance"]},{"damage_healed":0,"gold_gain":0,"player_choice":"Bought 2 Potions","damage_taken":0,"max_hp_gain":0,"max_hp_loss":0,"event_name":"The Woman in Blue","floor":37,"gold_loss":0}],"is_beta":false,"boss_relics":[{"not_picked":["Ectoplasm","Fusion Hammer"],"picked":"Lizard Tail"},{"not_picked":["White Beast Statue","Snecko Eye"],"picked":"Tiny House"}],"items_purged_floors":[11,12,28],"is_endless":false,"potions_floor_spawned":[1,8,10,16,21,24,29,35],"killed_by":"Sphere and 2 Shapes","ascension_level":3}