{"gold_per_floor":[117,42,62,62,62,62,90,108,134,145,145,155,166,266,266,365,365,379,393,411,411],"floor_reached":21,"playtime":1687,"items_purged":["Strike_R"],"score":210,"play_id":"14d470e4-9270-42e1-b533-4cfb494bcb5b","local_time":"20190303213256","is_ascension_mode":true,"campfire_choices":[{"data":"Clothesline","floor":6,"key":"SMITH"},{"floor":11,"key":"REST"},{"floor":15,"key":"RECALL"}],"neow_cost":"NONE","seed_source_timestamp":237660151246978,"circlet_count":0,"master_deck":["Strike_R","Strike_R","Strike_R","Defend_R","Defend_R","Defend_R","Defend_R","Bash","Brutality","Warcry","Clothesline+1","Second Wind","Anger","Burning Pact","Carnage","Juggernaut","Juggernaut","Armaments","Metallicize","Armaments"],"relics":["Burning Blood","Orichalcum","Runic Dome"],"potions_floor_usage":[16,16,18],"damage_taken":[{"damage":14,"enemies":"Cultist","floor":1,"turns":5},{"damage":9,"enemies":"2 Louse","floor":3,"turns":5},{"damage":62,"enemies":"Gremlin Nob","floor":7,"turns":7},{"damage":11,"enemies":"Small Slimes","floor":8,"turns":4},{"damage":1,"enemies":"2 Fungi Beasts","floor":10,"turns":4},{"damage":0,"enemies":"Large Slime","floor":12,"turns":5},{"damage":6,"enemies":"Blue Slaver","floor":13,"turns":4},{"damage":36,"enemies":"The Guardian","floor":16,"turns":12},{"damage":42,"enemies":"2 Thieves","floor":18,"turns":4},{"damage":17,"enemies":"Spheric Guardian","floor":19,"turns":4},{"damage":25,"enemies":"Cultist and Chosen","floor":20,"turns":8},{"damage":17,"enemies":"Centurion and Healer","floor":21,"turns":2}],"seed_played":"3901574980573469694","potions_obtained":[{"floor":8,"key":"LiquidBronze"},{"floor":12,"key":"Swift Potion"},{"floor":13,"key":"PowerPotion"},{"floor":16,"key":"Fire Potion"},{"floor":20,"key":"Fire Potion"}],"is_trial":false,"path_per_floor":["M","$","M","?","$","R","E","M","T","M","R","M","M","?","R","B",null,"M","M","M","M"],"character_chosen":"IRONCLAD","items_purchased":[],"campfire_rested":1,"item_purchase_floors":[],"current_hp_per_floor":[72,72,69,69,69,69,13,8,8,13,37,43,43,43,43,13,80,44,33,14,0],"gold":411,"neow_bonus":"ONE_RANDOM_RARE_CARD","is_prod":false,"is_daily":false,"chose_seed":false,"campfire_upgraded":1,"win_rate":0,"timestamp":1551677576,"path_taken":["M","$","?","?","$","R","E","M","T","M","R","?","?","?","R","BOSS","M","M","M","?"],"build_version":"2019-01-23","purchased_purges":1,"victory":false,"max_hp_per_floor":[80,80,80,80,80,80,80,80,80,80,80,80,80,80,80,80,80,80,80,80,80],"card_choices":[{"not_picked":["Flex","Sentinel"],"picked":"Warcry","floor":1},{"not_picked":["Body Slam","Havoc"],"picked":"Clothesline","floor":3},{"not_picked":["Clothesline","Second Wind"],"picked":"Anger","floor":7},{"not_picked":["Perfected Strike","Pommel Strike"],"picked":"Burning Pact","floor":8},{"not_picked":["Flex","Hemokinesis"],"picked":"Carnage","floor":10},{"not_picked":["Iron Wave","Body Slam"],"picked":"Juggernaut","floor":12},{"not_picked":["True Grit","Burning Pact","Rage"],"picked":"SKIP","floor":13},{"not_picked":["Dark Embrace","Impervious"],"picked":"Juggernaut","floor":16},{"not_picked":["Havoc","Heavy Blade"],"picked":"Armaments","floor":18},{"not_picked":["True Grit","Wild Strike"],"picked":"Metallicize","floor":19},{"not_picked":["Whirlwind","Fire Breathing+1"],"picked":"Armaments","floor":20}],"player_experience":79858,"relics_obtained":[{"floor":7,"key":"Orichalcum"}],"event_choices":[{"damage_healed":0,"gold_gain":0,"cards_transformed":["Strike_R"],"player_choice":"Transformed","damage_taken":0,"max_hp_gain":0,"max_hp_loss":0,"event_name":"Transmorgrifier","floor":4,"gold_loss":0,"cards_obtained":["Second Wind"]},{"damage_healed":0,"gold_gain":100,"player_choice":"Pray","damage_taken":0,"max_hp_gain":0,"max_hp_loss":0,"event_name":"Golden Shrine","floor":14,"gold_loss":0}],"is_beta":false,"boss_relics":[{"not_picked":["Cursed Key","Fusion Hammer"],"picked":"Runic Dome"}],"items_purged_floors":[2],"is_endless":false,"potions_floor_spawned":[8,12,13,16,20],"killed_by":"Centurion and Healer","ascension_level":3}