{"gold_per_floor":[110,121,121,121,136,136,169,169,196,39,73,73,73,92,92,190,190,208,242,242,256,25,58,58,92,168,11,23,23,23,41,41,141,141,155,175,175,190,210,244,261,281,281,291,291,310,324,349,349,349],"floor_reached":51,"playtime":4528,"items_purged":["Regret"],"score":1126,"play_id":"bf185038-e920-450e-a727-a06b0d69d6a0","local_time":"20190804172025","is_ascension_mode":true,"campfire_choices":[{"data":"Dualcast","floor":6,"key":"SMITH"},{"data":"Defragment","floor":12,"key":"SMITH"},{"floor":15,"key":"REST"},{"floor":24,"key":"REST"},{"floor":30,"key":"REST"},{"floor":32,"key":"REST"},{"floor":45,"key":"REST"},{"floor":49,"key":"RECALL"}],"neow_cost":"TEN_PERCENT_HP_LOSS","seed_source_timestamp":982500420466335,"circlet_count":0,"master_deck":["Zap+1","Dualcast+1","Undo","Gash","Coolheaded","Turbo","Compile Driver","Self Repair","Defragment+1","Sweeping Beam","Core Surge","Chaos","Beam Cell","Gash","Defragment","Multi-Cast","White Noise","Steam","Decay","Heatsinks+1","Biased Cognition","Seek","Recycle","Cold Snap","Double Energy","Loop","Capacitor","Doom and Gloom","Chaos+1","Doom and Gloom+1","Conserve Battery+1","Loop","Steam Power+1","Parasite","Glacier+1","Leap+1","Coolheaded","Hologram+1","Machine Learning"],"relics":["Cracked Core","Du-Vu Doll","Regal Pillow","Pen Nib","Centennial Puzzle","Ornamental Fan","Lantern","Fusion Hammer","Red Mask","Orichalcum","HandDrill","Oddly Smooth Stone","Bottled Tornado","Mummified Hand","Vajra","Pandora\u0027s Box","Art of War","Question Card","Pocketwatch"],"potions_floor_usage":[7,7,16,19,23,23,39,40,40,40,50,50,50],"damage_taken":[{"damage":7,"enemies":"Jaw Worm","floor":1,"turns":3},{"damage":0,"enemies":"Small Slimes","floor":2,"turns":3},{"damage":4,"enemies":"2 Louse","floor":5,"turns":2},{"damage":27,"enemies":"Gremlin Nob","floor":7,"turns":5},{"damage":0,"enemies":"3 Sentries","floor":11,"turns":9},{"damage":0,"enemies":"2 Fungi Beasts","floor":14,"turns":3},{"damage":36,"enemies":"Slime Boss","floor":16,"turns":11},{"damage":15,"enemies":"2 Thieves","floor":18,"turns":3},{"damage":19,"enemies":"Masked Bandits","floor":19,"turns":5},{"damage":2,"enemies":"Shell Parasite","floor":21,"turns":4},{"damage":38,"enemies":"Gremlin Leader","floor":23,"turns":9},{"damage":23,"enemies":"Book of Stabbing","floor":25,"turns":6},{"damage":12,"enemies":"Snake Plant","floor":28,"turns":4},{"damage":19,"enemies":"Snecko","floor":31,"turns":6},{"damage":14,"enemies":"Champ","floor":33,"turns":8},{"damage":31,"enemies":"3 Darklings","floor":35,"turns":4},{"damage":9,"enemies":"3 Shapes","floor":36,"turns":4},{"damage":2,"enemies":"Transient","floor":38,"turns":5},{"damage":16,"enemies":"Jaw Worm Horde","floor":39,"turns":3},{"damage":19,"enemies":"Giant Head","floor":40,"turns":7},{"damage":6,"enemies":"Writhing Mass","floor":41,"turns":4},{"damage":0,"enemies":"Spire Growth","floor":42,"turns":3},{"damage":0,"enemies":"Sphere and 2 Shapes","floor":44,"turns":3},{"damage":2,"enemies":"Jaw Worm Horde","floor":46,"turns":3},{"damage":0,"enemies":"Transient","floor":47,"turns":5},{"damage":0,"enemies":"Reptomancer","floor":48,"turns":6},{"damage":13,"enemies":"Time Eater","floor":50,"turns":6}],"seed_played":"99670915362789949","potions_obtained":[{"floor":1,"key":"Regen Potion"},{"floor":5,"key":"Block Potion"},{"floor":11,"key":"FocusPotion"},{"floor":16,"key":"Weak Potion"},{"floor":19,"key":"Energy Potion"},{"floor":21,"key":"Dexterity Potion"},{"floor":33,"key":"Energy Potion"},{"floor":35,"key":"Explosive Potion"},{"floor":36,"key":"SneckoOil"},{"floor":37,"key":"EntropicBrew"},{"floor":41,"key":"Fire Potion"},{"floor":44,"key":"Strength Potion"}],"is_trial":false,"path_per_floor":["M","M","?","?","M","R","E","?","T","$","E","R","?","M","R","B",null,"M","?","?","M","$","E","R","E","T","$","M","?","R","M","R","B",null,"M","M","?","M","M","E","M","M","T","M","R","M","M","E","R","B",null],"character_chosen":"DEFECT","items_purchased":["Self Repair","Defragment","HandDrill","Vajra"],"campfire_rested":5,"item_purchase_floors":[10,22,22,27],"current_hp_per_floor":[61,61,61,47,43,43,30,30,30,30,37,37,4,11,46,17,55,47,35,35,40,40,9,44,21,21,21,16,16,51,39,68,61,66,42,40,40,45,36,24,18,25,25,32,67,65,68,68,68,62],"gold":349,"neow_bonus":"ONE_RARE_RELIC","is_prod":false,"is_daily":false,"chose_seed":false,"campfire_upgraded":2,"win_rate":0,"timestamp":1564964425,"path_taken":["M","M","?","?","?","R","E","?","T","$","E","R","?","M","R","BOSS","M","?","?","M","?","E","R","E","T","?","M","?","R","M","R","BOSS","M","M","?","M","M","E","M","M","T","M","R","M","?","E","R","BOSS"],"build_version":"2019-07-17","purchased_purges":1,"victory":true,"max_hp_per_floor":[68,68,68,68,68,68,68,68,68,68,68,68,68,68,68,68,68,68,68,68,68,68,68,68,68,68,68,68,68,68,68,68,68,68,68,68,68,68,68,68,68,68,68,68,68,68,68,68,68,68],"card_choices":[{"not_picked":["Fusion","Tempest"],"picked":"Undo","floor":1},{"not_picked":["Rebound","Go for the Eyes"],"picked":"Gash","floor":2},{"not_picked":["Leap","Rip and Tear"],"picked":"Turbo","floor":5},{"not_picked":["Hologram","Coolheaded"],"picked":"Compile Driver","floor":7},{"not_picked":["Gash","Sweeping Beam"],"picked":"Defragment","floor":11},{"not_picked":["Force Field","Coolheaded"],"picked":"Sweeping Beam","floor":14},{"not_picked":["Multi-Cast","Biased Cognition"],"picked":"Core Surge","floor":16},{"not_picked":["Barrage","Steam Power"],"picked":"Chaos","floor":18},{"not_picked":["Compile Driver","Steam Power"],"picked":"Beam Cell","floor":19},{"not_picked":["Barrage","FTL"],"picked":"Gash","floor":21},{"not_picked":["Beam Cell","Rebound+1"],"picked":"Multi-Cast","floor":23},{"not_picked":["Reinforced Body","Sweeping Beam"],"picked":"White Noise","floor":25},{"not_picked":["Leap","Ball Lightning"],"picked":"Steam","floor":28},{"not_picked":["Turbo","Steam Power"],"picked":"Heatsinks+1","floor":31},{"not_picked":["Meteor Strike","Multi-Cast"],"picked":"Biased Cognition","floor":33},{"not_picked":["Genetic Algorithm+1","Doom and Gloom"],"picked":"Chaos+1","floor":35},{"not_picked":["Turbo+1","Force Field"],"picked":"Doom and Gloom+1","floor":36},{"not_picked":["Darkness","Leap"],"picked":"Conserve Battery+1","floor":38},{"not_picked":["Steam","Ball Lightning"],"picked":"Loop","floor":39},{"not_picked":["Steam","All For One"],"picked":"Steam Power+1","floor":40},{"not_picked":["Leap","Hello World+1"],"picked":"Glacier+1","floor":41},{"not_picked":["Steam","Rebound+1"],"picked":"Leap+1","floor":42},{"not_picked":["Sweeping Beam+1","Seek","Stack","Steam Power"],"picked":"SKIP","floor":44},{"not_picked":["Redo","Compile Driver+1","Recycle"],"picked":"Coolheaded","floor":46},{"not_picked":["Stack","Barrage","Rip and Tear"],"picked":"Hologram+1","floor":47},{"not_picked":["Compile Driver+1","Aggregate","Sweeping Beam+1"],"picked":"Machine Learning","floor":48}],"player_experience":470254,"relics_obtained":[{"floor":7,"key":"Regal Pillow"},{"floor":9,"key":"Centennial Puzzle"},{"floor":11,"key":"Ornamental Fan"},{"floor":19,"key":"Red Mask"},{"floor":23,"key":"Oddly Smooth Stone"},{"floor":25,"key":"Bottled Tornado"},{"floor":26,"key":"Mummified Hand"},{"floor":40,"key":"Art of War"},{"floor":43,"key":"Question Card"},{"floor":48,"key":"Pocketwatch"}],"event_choices":[{"damage_healed":0,"gold_gain":0,"cards_transformed":["Strike_B"],"player_choice":"Change","damage_taken":0,"max_hp_gain":0,"max_hp_loss":0,"event_name":"Living Wall","floor":3,"gold_loss":0,"cards_obtained":["Coolheaded"]},{"damage_healed":0,"gold_gain":0,"player_choice":"Entered Light","damage_taken":14,"max_hp_gain":0,"max_hp_loss":0,"event_name":"Shining Light","floor":4,"gold_loss":0,"cards_upgraded":["Defend_B","Zap"]},{"damage_healed":0,"gold_gain":0,"player_choice":"Box","damage_taken":0,"relics_obtained":["Pen Nib"],"max_hp_gain":0,"max_hp_loss":0,"event_name":"Big Fish","floor":8,"gold_loss":0,"cards_obtained":["Regret"]},{"damage_healed":0,"gold_gain":0,"player_choice":"Success","damage_taken":33,"relics_obtained":["Lantern"],"max_hp_gain":0,"max_hp_loss":0,"event_name":"Scrap Ooze","floor":13,"gold_loss":0},{"damage_healed":0,"gold_gain":0,"player_choice":"Fought Bandits","damage_taken":0,"max_hp_gain":0,"max_hp_loss":0,"event_name":"Masked Bandits","floor":19,"gold_loss":0},{"damage_healed":0,"gold_gain":0,"player_choice":"Opened","damage_taken":0,"relics_obtained":["Orichalcum"],"max_hp_gain":0,"max_hp_loss":0,"event_name":"The Mausoleum","floor":20,"gold_loss":0},{"damage_healed":0,"gold_gain":0,"player_choice":"Smashed Altar","damage_taken":0,"max_hp_gain":0,"max_hp_loss":0,"event_name":"Forgotten Altar","floor":29,"gold_loss":0,"cards_obtained":["Decay"]},{"damage_healed":0,"gold_gain":0,"player_choice":"Got Potions","damage_taken":0,"max_hp_gain":0,"max_hp_loss":0,"event_name":"Lab","floor":37,"gold_loss":0}],"is_beta":false,"boss_relics":[{"not_picked":["Sozu","Busted Crown"],"picked":"Fusion Hammer"},{"not_picked":["Velvet Choker","Coffee Dripper"],"picked":"Pandora\u0027s Box"}],"items_purged_floors":[10],"is_endless":false,"potions_floor_spawned":[1,5,11,16,19,21,33,35,36,41,44],"ascension_level":9}