{"gold_per_floor":[116,135,148,148,168,168,203,217,517,517,527,527,33,51,51,51],"floor_reached":16,"playtime":810,"items_purged":["Strike_R"],"score":172,"play_id":"7da8d5c6-62ff-44aa-913a-0254bab157a0","local_time":"20181005224218","is_ascension_mode":true,"campfire_choices":[{"data":"Whirlwind","floor":6.0,"key":"SMITH"},{"floor":10,"key":"REST"},{"floor":15,"key":"REST"}],"neow_cost":"","seed_source_timestamp":0,"circlet_count":0,"master_deck":["Strike_R","Strike_R","Defend_R","Defend_R","Defend_R","Defend_R","Bash","AscendersBane","Iron Wave","Wild Strike","Whirlwind+1","Spot Weakness","Pommel Strike","Metallicize","Reaper"],"special_seed":0,"relics":["Burning Blood","Dead Branch","Old Coin","Blood Vial","Sling"],"potions_floor_usage":[11,14],"damage_taken":[{"damage":9.0,"enemies":"Jaw Worm","floor":1.0,"turns":4.0},{"damage":10.0,"enemies":"Small Slimes","floor":2.0,"turns":3.0},{"damage":6.0,"enemies":"Cultist","floor":3.0,"turns":4.0},{"damage":18.0,"enemies":"Lots of Slimes","floor":5.0,"turns":6.0},{"damage":57,"enemies":"Lagavulin","floor":7,"turns":7},{"damage":1,"enemies":"2 Fungi Beasts","floor":8,"turns":2},{"damage":13,"enemies":"Red Slaver","floor":11,"turns":3},{"damage":15,"enemies":"Exordium Thugs","floor":14,"turns":4},{"damage":68,"enemies":"Slime Boss","floor":16,"turns":8}],"seed_played":"6165256625891102247","potions_obtained":[{"floor":1.0,"key":"BloodPotion"},{"floor":8,"key":"Regen Potion"},{"floor":11,"key":"Block Potion"}],"is_trial":false,"path_per_floor":["M","M","M","?","M","R","E","M","T","R","M","?","$","M","R"],"character_chosen":"IRONCLAD","items_purchased":["Reaper","Blood Vial","Sling"],"campfire_rested":2,"item_purchase_floors":[13,13,13],"current_hp_per_floor":[69,65,65,65,61,61,10,15,15,39,41,41,41,42,66,0],"gold":51,"neow_bonus":"","is_prod":false,"is_daily":false,"chose_seed":false,"campfire_upgraded":1,"win_rate":0,"timestamp":1538793738,"path_taken":["M","M","M","?","M","R","E","?","T","R","?","?","$","M","R","BOSS"],"build_version":"2018-10-04v2","purchased_purges":1,"victory":false,"max_hp_per_floor":[80,80,80,80,80,80,80,80,80,80,80,80,80,80,80,80],"card_choices":[{"not_picked":["Clash","Armaments","Sword Boomerang"],"picked":"SKIP","floor":1.0},{"not_picked":["Havoc","Headbutt"],"picked":"Iron Wave","floor":2.0},{"not_picked":["Perfected Strike","Infernal Blade"],"picked":"Wild Strike","floor":3.0},{"not_picked":["Heavy Blade","Pommel Strike"],"picked":"Whirlwind","floor":5.0},{"not_picked":["Shrug It Off","Anger"],"picked":"Spot Weakness","floor":7},{"not_picked":["Thunderclap","Wild Strike"],"picked":"Pommel Strike","floor":8},{"not_picked":["Brutality","Clothesline"],"picked":"Metallicize","floor":11},{"not_picked":["Sentinel","Corruption","Havoc"],"picked":"SKIP","floor":14}],"player_experience":455495,"relics_obtained":[{"floor":7,"key":"Dead Branch"},{"floor":9,"key":"Old Coin"}],"event_choices":[{"event_name":"Living Wall","player_choice":"Forget","floor":4.0,"damage_taken":0.0},{"event_name":"Purifier","player_choice":"One Purge","floor":12,"damage_taken":0}],"is_beta":false,"boss_relics":[],"items_purged_floors":[13],"is_endless":false,"potions_floor_spawned":[1,8,11],"killed_by":"Slime Boss","ascension_level":13}