{"gold_per_floor":[109,109,124,74,74,74,74,74,74,74,74,74,74,118,118,246,246,260,185,204,217,238,238,251,295,319,319,219,219,242,260,260,386,386,400,424,757,376,376,376,226,226,226,226,51,71,82,96,96,96],"floor_reached":51,"playtime":1853,"items_purged":["Strike_R","Strike_R","Defend_R","Defend_R","Defend_R"],"score":863,"play_id":"e417b19d-7fe4-41a6-aa36-1e4609d62ee6","local_time":"20190105025259","is_ascension_mode":false,"campfire_choices":[{"data":"Bash","floor":6,"key":"SMITH"},{"data":"Searing Blow","floor":11,"key":"SMITH"},{"data":"Searing Blow+1","floor":13,"key":"SMITH"},{"data":"Searing Blow+2","floor":15,"key":"SMITH"},{"data":"Searing Blow+3","floor":23,"key":"SMITH"},{"data":"Searing Blow+4","floor":27,"key":"SMITH"},{"data":"Searing Blow+5","floor":29,"key":"SMITH"},{"data":"Searing Blow+6","floor":32,"key":"SMITH"},{"data":"Searing Blow+7","floor":40,"key":"SMITH"},{"data":"Searing Blow+8","floor":42,"key":"SMITH"},{"data":"Searing Blow+9","floor":44,"key":"SMITH"},{"data":"Searing Blow+10","floor":49,"key":"SMITH"}],"neow_cost":"NONE","seed_source_timestamp":181850205379965,"circlet_count":0,"master_deck":["Bash+1","Searing Blow+11","Undo","Dropkick+1","Disarm+1"],"relics":["Burning Blood","Toxic Egg 2","Blue Candle","Philosopher\u0027s Stone","Regal Pillow","Bronze Scales","Busted Crown","Paper Frog","Frozen Egg 2"],"potions_floor_usage":[16,33,33,33,50,50],"damage_taken":[{"damage":2,"enemies":"2 Louse","floor":1,"turns":3},{"damage":6,"enemies":"Cultist","floor":3,"turns":3},{"damage":33,"enemies":"3 Sentries","floor":14,"turns":10},{"damage":13,"enemies":"Slime Boss","floor":16,"turns":6},{"damage":7,"enemies":"Spheric Guardian","floor":18,"turns":4},{"damage":2,"enemies":"Shell Parasite","floor":20,"turns":4},{"damage":11,"enemies":"Snake Plant","floor":21,"turns":3},{"damage":20,"enemies":"Shelled Parasite and Fungi","floor":22,"turns":6},{"damage":0,"enemies":"Centurion and Healer","floor":24,"turns":4},{"damage":27,"enemies":"Slavers","floor":25,"turns":5},{"damage":0,"enemies":"Sentry and Sphere","floor":30,"turns":3},{"damage":1,"enemies":"3 Cultists","floor":31,"turns":3},{"damage":50,"enemies":"Automaton","floor":33,"turns":7},{"damage":0,"enemies":"3 Shapes","floor":35,"turns":3},{"damage":1,"enemies":"Orb Walker","floor":36,"turns":3},{"damage":3,"enemies":"Writhing Mass","floor":46,"turns":2},{"damage":0,"enemies":"Transient","floor":47,"turns":4},{"damage":0,"enemies":"Maw","floor":48,"turns":2},{"damage":33,"enemies":"Time Eater","floor":50,"turns":2}],"seed_played":"-8293836101097357096","potions_obtained":[{"floor":1,"key":"Poison Potion"},{"floor":3,"key":"SpeedPotion"},{"floor":20,"key":"SpeedPotion"},{"floor":22,"key":"AttackPotion"},{"floor":30,"key":"Energy Potion"},{"floor":36,"key":"LiquidBronze"},{"floor":47,"key":"Weak Potion"}],"is_trial":false,"path_per_floor":["M","?","M","?","?","R","?","?","T","$","R","?","R","E","R","B",null,"M","$","M","M","M","R","M","E","T","R","$","R","M","M","R","B",null,"M","M","?","$","?","R","$","R","T","R","$","M","M","M","R","B",null],"character_chosen":"IRONCLAD","items_purchased":["Paper Frog"],"campfire_rested":0,"item_purchase_floors":[38],"current_hp_per_floor":[80,80,80,80,85,85,85,79,79,79,79,79,79,52,52,45,79,78,78,79,74,60,60,66,45,45,45,45,45,51,56,56,12,79,79,79,79,79,79,79,79,79,79,79,79,79,79,79,79,52],"gold":96,"neow_bonus":"REMOVE_CARD","is_prod":false,"is_daily":false,"chose_seed":false,"campfire_upgraded":12,"win_rate":0,"timestamp":1546674779,"path_taken":["M","?","?","?","?","R","?","?","T","?","R","?","R","E","R","BOSS","M","?","M","M","?","R","M","E","T","R","$","R","M","?","R","BOSS","M","M","?","$","?","R","?","R","T","R","$","M","?","M","R","BOSS"],"build_version":"2019-01-03v4","purchased_purges":5,"victory":true,"max_hp_per_floor":[80,80,80,80,85,85,85,79,79,79,79,79,79,79,79,79,79,79,79,79,79,79,79,79,79,79,79,79,79,79,79,79,79,79,79,79,79,79,79,79,79,79,79,79,79,79,79,79,79,79],"card_choices":[{"not_picked":["Body Slam","Flex","Sentinel"],"picked":"SKIP","floor":1},{"not_picked":["Anger","True Grit"],"picked":"Searing Blow","floor":3},{"not_picked":["Sword Boomerang","Battle Trance+1","Limit Break+1"],"picked":"SKIP","floor":14},{"not_picked":["Twin Strike","Anger","Heavy Blade+1"],"picked":"SKIP","floor":18},{"not_picked":["Wild Strike+1","Anger","Armaments+1"],"picked":"SKIP","floor":20},{"not_picked":["Iron Wave","Entrench+1","Combust"],"picked":"SKIP","floor":21},{"not_picked":["Thunderclap","True Grit+1","Limit Break+1"],"picked":"SKIP","floor":22},{"not_picked":["Wild Strike","Reckless Charge+1","Anger"],"picked":"SKIP","floor":24},{"not_picked":["Blood for Blood","Second Wind+1","Pummel"],"picked":"SKIP","floor":25},{"not_picked":["Armaments+1","Twin Strike"],"picked":"Dropkick+1","floor":30},{"not_picked":["Body Slam","Warcry+1","Ghostly Armor+1"],"picked":"SKIP","floor":31},{"not_picked":["Twin Strike"],"picked":"SKIP","floor":35},{"not_picked":["Heavy Blade"],"picked":"SKIP","floor":36},{"not_picked":["Corruption+1"],"picked":"SKIP","floor":46},{"not_picked":["Burning Pact+1"],"picked":"SKIP","floor":47},{"not_picked":[],"picked":"Disarm+1","floor":48}],"player_experience":673906,"relics_obtained":[{"floor":9,"key":"Toxic Egg 2"},{"floor":14,"key":"Blue Candle"},{"floor":25,"key":"Regal Pillow"},{"floor":26,"key":"Bronze Scales"},{"floor":43,"key":"Frozen Egg 2"}],"event_choices":[{"damage_healed":0,"gold_gain":0,"player_choice":"Bought 0 Potions","damage_taken":0,"max_hp_gain":0,"max_hp_loss":0,"event_name":"The Woman in Blue","floor":2,"gold_loss":0},{"cards_removed":["Strike_R"],"damage_healed":0,"gold_gain":0,"player_choice":"Card Removal","damage_taken":0,"max_hp_gain":0,"max_hp_loss":0,"event_name":"The Cleric","floor":4,"gold_loss":50},{"damage_healed":0,"gold_gain":0,"player_choice":"Donut","damage_taken":0,"max_hp_gain":5,"max_hp_loss":0,"event_name":"Big Fish","floor":5,"gold_loss":0},{"cards_removed":["Strike_R"],"damage_healed":0,"gold_gain":0,"player_choice":"Forget","damage_taken":0,"max_hp_gain":0,"max_hp_loss":0,"event_name":"Living Wall","floor":7,"gold_loss":0},{"damage_healed":0,"gold_gain":0,"player_choice":"Lose Max HP","damage_taken":0,"relics_obtained":["Golden Idol"],"max_hp_gain":0,"max_hp_loss":6,"event_name":"Golden Idol","floor":8,"gold_loss":0},{"cards_removed":["Defend_R"],"damage_healed":0,"gold_gain":0,"player_choice":"Took Card","damage_taken":0,"max_hp_gain":0,"max_hp_loss":0,"event_name":"NoteForYourself","floor":12,"gold_loss":0,"cards_obtained":["Undo"]},{"damage_healed":0,"gold_gain":333,"player_choice":"Gave Idol","damage_taken":0,"max_hp_gain":0,"max_hp_loss":0,"event_name":"The Moai Head","floor":37,"relics_lost":["Golden Idol"],"gold_loss":0},{"damage_healed":0,"gold_gain":0,"player_choice":"Ignored","damage_taken":0,"max_hp_gain":0,"max_hp_loss":0,"event_name":"Tomb of Lord Red Mask","floor":39,"gold_loss":0}],"is_beta":false,"boss_relics":[{"not_picked":["Ectoplasm","Astrolabe"],"picked":"Philosopher\u0027s Stone"},{"not_picked":["Calling Bell","Fusion Hammer"],"picked":"Busted Crown"}],"items_purged_floors":[19,28,38,41,45],"is_endless":false,"potions_floor_spawned":[1,3,20,22,30,31,36,47],"ascension_level":0}