{"gold_per_floor":[110,125,125,144,162,162,175,175,199,199,242,242,260,304,304,425,425,446,446,371,11,11,11,11,44,67,42,42,67,67,88,88,219,219,232,232,251,584,584,584,595,595,595,595,595,595,595,605,605,605],"floor_reached":51,"playtime":7210,"items_purged":[],"score":965,"play_id":"cb66fcd4-5ea6-454b-bec7-3a30a67c8606","local_time":"20190302150442","is_ascension_mode":true,"campfire_choices":[{"data":"Masterful Stab","floor":6.0,"key":"SMITH"},{"data":"Neutralize","floor":8.0,"key":"SMITH"},{"data":"Concentrate","floor":12.0,"key":"SMITH"},{"data":"Cloak And Dagger","floor":15.0,"key":"SMITH"},{"data":"RitualDagger","floor":23.0,"key":"SMITH"},{"data":"Well Laid Plans","floor":28.0,"key":"SMITH"},{"data":"Skewer","floor":30.0,"key":"SMITH"},{"floor":32.0,"key":"REST"},{"data":"After Image","floor":40.0,"key":"SMITH"},{"floor":45.0,"key":"REST"},{"floor":49,"key":"REST"}],"neow_cost":"NONE","seed_source_timestamp":0,"circlet_count":0,"master_deck":["Defend_G+1","Defend_G+1","Defend_G+1","Defend_G+1","Defend_G+1","Strike_G+1","Survivor+1","Neutralize+1","Terror+1","Concentrate+1","Masterful Stab+1","Footwork+1","Blur+1","Cloak And Dagger+1","Expertise+1","After Image+1","Skewer+1","RitualDagger+1","Well Laid Plans+1","Prepared+1","Escape Plan+1","Distraction+1","Blur+1","Deflect+1","Dodge and Roll+1","Deflect+1","Corpse Explosion+1","Catalyst+1","Poisoned Stab+1","Madness+1","Madness+1","Catalyst+1"],"special_seed":0,"relics":["Ring of the Snake","War Paint","Anchor","Centennial Puzzle","Whetstone","Runic Dome","Toxic Egg 2","Juzu Bracelet","Potion Belt","Busted Crown","Boot","Mark of the Bloom"],"potions_floor_usage":[50,50],"damage_taken":[{"damage":1.0,"enemies":"Small Slimes","floor":1.0,"turns":3.0},{"damage":0.0,"enemies":"Jaw Worm","floor":2.0,"turns":4.0},{"damage":0.0,"enemies":"2 Louse","floor":4.0,"turns":3.0},{"damage":8.0,"enemies":"Blue Slaver","floor":5.0,"turns":4.0},{"damage":0.0,"enemies":"2 Fungi Beasts","floor":7.0,"turns":3.0},{"damage":3.0,"enemies":"3 Sentries","floor":11.0,"turns":10.0},{"damage":0.0,"enemies":"Looter","floor":13.0,"turns":4.0},{"damage":4.0,"enemies":"Lagavulin","floor":14.0,"turns":7.0},{"damage":6.0,"enemies":"Hexaghost","floor":16.0,"turns":10.0},{"damage":0.0,"enemies":"Spheric Guardian","floor":18.0,"turns":4.0},{"damage":8.0,"enemies":"Slavers","floor":25.0,"turns":6.0},{"damage":0.0,"enemies":"2 Thieves","floor":29.0,"turns":4.0},{"damage":8.0,"enemies":"Cultist and Chosen","floor":31.0,"turns":8.0},{"damage":0.0,"enemies":"Automaton","floor":33.0,"turns":12.0},{"damage":0.0,"enemies":"3 Shapes","floor":35.0,"turns":4.0},{"damage":0.0,"enemies":"Orb Walker","floor":37.0,"turns":3.0},{"damage":1.0,"enemies":"4 Shapes","floor":41.0,"turns":4.0},{"damage":3,"enemies":"3 Darklings","floor":48,"turns":5},{"damage":15,"enemies":"Awakened One","floor":50,"turns":12}],"seed_played":"2995826194754109765","potions_obtained":[{"floor":1.0,"key":"Regen Potion"},{"floor":2.0,"key":"Poison Potion"},{"floor":5.0,"key":"LiquidBronze"},{"floor":7.0,"key":"SkillPotion"},{"floor":16.0,"key":"Block Potion"},{"floor":18.0,"key":"LiquidBronze"},{"floor":29.0,"key":"GhostInAJar"},{"floor":31.0,"key":"GamblersBrew"},{"floor":37.0,"key":"Weak Potion"},{"floor":41.0,"key":"Block Potion"}],"is_trial":false,"path_per_floor":["M","M","?","M","M","R","M","R","T","?","E","R","M","E","R","B",null,"M","?","?","$","?","R","?","E","T","$","R","M","R","M","R","B",null,"M","$","M","?","?","R","M","?","T","?","R","?","?","M","R","B",null],"character_chosen":"THE_SILENT","items_purchased":["Well Laid Plans","Toxic Egg 2","Prepared+1","Dodge and Roll+1"],"campfire_rested":3,"item_purchase_floors":[21,21,21,27],"current_hp_per_floor":[62,62,67,67,59,59,59,59,59,59,66,66,66,62,62,56,66,66,60,60,60,60,60,60,52,52,52,52,52,52,44,64,64,68,68,68,68,68,68,68,67,67,67,67,67,58,58,55,55,40],"gold":605,"neow_bonus":"RANDOM_COMMON_RELIC","is_prod":false,"is_daily":false,"chose_seed":false,"campfire_upgraded":8,"win_rate":0,"timestamp":1551557082,"path_taken":["M","M","?","M","M","R","M","R","T","?","E","R","M","E","R","BOSS","M","?","?","$","?","R","?","E","T","$","R","M","R","M","R","BOSS","M","$","M","?","?","R","M","?","T","?","R","?","?","M","R","BOSS"],"build_version":"2019-01-23","purchased_purges":0,"victory":true,"max_hp_per_floor":[70,70,75,75,75,75,75,75,75,69,69,69,69,69,69,69,69,69,69,69,69,69,69,69,69,69,69,69,69,69,69,69,69,69,69,69,69,69,69,69,69,69,69,69,69,69,69,69,69,69],"card_choices":[{"not_picked":["Infinite Blades","PiercingWail"],"picked":"Terror","floor":1.0},{"not_picked":["Acrobatics","Leg Sweep"],"picked":"Concentrate","floor":2.0},{"not_picked":["Backflip","Bane"],"picked":"Masterful Stab","floor":4.0},{"not_picked":["Bane","Sucker Punch"],"picked":"Footwork","floor":5.0},{"not_picked":["Deflect","Concentrate"],"picked":"Blur","floor":7.0},{"not_picked":["Dodge and Roll","Dagger Throw"],"picked":"Cloak And Dagger","floor":11.0},{"not_picked":["Dagger Throw","Die Die Die"],"picked":"Expertise","floor":13.0},{"not_picked":["Slice","Caltrops"],"picked":"Accuracy","floor":14.0},{"not_picked":["Glass Knife","Bullet Time"],"picked":"After Image","floor":16.0},{"not_picked":["Deadly Poison","Heel Hook"],"picked":"Skewer","floor":18.0},{"not_picked":["Bane","Riddle With Holes"],"picked":"Deflect+1","floor":25.0},{"not_picked":["Bane","Terror+1","Poisoned Stab"],"picked":"SKIP","floor":29.0},{"not_picked":["Dodge and Roll+1","Sucker Punch"],"picked":"Deflect+1","floor":31.0},{"not_picked":["Grand Finale","After Image"],"picked":"Corpse Explosion+1","floor":33.0},{"not_picked":[],"picked":"Catalyst+1","floor":35.0},{"not_picked":["Blade Dance+1"],"picked":"SKIP","floor":37.0},{"not_picked":["Dagger Throw"],"picked":"SKIP","floor":41.0},{"not_picked":[],"picked":"Catalyst+1","floor":48}],"player_experience":724246,"relics_obtained":[{"floor":9.0,"key":"Anchor"},{"floor":11.0,"key":"Centennial Puzzle"},{"floor":14.0,"key":"Whetstone"},{"floor":25.0,"key":"Juzu Bracelet"},{"floor":26.0,"key":"Potion Belt"},{"floor":43.0,"key":"Boot"}],"event_choices":[{"damage_healed":0.0,"max_hp_gain":5.0,"max_hp_loss":0.0,"gold_gain":0.0,"event_name":"Big Fish","player_choice":"Donut","floor":3.0,"gold_loss":0.0,"damage_taken":0.0},{"damage_healed":0.0,"max_hp_gain":0.0,"max_hp_loss":6.0,"gold_gain":0.0,"event_name":"Golden Idol","player_choice":"Lose Max HP","floor":10.0,"gold_loss":0.0,"damage_taken":0.0,"relics_obtained":["Golden Idol"]},{"damage_healed":0.0,"max_hp_gain":0.0,"max_hp_loss":0.0,"gold_gain":0.0,"event_name":"Nest","player_choice":"Joined the Cult","floor":19.0,"gold_loss":0.0,"damage_taken":6.0,"cards_obtained":["RitualDagger"]},{"cards_removed":["Strike_G"],"damage_healed":0.0,"max_hp_gain":0.0,"max_hp_loss":0.0,"gold_gain":0.0,"event_name":"Beggar","player_choice":"Gave Gold","floor":20.0,"gold_loss":75.0,"damage_taken":0.0},{"damage_healed":0.0,"max_hp_gain":0.0,"max_hp_loss":0.0,"gold_gain":0.0,"cards_transformed":["Strike_G","Strike_G"],"event_name":"Drug Dealer","player_choice":"Became Test Subject","floor":22.0,"gold_loss":0.0,"damage_taken":0.0,"cards_obtained":["Escape Plan","Distraction"]},{"damage_healed":0.0,"max_hp_gain":0.0,"max_hp_loss":0.0,"gold_gain":0.0,"event_name":"The Library","player_choice":"Read","floor":24.0,"gold_loss":0.0,"damage_taken":0.0,"cards_obtained":["Blur"]},{"damage_healed":0.0,"max_hp_gain":0.0,"max_hp_loss":0.0,"gold_gain":333.0,"event_name":"The Moai Head","player_choice":"Gave Idol","floor":38.0,"relics_lost":["Golden Idol"],"gold_loss":0.0,"damage_taken":0.0},{"damage_healed":0.0,"max_hp_gain":0.0,"max_hp_loss":0.0,"gold_gain":0.0,"cards_transformed":["Strike_G"],"event_name":"Transmorgrifier","player_choice":"Transformed","floor":39.0,"gold_loss":0.0,"damage_taken":0.0,"cards_obtained":["Poisoned Stab"]},{"cards_removed":["Accuracy"],"damage_healed":0.0,"max_hp_gain":0.0,"max_hp_loss":0.0,"gold_gain":0.0,"event_name":"Falling","player_choice":"Removed Power","floor":42.0,"gold_loss":0.0,"damage_taken":0.0},{"damage_healed":0.0,"max_hp_gain":0.0,"max_hp_loss":0.0,"gold_gain":0.0,"event_name":"MindBloom","player_choice":"Upgrade","floor":44.0,"gold_loss":0.0,"damage_taken":0.0,"cards_upgraded":["Defend_G","Defend_G","Defend_G","Defend_G","Terror","Footwork","Blur","Expertise","Poisoned Stab"],"relics_obtained":["Mark of the Bloom"]},{"damage_healed":0.0,"max_hp_gain":0.0,"max_hp_loss":0.0,"gold_gain":0.0,"event_name":"Winding Halls","player_choice":"Embrace Madness","floor":46.0,"gold_loss":0.0,"damage_taken":9.0,"cards_obtained":["Madness","Madness"]},{"damage_healed":0.0,"max_hp_gain":0.0,"max_hp_loss":0.0,"gold_gain":0.0,"event_name":"Mysterious Sphere","player_choice":"Ignored","floor":47.0,"gold_loss":0.0,"damage_taken":0.0}],"is_beta":false,"boss_relics":[{"not_picked":["Ring of the Serpent","HoveringKite"],"picked":"Runic Dome"},{"not_picked":["Pandora\u0027s Box","Runic Pyramid"],"picked":"Busted Crown"}],"items_purged_floors":[],"is_endless":false,"potions_floor_spawned":[1,2,5,7,16,18,29,31,37,41],"ascension_level":7}