{"gold_per_floor":[117,117,167,92,111,141,141,37,37,65,65,83,83],"floor_reached":13,"playtime":574,"items_purged":["Strike_G"],"score":232,"play_id":"cc54ef04-9076-48be-85ef-4b3138afdcd1","local_time":"20190707114649","is_ascension_mode":true,"campfire_choices":[{"floor":7.0,"key":"REST"},{"data":"Neutralize","floor":11,"key":"SMITH"}],"neow_cost":"NONE","seed_source_timestamp":459392007112099,"circlet_count":0,"master_deck":["AscendersBane","Strike_G","Strike_G","Strike_G","Defend_G","Defend_G","Defend_G","Defend_G","Defend_G","Survivor","Neutralize+1","Footwork","Sucker Punch","Storm of Steel","Deadly Poison","Reflex","Quick Slash"],"special_seed":0,"relics":["Ring of the Snake","NeowsBlessing","Smiling Mask","Bag of Preparation","Vajra","Boot","Pantograph"],"potions_floor_usage":[],"damage_taken":[{"damage":0.0,"enemies":"Jaw Worm","floor":1.0,"turns":1.0},{"damage":0.0,"enemies":"2 Louse","floor":5.0,"turns":1.0},{"damage":0.0,"enemies":"Lagavulin","floor":6.0,"turns":1.0},{"damage":13.0,"enemies":"3 Sentries","floor":10.0,"turns":5.0},{"damage":2,"enemies":"Small Slimes","floor":12,"turns":3},{"damage":32,"enemies":"Gremlin Nob","floor":13,"turns":3}],"seed_played":"-5431469614994418570","potions_obtained":[{"floor":1.0,"key":"Ancient Potion"},{"floor":5.0,"key":"Explosive Potion"},{"floor":6.0,"key":"AttackPotion"}],"is_trial":false,"path_per_floor":["M","?","T","?","M","E","R","$","T","E","R","M","E"],"character_chosen":"THE_SILENT","items_purchased":["Deadly Poison"],"campfire_rested":1,"item_purchase_floors":[8],"current_hp_per_floor":[59,14,14,14,14,14,33,33,33,20,20,18,0],"gold":83,"neow_bonus":"THREE_ENEMY_KILL","is_prod":false,"is_daily":false,"chose_seed":false,"campfire_upgraded":1,"win_rate":0,"timestamp":1562514409,"path_taken":["M","?","?","?","M","E","R","$","T","E","R","M","E"],"build_version":"2019-07-05","purchased_purges":1,"victory":false,"max_hp_per_floor":[66,66,66,66,66,66,66,66,66,66,66,66,66],"card_choices":[{"not_picked":["Flechettes","Sucker Punch"],"picked":"Footwork","floor":1.0},{"not_picked":["Flechettes","Endless Agony"],"picked":"Sucker Punch","floor":5.0},{"not_picked":["Crippling Poison","Slice"],"picked":"Storm of Steel","floor":6.0},{"not_picked":["Infinite Blades","Deadly Poison"],"picked":"Reflex","floor":10},{"not_picked":["Bane","Acrobatics"],"picked":"Quick Slash","floor":12}],"player_experience":866702,"relics_obtained":[{"floor":3.0,"key":"Bag of Preparation"},{"floor":6.0,"key":"Vajra"},{"floor":9.0,"key":"Boot"},{"floor":10,"key":"Pantograph"}],"event_choices":[{"damage_healed":0.0,"max_hp_gain":0.0,"max_hp_loss":0.0,"gold_gain":0.0,"event_name":"Scrap Ooze","player_choice":"Success","floor":2.0,"gold_loss":0.0,"damage_taken":45.0,"relics_obtained":["Smiling Mask"]},{"cards_removed":["Strike_G"],"damage_healed":0.0,"max_hp_gain":0.0,"max_hp_loss":0.0,"gold_gain":0.0,"event_name":"The Cleric","player_choice":"Card Removal","floor":4.0,"gold_loss":75.0,"damage_taken":0.0}],"is_beta":false,"boss_relics":[],"items_purged_floors":[8],"is_endless":false,"potions_floor_spawned":[1,5,6],"killed_by":"Gremlin Nob","ascension_level":20}