{"gold_per_floor":[219,231,156,175,125,159,159,185,185,185,185,185,199,46,46,151,151,167,181,56,56,71,71,71,71,71,83,98,118,118],"floor_reached":30,"playtime":2582,"items_purged":["Strike_R","Strike_R","Strike_R"],"score":299,"play_id":"5dca1ef4-7695-4092-9bcb-bddca25fb65f","local_time":"20190304225528","is_ascension_mode":true,"campfire_choices":[{"data":"Havoc","floor":7,"key":"SMITH"},{"floor":12,"key":"REST"},{"data":"Clothesline","floor":15,"key":"SMITH"},{"data":"Infernal Blade","floor":23,"key":"SMITH"},{"floor":25,"key":"REST"}],"neow_cost":"NONE","seed_source_timestamp":328111746264414,"circlet_count":0,"master_deck":["Defend_R","Defend_R","Defend_R","Defend_R","Bash","Iron Wave","Clothesline+1","Havoc+1","Exhume","Iron Wave+1","Infernal Blade+1","Warcry","Double Tap","Infernal Blade","Pommel Strike+1","Offering","Body Slam+1","Headbutt+1"],"relics":["Burning Blood","Dream Catcher","Molten Egg 2","Regal Pillow","Letter Opener","White Beast Statue","Pear"],"potions_floor_usage":[6,24,24,29,29],"damage_taken":[{"damage":7,"enemies":"2 Louse","floor":1,"turns":3},{"damage":7,"enemies":"Jaw Worm","floor":2,"turns":4},{"damage":3,"enemies":"Cultist","floor":4,"turns":4},{"damage":20,"enemies":"Lagavulin","floor":6,"turns":5},{"damage":52,"enemies":"3 Sentries","floor":8,"turns":12},{"damage":5,"enemies":"2 Fungi Beasts","floor":13,"turns":3},{"damage":38,"enemies":"The Guardian","floor":16,"turns":13},{"damage":3,"enemies":"Chosen","floor":18,"turns":3},{"damage":25,"enemies":"Spheric Guardian","floor":19,"turns":4},{"damage":21,"enemies":"Snecko","floor":22,"turns":4},{"damage":41,"enemies":"Slavers","floor":24,"turns":3},{"damage":33,"enemies":"Cultist and Chosen","floor":27,"turns":7},{"damage":13,"enemies":"3 Cultists","floor":28,"turns":4},{"damage":20,"enemies":"Snake Plant","floor":29,"turns":5},{"damage":14,"enemies":"Snecko","floor":30,"turns":3}],"seed_played":"5726588477423646348","potions_obtained":[{"floor":2,"key":"AttackPotion"},{"floor":13,"key":"GamblersBrew"},{"floor":16,"key":"FearPotion"},{"floor":18,"key":"Strength Potion"},{"floor":19,"key":"SmokeBomb"},{"floor":27,"key":"SpeedPotion"},{"floor":28,"key":"SpeedPotion"},{"floor":29,"key":"Poison Potion"}],"is_trial":false,"path_per_floor":["M","M","$","M","?","E","R","E","T","?","?","R","M","$","R","B",null,"M","M","$","?","M","R","E","R","T","M","M","M","M"],"character_chosen":"IRONCLAD","items_purchased":["Warcry"],"campfire_rested":2,"item_purchase_floors":[14],"current_hp_per_floor":[79,78,78,80,80,66,66,20,20,13,13,52,53,53,53,21,80,80,61,61,61,46,46,11,50,60,33,26,12,0],"gold":118,"neow_bonus":"HUNDRED_GOLD","is_prod":false,"is_daily":false,"chose_seed":false,"campfire_upgraded":3,"win_rate":0,"timestamp":1551768928,"path_taken":["M","M","$","M","?","E","R","E","T","?","?","R","?","$","R","BOSS","M","M","$","?","M","R","E","R","T","M","M","M","M"],"build_version":"2019-01-23","purchased_purges":3,"victory":false,"max_hp_per_floor":[80,80,80,80,80,80,80,80,80,80,80,80,80,80,80,80,80,80,80,80,80,80,80,80,80,90,90,90,90,90],"card_choices":[{"not_picked":["Clash","Hemokinesis"],"picked":"Iron Wave","floor":1},{"not_picked":["Shrug It Off","Battle Trance"],"picked":"Clothesline","floor":2},{"not_picked":["Wild Strike","Blood for Blood"],"picked":"Havoc","floor":4},{"not_picked":["Clothesline","Shrug It Off","Reaper"],"picked":"SKIP","floor":6},{"not_picked":["Perfected Strike","Corruption"],"picked":"Exhume","floor":8},{"not_picked":["Searing Blow+1","Perfected Strike+1"],"picked":"Iron Wave+1","floor":12},{"not_picked":["Iron Wave+1","Battle Trance"],"picked":"Infernal Blade","floor":13},{"not_picked":["Impervious","Exhume"],"picked":"Double Tap","floor":16},{"not_picked":["Power Through","Clash+1"],"picked":"Infernal Blade","floor":18},{"not_picked":["Flex","Pummel+1"],"picked":"Pommel Strike+1","floor":19},{"not_picked":["Wild Strike+1","Corruption","Armaments"],"picked":"SKIP","floor":22},{"not_picked":["Heavy Blade+1","Thunderclap+1"],"picked":"Offering","floor":25},{"not_picked":["Anger+1","Sword Boomerang+1"],"picked":"Body Slam+1","floor":27},{"not_picked":["Rage+1","Sword Boomerang+1"],"picked":"Headbutt+1","floor":28},{"not_picked":["Combust+1","Corruption","Pommel Strike+1"],"picked":"SKIP","floor":29}],"player_experience":83155,"relics_obtained":[{"floor":6,"key":"Dream Catcher"},{"floor":8,"key":"Molten Egg 2"},{"floor":9,"key":"Regal Pillow"},{"floor":26,"key":"Pear"}],"event_choices":[{"cards_removed":["Strike_R"],"damage_healed":0,"gold_gain":0,"player_choice":"Card Removal","damage_taken":0,"max_hp_gain":0,"max_hp_loss":0,"event_name":"The Cleric","floor":5,"gold_loss":50},{"damage_healed":0,"gold_gain":0,"player_choice":"Success","damage_taken":7,"relics_obtained":["Letter Opener"],"max_hp_gain":0,"max_hp_loss":0,"event_name":"Scrap Ooze","floor":10,"gold_loss":0},{"cards_removed":["Strike_R"],"damage_healed":0,"gold_gain":0,"player_choice":"Purged","damage_taken":0,"max_hp_gain":0,"max_hp_loss":0,"event_name":"Purifier","floor":11,"gold_loss":0},{"damage_healed":0,"gold_gain":0,"player_choice":"Ignored","damage_taken":0,"max_hp_gain":0,"max_hp_loss":0,"event_name":"Vampires","floor":21,"gold_loss":0}],"is_beta":false,"boss_relics":[{"not_picked":["Empty Cage","Philosopher\u0027s Stone"],"picked":"White Beast Statue"}],"items_purged_floors":[3,14,20],"is_endless":false,"potions_floor_spawned":[2,13,16,18,19,22,24,27,28,29],"killed_by":"Snecko","ascension_level":3}