{"path_per_floor":["M","M","$","?","M","R","M","?","T","M"],"character_chosen":"IRONCLAD","items_purchased":["Apotheosis"],"gold_per_floor":[114,129,129,129,148,148,167,342,417,436,224],"floor_reached":11,"campfire_rested":0,"playtime":303,"current_hp_per_floor":[71,71,71,77,77,77,74,80,86,85,85],"items_purged":[],"gold":224,"score":166,"play_id":"f1308d45-57ed-4372-87c6-0669c9ac1dbe","local_time":"20180324151543","daily_mods":["Allstar","Cursed Run","Insanity"],"is_prod":false,"is_daily":true,"is_ascension_mode":false,"campfire_upgraded":1,"timestamp":1521918943,"path_taken":["M","M","$","?","M","R","?","?","T","?","$"],"build_version":"2018-03-22v2","purchased_purges":0,"victory":false,"master_deck":["Impervious","Power Through","Warcry","Warcry","Flame Barrier","Sever Soul","Headbutt","Shrug It Off","Flame Barrier","Impervious","Entrench","Pommel Strike","Clash","Strike_R","Sentinel","Rampage","Corruption","Infernal Blade","Clothesline","Seeing Red","Twin Strike","Second Wind","Iron Wave","Brutality+1","Bash","Disarm","Flame Barrier","Sever Soul","Uppercut","Bloodletting","Dual Wield","Searing Blow","Shockwave","Headbutt","Double Tap","Wild Strike","Headbutt","Rage","Armaments","Shockwave","Anger","Sever Soul","Flex","Power Through","Corruption","Rampage","Bludgeon","Headbutt","Uppercut","True Grit","Blind","Transmutation","Whirlwind","Havoc","Injury","Headbutt","Pommel Strike","Doubt","Decay","Inflame","Apotheosis"],"max_hp_per_floor":[80,80,80,86,86,86,86,92,98,98,98],"relics":["Cursed Key","Darkstone Periapt","Du-Vu Doll","Golden Idol","Letter Opener"],"card_choices":[{"not_picked":["Rupture","Sever Soul"],"picked":"Whirlwind","floor":1},{"not_picked":["Perfected Strike","Sword Boomerang"],"picked":"Havoc","floor":2},{"not_picked":["Anger","Juggernaut"],"picked":"Headbutt","floor":5},{"not_picked":["Warcry","Thunderclap"],"picked":"Pommel Strike","floor":7},{"not_picked":["Havoc","Blood for Blood"],"picked":"Inflame","floor":10}],"player_experience":500739,"potions_floor_usage":[],"damage_taken":[{"damage":9,"enemies":"Jaw Worm","floor":1,"turns":3},{"damage":0,"enemies":"2 Louse","floor":2,"turns":1},{"damage":0,"enemies":"Small Slimes","floor":5,"turns":2},{"damage":7,"enemies":"Gremlin Gang","floor":7,"turns":4},{"damage":1,"enemies":"3 Louse","floor":10,"turns":2}],"event_choices":[{"event_name":"Golden Idol","player_choice":"Take Wound","floor":4,"damage_taken":0},{"event_name":"Liars Game","player_choice":"agreed","floor":8,"damage_taken":0}],"boss_relics":[],"potions_floor_spawned":[2,5],"seed_played":"-8935585720801490496","ascension_level":0,"is_trial":false}