{"gold_per_floor":[18,37,137,149,160,193,193,227,227,227,244,259,259,239,239,340,340,326,340,373,373,472,472],"floor_reached":23,"playtime":1626,"items_purged":[],"score":246,"play_id":"7e9243a4-4a45-4b2c-bb3a-aab8590f474b","local_time":"20190702191427","is_ascension_mode":true,"campfire_choices":[{"data":"Chaos","floor":7,"key":"SMITH"},{"data":"Fusion","floor":10,"key":"SMITH"},{"data":"Loop","floor":15,"key":"SMITH"}],"neow_cost":"NO_GOLD","seed_source_timestamp":558573020328758,"circlet_count":0,"master_deck":["Defend_B","Defend_B","Defend_B","Defend_B","Zap","Dualcast","Chaos+1","Fusion+1","Reprogram","Heatsinks","Loop+1","Ball Lightning","Parasite","Amplify","Bite","Bite","Bite","Bite","Bite"],"relics":["Cracked Core","Bird Faced Urn","Singing Bowl","Cables","Torii","Busted Crown","Red Mask"],"potions_floor_usage":[5,6,16,16,16,18,20],"damage_taken":[{"damage":0,"enemies":"Small Slimes","floor":1,"turns":3},{"damage":1,"enemies":"Cultist","floor":2,"turns":3},{"damage":2,"enemies":"Jaw Worm","floor":4,"turns":3},{"damage":7,"enemies":"2 Fungi Beasts","floor":5,"turns":4},{"damage":14,"enemies":"Gremlin Nob","floor":6,"turns":4},{"damage":16,"enemies":"Lagavulin","floor":8,"turns":6},{"damage":7,"enemies":"Red Slaver","floor":11,"turns":5},{"damage":7,"enemies":"Looter","floor":12,"turns":3},{"damage":24,"enemies":"Hexaghost","floor":16,"turns":10},{"damage":30,"enemies":"2 Thieves","floor":18,"turns":5},{"damage":11,"enemies":"Spheric Guardian","floor":19,"turns":3},{"damage":21,"enemies":"Masked Bandits","floor":20,"turns":5},{"damage":54,"enemies":"Gremlin Leader","floor":23,"turns":5}],"seed_played":"2137859985424744343","potions_obtained":[{"floor":1,"key":"Energy Potion"},{"floor":4,"key":"EssenceOfSteel"},{"floor":5,"key":"FearPotion"},{"floor":11,"key":"Dexterity Potion"},{"floor":14,"key":"Ancient Potion"},{"floor":16,"key":"Poison Potion"},{"floor":19,"key":"Fire Potion"}],"is_trial":false,"path_per_floor":["M","M","?","M","M","E","R","E","T","R","M","M","?","?","R","B",null,"M","M","?","?","?","E"],"character_chosen":"DEFECT","items_purchased":[],"campfire_rested":0,"item_purchase_floors":[],"current_hp_per_floor":[75,74,74,72,65,55,55,43,43,43,38,33,52,52,52,32,79,53,46,31,31,31,0],"gold":472,"neow_bonus":"ONE_RARE_RELIC","is_prod":false,"is_daily":false,"chose_seed":false,"campfire_upgraded":3,"win_rate":0,"timestamp":1562120067,"path_taken":["M","M","?","M","?","E","R","E","T","R","M","M","?","?","R","BOSS","M","M","?","?","?","E"],"build_version":"2019-07-01","purchased_purges":0,"victory":false,"max_hp_per_floor":[75,75,75,75,75,77,77,79,79,79,79,79,79,79,79,79,79,81,83,85,59,59,59],"card_choices":[{"not_picked":["Ball Lightning","Aggregate"],"picked":"Chaos","floor":1},{"not_picked":["Recycle","Skim"],"picked":"Fusion","floor":2},{"not_picked":["Sweeping Beam","Recycle"],"picked":"Reprogram","floor":4},{"not_picked":["Blizzard","Beam Cell"],"picked":"Heatsinks","floor":5},{"not_picked":["Steam","Beam Cell","Redo"],"picked":"Singing Bowl","floor":6},{"not_picked":["Turbo","Sweeping Beam","Reboot"],"picked":"Singing Bowl","floor":8},{"not_picked":["Fusion","Hologram"],"picked":"Loop","floor":11},{"not_picked":["Darkness","Sweeping Beam"],"picked":"Ball Lightning","floor":12},{"not_picked":["Rainbow","All For One"],"picked":"Amplify","floor":16},{"not_picked":["Gash"],"picked":"Singing Bowl","floor":18},{"not_picked":["Darkness"],"picked":"Singing Bowl","floor":19},{"not_picked":["Go for the Eyes"],"picked":"Singing Bowl","floor":20}],"player_experience":136188,"relics_obtained":[{"floor":6,"key":"Singing Bowl"},{"floor":8,"key":"Cables"},{"floor":9,"key":"Torii"},{"floor":20,"key":"Red Mask"}],"event_choices":[{"damage_healed":0,"gold_gain":100,"player_choice":"Pray","damage_taken":0,"max_hp_gain":0,"max_hp_loss":0,"event_name":"Golden Shrine","floor":3,"gold_loss":0},{"damage_healed":19,"gold_gain":0,"player_choice":"Healed and dodged fight","damage_taken":0,"max_hp_gain":0,"max_hp_loss":0,"event_name":"Mushrooms","floor":13,"gold_loss":0,"cards_obtained":["Parasite"]},{"damage_healed":0,"gold_gain":0,"player_choice":"Bought 1 Potion","damage_taken":0,"max_hp_gain":0,"max_hp_loss":0,"event_name":"The Woman in Blue","floor":14,"gold_loss":0},{"damage_healed":0,"gold_gain":0,"player_choice":"Fought Bandits","damage_taken":0,"max_hp_gain":0,"max_hp_loss":0,"event_name":"Masked Bandits","floor":20,"gold_loss":0},{"damage_healed":0,"gold_gain":0,"player_choice":"Became a vampire","damage_taken":0,"max_hp_gain":0,"max_hp_loss":26,"event_name":"Vampires","floor":21,"gold_loss":0,"cards_obtained":["Bite","Bite","Bite","Bite","Bite"]},{"damage_healed":0,"gold_gain":99,"player_choice":"Stole From Cult","damage_taken":0,"max_hp_gain":0,"max_hp_loss":0,"event_name":"Nest","floor":22,"gold_loss":0}],"is_beta":false,"boss_relics":[{"not_picked":["FrozenCore","Snecko Eye"],"picked":"Busted Crown"}],"items_purged_floors":[],"is_endless":false,"potions_floor_spawned":[1,4,5,11,16,19],"killed_by":"Gremlin Leader","ascension_level":2}