{"gold_per_floor":[116,116,129,129,145,174,174,208,287,302,302,252,286,236,236,338,338,356,72,72,85,95,95,41,71,71,71,100,100,110,123,123,228,228,238,254,271,290,290,290,290,316,370,405,417,451,451,0,0,0,0,0,0,25,25],"floor_reached":55,"playtime":7688,"items_purged":["Defend_B","Strike_B"],"score":854,"play_id":"8759eeee-2a1d-4c59-954f-e0b2526ec99e","local_time":"20190630203618","is_ascension_mode":true,"campfire_choices":[{"floor":7,"key":"REST"},{"floor":11,"key":"REST"},{"data":"Tempest","floor":15,"key":"SMITH"},{"data":"White Noise","floor":23,"key":"SMITH"},{"data":"Defragment","floor":27,"key":"SMITH"},{"data":"Heatsinks","floor":29,"key":"SMITH"},{"floor":32,"key":"REST"},{"data":"Creative AI","floor":40,"key":"SMITH"},{"floor":47,"key":"RECALL"},{"data":"White Noise","floor":49,"key":"SMITH"},{"data":"Blind","floor":52,"key":"SMITH"}],"neow_cost":"TEN_PERCENT_HP_LOSS","seed_source_timestamp":384516351905070,"circlet_count":0,"master_deck":["Defend_B","Defend_B+1","Zap","Dualcast+1","Gash","White Noise+1","Tempest+1","Chill","Rebound","Go for the Eyes","Melter","Electrodynamics","Conserve Battery","Heatsinks+1","Defragment+1","White Noise+1","Conserve Battery","Redo","Force Field+1","Self Repair+1","Creative AI+1","Panache","Blind+1","Force Field+1","Gash","Static Discharge+1"],"relics":["Cracked Core","Letter Opener","War Paint","Smiling Mask","Tiny Chest","Omamori","Nuclear Battery","Art of War","Mango","Matryoshka","Runic Pyramid","PreservedInsect","Mercury Hourglass","Bottled Tornado","Orichalcum","Ancient Tea Set","Juzu Bracelet","Bird Faced Urn","Red Mask","Vajra"],"potions_floor_usage":[16,16,21,33,33,33,38,55,55],"damage_taken":[{"damage":1,"enemies":"Jaw Worm","floor":1,"turns":3},{"damage":6,"enemies":"2 Louse","floor":3,"turns":2},{"damage":0,"enemies":"Cultist","floor":5,"turns":2},{"damage":40,"enemies":"Gremlin Nob","floor":6,"turns":4},{"damage":12,"enemies":"Lagavulin","floor":8,"turns":5},{"damage":8,"enemies":"Gremlin Gang","floor":10,"turns":4},{"damage":3,"enemies":"3 Sentries","floor":13,"turns":7},{"damage":14,"enemies":"Slime Boss","floor":16,"turns":8},{"damage":5,"enemies":"Chosen","floor":18,"turns":2},{"damage":0,"enemies":"3 Byrds","floor":21,"turns":2},{"damage":3,"enemies":"Sentry and Sphere","floor":22,"turns":3},{"damage":19,"enemies":"Book of Stabbing","floor":25,"turns":5},{"damage":6,"enemies":"Gremlin Leader","floor":28,"turns":4},{"damage":12,"enemies":"Centurion and Healer","floor":30,"turns":3},{"damage":10,"enemies":"Chosen and Byrds","floor":31,"turns":2},{"damage":17,"enemies":"Collector","floor":33,"turns":6},{"damage":8,"enemies":"3 Shapes","floor":35,"turns":5},{"damage":37,"enemies":"3 Darklings","floor":36,"turns":4},{"damage":0,"enemies":"Sphere and 2 Shapes","floor":37,"turns":2},{"damage":9,"enemies":"Spire Growth","floor":38,"turns":5},{"damage":0,"enemies":"Giant Head","floor":42,"turns":7},{"damage":37,"enemies":"Reptomancer","floor":44,"turns":5},{"damage":0,"enemies":"Maw","floor":45,"turns":7},{"damage":0,"enemies":"Nemesis","floor":46,"turns":5},{"damage":43,"enemies":"Time Eater","floor":50,"turns":10},{"damage":38,"enemies":"Shield and Spear","floor":54,"turns":4},{"damage":104,"enemies":"The Heart","floor":55,"turns":5}],"seed_played":"4830613797467936818","potions_obtained":[{"floor":3,"key":"Dexterity Potion"},{"floor":8,"key":"AttackPotion"},{"floor":10,"key":"SteroidPotion"},{"floor":18,"key":"Explosive Potion"},{"floor":22,"key":"Strength Potion"},{"floor":30,"key":"SpeedPotion"},{"floor":31,"key":"SpeedPotion"},{"floor":36,"key":"EssenceOfSteel"},{"floor":38,"key":"SteroidPotion"},{"floor":46,"key":"Explosive Potion"}],"is_trial":false,"path_per_floor":["M","?","M","?","M","E","R","E","T","M","R","?","E","$","R","B",null,"M","$","?","M","M","R","$","E","T","R","E","R","M","M","R","B",null,"M","M","M","M","?","R","T","E","T","E","M","E","R","?","R","B",null,"R","$","E","B"],"character_chosen":"DEFECT","items_purchased":["Heatsinks","Art of War","Conserve Battery"],"campfire_rested":3,"item_purchase_floors":[19,19,24],"current_hp_per_floor":[67,60,54,54,54,14,34,22,22,14,34,34,31,31,31,17,68,63,63,63,63,60,60,60,55,55,55,49,49,37,27,51,44,82,82,55,65,66,61,61,61,71,71,44,54,64,64,64,64,63,82,82,82,68,0],"gold":25,"neow_bonus":"REMOVE_TWO","is_prod":false,"is_daily":false,"chose_seed":false,"campfire_upgraded":7,"win_rate":0,"timestamp":1561952178,"path_taken":["M","?","M","?","M","E","R","E","T","M","R","?","E","$","R","BOSS","M","$","?","M","M","R","?","E","T","R","E","R","M","M","R","BOSS","M","M","?","M","?","R","?","E","T","E","M","E","R","?","R","BOSS","R","$","E","BOSS"],"build_version":"2019-01-23","purchased_purges":2,"victory":false,"max_hp_per_floor":[68,68,68,68,68,68,68,68,68,68,68,68,68,68,68,68,68,68,68,68,68,68,68,68,82,82,82,82,82,82,82,82,82,82,82,82,82,82,82,82,82,82,82,82,82,82,82,82,82,82,82,82,82,82,82],"card_choices":[{"not_picked":["Barrage","Go for the Eyes"],"picked":"Gash","floor":1},{"not_picked":["Gash","Go for the Eyes"],"picked":"White Noise","floor":3},{"not_picked":["Stack","Turbo"],"picked":"Chill","floor":5},{"not_picked":["Creative AI","Stack","Beam Cell"],"picked":"SKIP","floor":6},{"not_picked":["BootSequence","Consume"],"picked":"Rebound","floor":8},{"not_picked":["Cold Snap","Leap"],"picked":"Go for the Eyes","floor":10},{"not_picked":["Cold Snap","Scrape"],"picked":"Melter","floor":13},{"not_picked":["Rainbow","Reboot"],"picked":"Electrodynamics","floor":16},{"not_picked":["Compile Driver","Sweeping Beam"],"picked":"Conserve Battery","floor":18},{"not_picked":["Ball Lightning","Double Energy"],"picked":"White Noise","floor":21},{"not_picked":["Cold Snap","Fusion","Ball Lightning+1"],"picked":"SKIP","floor":22},{"not_picked":["Cold Snap","Fusion","Ball Lightning+1"],"picked":"SKIP","floor":22},{"not_picked":["Leap","Undo"],"picked":"Redo","floor":25},{"not_picked":["Loop+1","Ball Lightning"],"picked":"Force Field+1","floor":28},{"not_picked":["Barrage+1","Redo"],"picked":"Self Repair+1","floor":30},{"not_picked":["Consume","Leap","Stack"],"picked":"SKIP","floor":31},{"not_picked":["Echo Form","Reboot"],"picked":"Creative AI","floor":33},{"not_picked":["Cold Snap+1","Leap+1","Rip and Tear+1"],"picked":"SKIP","floor":35},{"not_picked":["Force Field","Cold Snap+1","Beam Cell+1"],"picked":"SKIP","floor":36},{"not_picked":["Darkness","Auto Shields","Cold Snap+1"],"picked":"SKIP","floor":37},{"not_picked":["Reinforced Body+1","Sweeping Beam","Glacier+1"],"picked":"SKIP","floor":38},{"not_picked":["Discovery","Secret Technique"],"picked":"Panache","floor":39},{"not_picked":["Sadistic Nature","Secret Weapon"],"picked":"Blind","floor":39},{"not_picked":["Sweeping Beam","Redo"],"picked":"Force Field+1","floor":42},{"not_picked":["Hologram+1","Coolheaded+1","Barrage"],"picked":"SKIP","floor":44},{"not_picked":["White Noise","Go for the Eyes"],"picked":"Gash","floor":45},{"not_picked":["Hologram+1","Tempest"],"picked":"Static Discharge+1","floor":46},{"not_picked":["Chill+1","Turbo","Conserve Battery"],"picked":"SKIP","floor":54}],"player_experience":102774,"relics_obtained":[{"floor":6,"key":"War Paint"},{"floor":8,"key":"Smiling Mask"},{"floor":9,"key":"Tiny Chest"},{"floor":13,"key":"Omamori"},{"floor":25,"key":"Mango"},{"floor":28,"key":"Matryoshka"},{"floor":41,"key":"PreservedInsect"},{"floor":41,"key":"Mercury Hourglass"},{"floor":42,"key":"Bottled Tornado"},{"floor":43,"key":"Orichalcum"},{"floor":43,"key":"Ancient Tea Set"},{"floor":44,"key":"Juzu Bracelet"},{"floor":46,"key":"Bird Faced Urn"},{"floor":54,"key":"Vajra"}],"event_choices":[{"damage_healed":0,"gold_gain":0,"player_choice":"Success","damage_taken":7,"relics_obtained":["Letter Opener"],"max_hp_gain":0,"max_hp_loss":0,"event_name":"Scrap Ooze","floor":2,"gold_loss":0},{"damage_healed":0,"gold_gain":0,"cards_transformed":["Strike_B"],"player_choice":"Change","damage_taken":0,"max_hp_gain":0,"max_hp_loss":0,"event_name":"Living Wall","floor":4,"gold_loss":0,"cards_obtained":["Tempest"]},{"cards_removed":["Strike_B"],"damage_healed":0,"gold_gain":0,"player_choice":"Card Removal","damage_taken":0,"max_hp_gain":0,"max_hp_loss":0,"event_name":"The Cleric","floor":12,"gold_loss":50},{"damage_healed":0,"gold_gain":0,"player_choice":"1 cards matched","damage_taken":0,"max_hp_gain":0,"max_hp_loss":0,"event_name":"Match and Keep!","floor":20,"gold_loss":0,"cards_obtained":["Defragment"]},{"damage_healed":0,"gold_gain":0,"player_choice":"Memory 2","damage_taken":5,"max_hp_gain":0,"max_hp_loss":0,"event_name":"SensoryStone","floor":39,"gold_loss":0},{"damage_healed":0,"gold_gain":0,"player_choice":"Paid","damage_taken":0,"relics_obtained":["Red Mask"],"max_hp_gain":0,"max_hp_loss":0,"event_name":"Tomb of Lord Red Mask","floor":48,"gold_loss":451}],"is_beta":false,"boss_relics":[{"not_picked":["Black Star","Pandora\u0027s Box"],"picked":"Nuclear Battery"},{"not_picked":["Orrery","FrozenCore"],"picked":"Runic Pyramid"}],"items_purged_floors":[14,19],"is_endless":false,"potions_floor_spawned":[3,8,10,18,22,30,31,36,38,46],"killed_by":"The Heart","ascension_level":1}