{"gold_per_floor":[115,65,77,77,89,101,142,182,220,232,324,13,43,57,57,153,153,163,163,173,226,226,226,259,259,259,259,270,287,202,213,213,213],"floor_reached":33,"playtime":1530,"items_purged":["Regret"],"score":296,"play_id":"3ce33381-c29f-4817-aba9-32448e1cfda6","local_time":"20190714124537","is_ascension_mode":false,"campfire_choices":[{"data":"Zap","floor":6,"key":"SMITH"},{"data":"Dualcast","floor":10,"key":"SMITH"},{"data":"Scrape","floor":15,"key":"SMITH"},{"data":"All For One","floor":23,"key":"SMITH"},{"floor":27,"key":"REST"},{"floor":32,"key":"REST"}],"neow_cost":"NONE","seed_source_timestamp":503038841255185,"circlet_count":0,"master_deck":["Strike_B","Strike_B","Strike_B+1","Defend_B","Defend_B","Defend_B","Defend_B","Zap+1","Dualcast+1","Force Field","Gash","Streamline","Steam","Scrape+1","Static Discharge","Beam Cell+1","Auto Shields","Chaos","White Noise","All For One+1","Stack","Sweeping Beam+1","Recycle","Writhe","Go for the Eyes","Defragment","Coolheaded"],"relics":["Cracked Core","NeowsBlessing","MawBank","Emotion Chip","Odd Mushroom","Bag of Marbles","DataDisk","Pear","Ancient Tea Set","Black Star","Bronze Scales","Question Card","Whetstone","Kunai","Gremlin Horn","Sundial"],"potions_floor_usage":[8,20,24,24,31],"damage_taken":[{"damage":0,"enemies":"Small Slimes","floor":1,"turns":1},{"damage":0,"enemies":"2 Louse","floor":3,"turns":1},{"damage":0,"enemies":"The Mushroom Lair","floor":7,"turns":1},{"damage":16,"enemies":"Gremlin Nob","floor":8,"turns":3},{"damage":9,"enemies":"Lagavulin","floor":13,"turns":4},{"damage":0,"enemies":"Jaw Worm","floor":14,"turns":1},{"damage":5,"enemies":"Hexaghost","floor":16,"turns":10},{"damage":0,"enemies":"Chosen","floor":18,"turns":3},{"damage":25,"enemies":"Spheric Guardian","floor":20,"turns":4},{"damage":21,"enemies":"Slavers","floor":24,"turns":4},{"damage":20,"enemies":"Centurion and Healer","floor":28,"turns":4},{"damage":14,"enemies":"Chosen and Byrds","floor":29,"turns":3},{"damage":13,"enemies":"Shelled Parasite and Fungi","floor":31,"turns":4},{"damage":47,"enemies":"Champ","floor":33,"turns":9}],"seed_played":"-7207288396409725720","potions_obtained":[{"floor":7,"key":"Explosive Potion"},{"floor":8,"key":"GamblersBrew"},{"floor":18,"key":"SneckoOil"},{"floor":20,"key":"Weak Potion"},{"floor":29,"key":"Regen Potion"}],"is_trial":false,"path_per_floor":["M","?","M","?","?","R","?","E","T","R","T","$","E","M","R","B",null,"M","?","M","T","?","R","E","?","T","R","M","M","?","M","R","B"],"character_chosen":"DEFECT","items_purchased":["Scrape","Static Discharge","Beam Cell","Auto Shields"],"campfire_rested":2,"item_purchase_floors":[12,12,12,12],"current_hp_per_floor":[75,75,75,75,57,57,57,41,41,41,51,51,42,42,42,37,85,85,69,44,44,44,44,23,23,23,50,30,16,16,15,42,0],"gold":213,"neow_bonus":"THREE_ENEMY_KILL","is_prod":false,"is_daily":false,"chose_seed":false,"campfire_upgraded":4,"win_rate":0,"timestamp":1563133537,"path_taken":["M","?","M","?","?","R","?","E","T","R","?","$","E","M","R","BOSS","M","?","M","?","?","R","E","?","T","R","M","?","?","M","R","BOSS"],"build_version":"2019-07-05","purchased_purges":1,"victory":false,"max_hp_per_floor":[75,75,75,75,75,75,75,75,75,75,85,85,85,85,85,85,85,85,90,90,90,90,90,90,90,90,90,90,90,90,90,90,90],"card_choices":[{"not_picked":["Turbo","Consume"],"picked":"Force Field","floor":1},{"not_picked":["Stack","Coolheaded"],"picked":"Gash","floor":3},{"not_picked":["Coolheaded","Sunder"],"picked":"Streamline","floor":7},{"not_picked":["Undo","FTL"],"picked":"Steam","floor":8},{"not_picked":["Cold Snap","Auto Shields"],"picked":"Chaos","floor":13},{"not_picked":["Steam","FTL"],"picked":"White Noise","floor":14},{"not_picked":["Buffer","Machine Learning"],"picked":"All For One","floor":16},{"not_picked":["Rebound+1","Static Discharge+1"],"picked":"Stack","floor":18},{"not_picked":["Hologram","Ball Lightning+1"],"picked":"Sweeping Beam+1","floor":20},{"not_picked":["Echo Form","Compile Driver+1"],"picked":"Recycle","floor":24},{"not_picked":["Cold Snap+1","Steam Power","Hologram"],"picked":"Go for the Eyes","floor":28},{"not_picked":["Reinforced Body","Fusion","Rebound"],"picked":"Defragment","floor":29},{"not_picked":["Sunder","Rebound","Barrage"],"picked":"Coolheaded","floor":31}],"player_experience":314655,"relics_obtained":[{"floor":7,"key":"Odd Mushroom"},{"floor":8,"key":"Bag of Marbles"},{"floor":9,"key":"DataDisk"},{"floor":11,"key":"Pear"},{"floor":13,"key":"Ancient Tea Set"},{"floor":21,"key":"Bronze Scales"},{"floor":24,"key":"Question Card"},{"floor":24,"key":"Whetstone"},{"floor":26,"key":"Gremlin Horn"}],"event_choices":[{"cards_removed":["Strike_B"],"damage_healed":0,"gold_gain":0,"player_choice":"Card Removal","damage_taken":0,"max_hp_gain":0,"max_hp_loss":0,"event_name":"The Cleric","floor":2,"gold_loss":50},{"damage_healed":0,"gold_gain":0,"player_choice":"Box","damage_taken":0,"relics_obtained":["MawBank"],"max_hp_gain":0,"max_hp_loss":0,"event_name":"Big Fish","floor":4,"gold_loss":0,"cards_obtained":["Regret"]},{"damage_healed":0,"gold_gain":0,"player_choice":"Success","damage_taken":18,"relics_obtained":["Emotion Chip"],"max_hp_gain":0,"max_hp_loss":0,"event_name":"Scrap Ooze","floor":5,"gold_loss":0},{"damage_healed":0,"gold_gain":0,"player_choice":"Fought Mushrooms","damage_taken":0,"max_hp_gain":0,"max_hp_loss":0,"event_name":"Mushrooms","floor":7,"gold_loss":0},{"damage_healed":0,"gold_gain":0,"player_choice":"Shed Blood","damage_taken":21,"max_hp_gain":5,"max_hp_loss":0,"event_name":"Forgotten Altar","floor":19,"gold_loss":0},{"damage_healed":0,"gold_gain":0,"player_choice":"Ignored","damage_taken":0,"max_hp_gain":0,"max_hp_loss":0,"event_name":"Ghosts","floor":22,"gold_loss":0},{"damage_healed":0,"gold_gain":0,"player_choice":"Opened","damage_taken":0,"relics_obtained":["Kunai"],"max_hp_gain":0,"max_hp_loss":0,"event_name":"The Mausoleum","floor":25,"gold_loss":0,"cards_obtained":["Writhe"]},{"damage_healed":0,"gold_gain":0,"player_choice":"Obtained Relic","damage_taken":0,"relics_obtained":["Sundial"],"max_hp_gain":0,"max_hp_loss":0,"event_name":"Addict","floor":30,"gold_loss":85}],"is_beta":false,"boss_relics":[{"not_picked":["Orrery","Snecko Eye"],"picked":"Black Star"}],"items_purged_floors":[12],"is_endless":false,"potions_floor_spawned":[7,8,18,20,29],"killed_by":"Champ","ascension_level":0}