{"gold_per_floor":[12,22,22,36,36,63,63,63,141,166,179,179,179,179,179,276,276,291,177,102,85,104,139,139,171,171,188,218,218,317,317,317,416,416,433,433,453,154,29,29,29,29,55,71,71,89,89,89,89,89,89,89,49,80,80],"floor_reached":56,"playtime":4572,"items_purged":["Strike_B","Defend_B","Defend_B"],"score":1164,"play_id":"fb747ca9-bba6-416b-a267-90d7a0b2a2a4","local_time":"20181223183441","is_ascension_mode":false,"campfire_choices":[{"data":"Chaos","floor":7.0,"key":"SMITH"},{"data":"Defragment","floor":13.0,"key":"SMITH"},{"data":"Zap","floor":15.0,"key":"SMITH"},{"data":"Heatsinks","floor":24.0,"key":"SMITH"},{"data":"Seek","floor":29.0,"key":"SMITH"},{"floor":32.0,"key":"REST"},{"data":"Buffer","floor":40.0,"key":"SMITH"},{"data":"Defragment","floor":41.0,"key":"SMITH"},{"data":"Static Discharge","floor":42.0,"key":"SMITH"},{"floor":45.0,"key":"RECALL"},{"data":"Defragment","floor":47.0,"key":"SMITH"},{"data":"Echo Form","floor":49.0,"key":"SMITH"},{"data":"Glacier","floor":52.0,"key":"SMITH"}],"neow_cost":"NO_GOLD","seed_source_timestamp":0,"circlet_count":0,"master_deck":["Defend_B","Zap+1","Static Discharge+1","Chaos+1","Glacier+1","Hello World","Defragment+1","Hologram","Echo Form+1","Self Repair","Heatsinks+1","Seek+1","Buffer+1","Defragment+1","Defragment+1","Storm"],"special_seed":0,"relics":["Cracked Core","StoneCalendar","Bottled Tornado","Ginger","Symbiotic Virus","Boot","Regal Pillow","Bird Faced Urn","White Beast Statue","Thread and Needle","WingedGreaves","Question Card","Nilry\u0027s Codex","Inserter","Toy Ornithopter","Strawberry","Turnip"],"potions_floor_usage":[55,55,55],"damage_taken":[{"damage":0.0,"enemies":"2 Louse","floor":1.0,"turns":1.0},{"damage":1.0,"enemies":"Jaw Worm","floor":2.0,"turns":3.0},{"damage":1.0,"enemies":"Cultist","floor":4.0,"turns":3.0},{"damage":13.0,"enemies":"3 Sentries","floor":6.0,"turns":7.0},{"damage":6.0,"enemies":"Lagavulin","floor":10.0,"turns":6.0},{"damage":7.0,"enemies":"3 Louse","floor":11.0,"turns":3.0},{"damage":1.0,"enemies":"The Guardian","floor":16.0,"turns":10.0},{"damage":1.0,"enemies":"Shell Parasite","floor":18.0,"turns":5.0},{"damage":6.0,"enemies":"2 Thieves","floor":21.0,"turns":4.0},{"damage":9.0,"enemies":"Snecko","floor":22.0,"turns":6.0},{"damage":28.0,"enemies":"Gremlin Leader","floor":23.0,"turns":5.0},{"damage":31.0,"enemies":"Book of Stabbing","floor":25.0,"turns":6.0},{"damage":6.0,"enemies":"Centurion and Healer","floor":27.0,"turns":6.0},{"damage":36.0,"enemies":"Slavers","floor":28.0,"turns":7.0},{"damage":33.0,"enemies":"Collector","floor":33.0,"turns":9.0},{"damage":19.0,"enemies":"3 Shapes","floor":35.0,"turns":5.0},{"damage":9.0,"enemies":"Orb Walker","floor":37.0,"turns":5.0},{"damage":21.0,"enemies":"Sphere and 2 Shapes","floor":44.0,"turns":6.0},{"damage":17.0,"enemies":"Writhing Mass","floor":46.0,"turns":5.0},{"damage":51.0,"enemies":"Time Eater","floor":50.0,"turns":10.0},{"damage":60.0,"enemies":"Shield and Spear","floor":54.0,"turns":6.0},{"damage":62,"enemies":"The Heart","floor":55,"turns":8}],"seed_played":"8776097087732961821","potions_obtained":[{"floor":2.0,"key":"Strength Potion"},{"floor":16.0,"key":"AttackPotion"},{"floor":18.0,"key":"Dexterity Potion"},{"floor":21.0,"key":"SkillPotion"},{"floor":22.0,"key":"Energy Potion"},{"floor":23.0,"key":"Explosive Potion"},{"floor":25.0,"key":"Regen Potion"},{"floor":27.0,"key":"Strength Potion"},{"floor":28.0,"key":"Energy Potion"},{"floor":33.0,"key":"Explosive Potion"},{"floor":35.0,"key":"SkillPotion"},{"floor":37.0,"key":"SneckoOil"},{"floor":44.0,"key":"Poison Potion"},{"floor":46.0,"key":"PowerPotion"},{"floor":54.0,"key":"Weak Potion"}],"is_trial":false,"path_per_floor":["M","M","?","M","T","E","R","?","T","E","M","?","R","T","R","B",null,"M","$","?","M","M","E","R","E","T","M","E","R","?","?","R","B",null,"M","?","M","$","$","R","R","R","T","M","R","M","R","?","R","B",null,"R","$","E","B",null],"character_chosen":"DEFECT","items_purchased":["Self Repair","Toy Ornithopter","Storm"],"campfire_rested":1,"item_purchase_floors":[19,38,53],"current_hp_per_floor":[75,74,74,73,73,60,60,60,60,54,47,29,29,29,29,34,75,75,75,75,75,75,62,62,48,48,75,54,54,54,38,75,75,75,75,75,75,75,75,75,75,75,82,82,82,82,82,82,82,75,82,82,82,66,47],"gold":80,"neow_bonus":"TRANSFORM_TWO_CARDS","is_prod":false,"is_daily":false,"chose_seed":false,"campfire_upgraded":11,"win_rate":0,"timestamp":1545608081,"path_taken":["M","M","?","M","?","E","R","?","T","E","?","?","R","?","R","BOSS","M","$","?","M","M","E","R","E","T","M","E","R","?","?","R","BOSS","M","?","?","?","$","R","R","R","T","M","R","M","R","?","R","BOSS","R","$","E","BOSS"],"build_version":"2018-12-20","purchased_purges":3,"victory":true,"max_hp_per_floor":[75,75,75,75,75,75,75,75,75,75,75,75,75,75,75,75,75,75,75,75,75,75,75,75,75,75,75,75,75,75,75,75,75,75,75,75,75,75,75,75,75,75,82,82,82,82,82,82,82,82,82,82,82,82,82],"card_choices":[{"not_picked":["Stack","Conserve Battery"],"picked":"Chaos","floor":1.0},{"not_picked":["Cold Snap","Leap","Double Energy"],"picked":"SKIP","floor":2.0},{"not_picked":["Beam Cell","Compile Driver"],"picked":"Glacier","floor":4.0},{"not_picked":["Steam","Stack"],"picked":"Hello World","floor":6.0},{"not_picked":["Hyperbeam","Ball Lightning"],"picked":"Defragment","floor":10.0},{"not_picked":["Beam Cell","Double Energy"],"picked":"Hologram","floor":11.0},{"not_picked":["Amplify","Multi-Cast"],"picked":"Echo Form","floor":16.0},{"not_picked":["Streamline","Leap","Aggregate"],"picked":"SKIP","floor":18.0},{"not_picked":["Sweeping Beam+1","Hologram"],"picked":"Heatsinks","floor":21.0},{"not_picked":["Conserve Battery","Gash","Redo"],"picked":"SKIP","floor":22.0},{"not_picked":["Lockon","Consume+1","Auto Shields"],"picked":"SKIP","floor":23.0},{"not_picked":["Leap","Hello World","Stack"],"picked":"SKIP","floor":25.0},{"not_picked":["Gash","Barrage"],"picked":"Seek","floor":27.0},{"not_picked":["Steam+1","Rip and Tear","Barrage+1"],"picked":"SKIP","floor":28.0},{"not_picked":["Meteor Strike","Reboot","Multi-Cast"],"picked":"Buffer","floor":33.0},{"not_picked":["Compile Driver+1","Streamline","Steam"],"picked":"Defragment","floor":35.0},{"not_picked":["Auto Shields+1","Turbo","Reinforced Body+1","Rebound+1"],"picked":"SKIP","floor":37.0},{"not_picked":["Lockon","Amplify","Hologram"],"picked":"Defragment","floor":44.0},{"not_picked":["Static Discharge+1","Stack+1","FTL","Darkness+1"],"picked":"SKIP","floor":46.0},{"not_picked":["Capacitor+1","Tempest","Ball Lightning","Compile Driver+1"],"picked":"SKIP","floor":54.0}],"player_experience":622039,"relics_obtained":[{"floor":5.0,"key":"StoneCalendar"},{"floor":6.0,"key":"Bottled Tornado"},{"floor":9.0,"key":"Symbiotic Virus"},{"floor":10.0,"key":"Boot"},{"floor":14.0,"key":"Bird Faced Urn"},{"floor":23.0,"key":"Thread and Needle"},{"floor":25.0,"key":"WingedGreaves"},{"floor":28.0,"key":"Question Card"},{"floor":31.0,"key":"Nilry\u0027s Codex"},{"floor":43.0,"key":"Strawberry"},{"floor":54.0,"key":"Turnip"}],"event_choices":[{"cards_removed":["Strike_B"],"damage_healed":0.0,"max_hp_gain":0.0,"max_hp_loss":0.0,"gold_gain":0.0,"event_name":"Living Wall","player_choice":"Forget","floor":3.0,"gold_loss":0.0,"damage_taken":0.0},{"cards_removed":["Streamline"],"damage_healed":0.0,"max_hp_gain":0.0,"max_hp_loss":0.0,"gold_gain":0.0,"event_name":"WeMeetAgain","player_choice":"Gave Card","floor":8.0,"gold_loss":0.0,"damage_taken":0.0,"relics_obtained":["Ginger"]},{"damage_healed":0.0,"max_hp_gain":0.0,"max_hp_loss":0.0,"gold_gain":0.0,"event_name":"Scrap Ooze","player_choice":"Success","floor":12.0,"gold_loss":0.0,"damage_taken":18.0,"relics_obtained":["Regal Pillow"]},{"cards_removed":["Dualcast"],"damage_healed":0.0,"max_hp_gain":0.0,"max_hp_loss":0.0,"gold_gain":0.0,"event_name":"Beggar","player_choice":"Gave Gold","floor":20.0,"gold_loss":75.0,"damage_taken":0.0},{"damage_healed":0.0,"max_hp_gain":0.0,"max_hp_loss":0.0,"gold_gain":99.0,"event_name":"Nest","player_choice":"Stole From Cult","floor":30.0,"gold_loss":0.0,"damage_taken":0.0},{"damage_healed":0.0,"max_hp_gain":0.0,"max_hp_loss":0.0,"gold_gain":0.0,"event_name":"Cursed Tome","player_choice":"Obtained Book","floor":31.0,"gold_loss":0.0,"damage_taken":16.0},{"cards_removed":["Defend_B"],"damage_healed":0.0,"max_hp_gain":0.0,"max_hp_loss":0.0,"gold_gain":0.0,"event_name":"Purifier","player_choice":"Purged","floor":36.0,"gold_loss":0.0,"damage_taken":0.0},{"damage_healed":0.0,"max_hp_gain":0.0,"max_hp_loss":0.0,"gold_gain":0.0,"event_name":"NoteForYourself","player_choice":"Ignored","floor":48.0,"gold_loss":0.0,"damage_taken":0.0}],"is_beta":false,"boss_relics":[{"not_picked":["Snecko Eye","Calling Bell"],"picked":"White Beast Statue"},{"not_picked":["Runic Pyramid","Velvet Choker"],"picked":"Inserter"}],"items_purged_floors":[19,38,39],"is_endless":false,"potions_floor_spawned":[2,16,18,21,22,23,25,27,28,33,35,37,44,46,54],"ascension_level":0}