{"gold_per_floor":[109,121,121,296,312,11,43,43,67,67,85,85,85,111,111,215,215,230,216,216,226,241,241,241,241,287,298,331,331,331,350,350,451,451,465,465,465,476,276,276,296,307,382,382,401,416,14,41,41,41],"floor_reached":51,"playtime":3960,"items_purged":["Regret","Strike_G","Strike_G"],"score":1048,"play_id":"75797275-200d-486b-b5d3-e89212d1badf","local_time":"20190813233052","is_ascension_mode":true,"campfire_choices":[{"floor":8.0,"key":"REST"},{"data":"Night Terror","floor":10.0,"key":"SMITH"},{"data":"Flechettes","floor":12.0,"key":"SMITH"},{"floor":15.0,"key":"REST"},{"data":"Wraith Form v2","floor":23.0,"key":"SMITH"},{"floor":25.0,"key":"REST"},{"data":"Noxious Fumes","floor":30.0,"key":"SMITH"},{"data":"Well Laid Plans","floor":32.0,"key":"SMITH"},{"data":"Deadly Poison","floor":40.0,"key":"SMITH"},{"data":"Acrobatics","floor":44,"key":"SMITH"},{"floor":49,"key":"REST"}],"neow_cost":"TEN_PERCENT_HP_LOSS","seed_source_timestamp":18063577253984,"circlet_count":0,"master_deck":["AscendersBane","Strike_G","Strike_G","Defend_G","Defend_G","Defend_G","Defend_G","Defend_G","Survivor","Night Terror+1","Deadly Poison+1","Flechettes+1","Distraction","Noxious Fumes+1","Acrobatics+1","Blur","Crippling Poison+1","Wraith Form v2+1","Acrobatics","Ghostly+1","Ghostly","Ghostly","Ghostly","Ghostly","Well Laid Plans+1","Concentrate","Deflect+1","Crippling Poison"],"special_seed":0,"relics":["Ring of the Snake","Happy Flower","Bronze Scales","Darkstone Periapt","Smiling Mask","PreservedInsect","Busted Crown","Centennial Puzzle","Bag of Marbles","Black Star","War Paint","Toxic Egg 2","TheAbacus","Regal Pillow","Ice Cream"],"potions_floor_usage":[42,45,45,48,50,50],"damage_taken":[{"damage":8.0,"enemies":"Small Slimes","floor":1.0,"turns":6.0},{"damage":0.0,"enemies":"2 Louse","floor":2.0,"turns":3.0},{"damage":7.0,"enemies":"Cultist","floor":5.0,"turns":4.0},{"damage":24.0,"enemies":"3 Sentries","floor":7.0,"turns":4.0},{"damage":0.0,"enemies":"2 Fungi Beasts","floor":11.0,"turns":2.0},{"damage":21.0,"enemies":"Lagavulin","floor":14.0,"turns":7.0},{"damage":26.0,"enemies":"The Guardian","floor":16.0,"turns":10.0},{"damage":0.0,"enemies":"3 Byrds","floor":18.0,"turns":4.0},{"damage":0.0,"enemies":"2 Thieves","floor":19.0,"turns":4.0},{"damage":8.0,"enemies":"Chosen and Byrds","floor":21.0,"turns":7.0},{"damage":10.0,"enemies":"Cultist and Chosen","floor":22.0,"turns":7.0},{"damage":2.0,"enemies":"Snecko","floor":27.0,"turns":6.0},{"damage":12.0,"enemies":"Book of Stabbing","floor":28.0,"turns":8.0},{"damage":1.0,"enemies":"Shelled Parasite and Fungi","floor":31.0,"turns":7.0},{"damage":3.0,"enemies":"Automaton","floor":33.0,"turns":13.0},{"damage":1.0,"enemies":"3 Shapes","floor":35.0,"turns":8.0},{"damage":1.0,"enemies":"3 Darklings","floor":38.0,"turns":5.0},{"damage":1.0,"enemies":"Transient","floor":41.0,"turns":5.0},{"damage":1,"enemies":"Jaw Worm Horde","floor":42,"turns":4},{"damage":9,"enemies":"Maw","floor":45,"turns":8},{"damage":4,"enemies":"3 Darklings","floor":46,"turns":6},{"damage":0,"enemies":"Reptomancer","floor":48,"turns":7},{"damage":2,"enemies":"Donu and Deca","floor":50,"turns":10}],"seed_played":"-6211400788251253360","potions_obtained":[{"floor":1.0,"key":"SneckoOil"},{"floor":7.0,"key":"AttackPotion"},{"floor":11.0,"key":"GamblersBrew"},{"floor":16.0,"key":"GamblersBrew"},{"floor":21.0,"key":"Poison Potion"},{"floor":22.0,"key":"Strength Potion"},{"floor":27.0,"key":"EntropicBrew"},{"floor":31.0,"key":"Swift Potion"},{"floor":45,"key":"PowerPotion"},{"floor":48,"key":"PowerPotion"}],"is_trial":false,"path_per_floor":["M","M","?","?","M","$","E","R","T","R","M","R","?","E","R","B",null,"M","M","?","M","M","R","?","R","T","M","E","?","R","M","R","B",null,"M","?","?","M","$","R","M","M","T","R","M","M","$","E","R","B",null],"character_chosen":"THE_SILENT","items_purchased":["Noxious Fumes","Bronze Scales","War Paint","TheAbacus","Regal Pillow"],"campfire_rested":4,"item_purchase_floors":[6,6,39,47,47],"current_hp_per_floor":[55,55,55,55,48,48,24,42,42,42,42,42,42,21,39,13,51,51,51,40,32,22,22,22,32,32,30,18,29,29,28,28,25,32,31,31,31,30,30,30,29,28,28,28,19,15,15,15,34,32],"gold":41,"neow_bonus":"THREE_RARE_CARDS","is_prod":false,"is_daily":false,"chose_seed":false,"campfire_upgraded":7,"win_rate":0,"timestamp":1565764252,"path_taken":["M","M","?","?","M","$","E","R","T","R","M","R","?","E","R","BOSS","M","M","?","M","M","R","?","R","T","M","E","?","R","?","R","BOSS","M","?","?","?","$","R","M","?","T","R","M","M","$","E","R","BOSS"],"build_version":"2019-07-17","purchased_purges":3,"victory":true,"max_hp_per_floor":[63,63,63,63,63,63,63,63,63,63,63,63,63,63,63,63,63,63,63,68,68,68,68,34,34,34,34,34,34,34,34,34,34,34,34,34,34,34,34,34,34,34,34,34,34,34,34,34,34,34],"card_choices":[{"not_picked":["Doppelganger","Burst"],"picked":"Night Terror","floor":0.0},{"not_picked":["Underhanded Strike","Dagger Throw"],"picked":"Deadly Poison","floor":1.0},{"not_picked":["Quick Slash","Skewer"],"picked":"Flechettes","floor":2.0},{"not_picked":["Leg Sweep","Dagger Spray"],"picked":"Distraction","floor":5.0},{"not_picked":["Slice","Flying Knee"],"picked":"Acrobatics","floor":7.0},{"not_picked":["Eviscerate","Accuracy"],"picked":"Blur","floor":11.0},{"not_picked":["Accuracy","Flying Knee"],"picked":"Crippling Poison","floor":14.0},{"not_picked":["Storm of Steel","Phantasmal Killer"],"picked":"Wraith Form v2","floor":16.0},{"not_picked":["Sucker Punch+1"],"picked":"SKIP","floor":18.0},{"not_picked":["Underhanded Strike+1"],"picked":"SKIP","floor":19.0},{"not_picked":[],"picked":"Acrobatics","floor":21.0},{"not_picked":["Sucker Punch"],"picked":"SKIP","floor":22.0},{"not_picked":[],"picked":"Well Laid Plans","floor":27.0},{"not_picked":[],"picked":"Concentrate","floor":28.0},{"not_picked":[],"picked":"Deflect+1","floor":31.0},{"not_picked":["Blade Dance+1"],"picked":"SKIP","floor":35.0},{"not_picked":["Skewer"],"picked":"SKIP","floor":38.0},{"not_picked":[],"picked":"Crippling Poison","floor":41.0},{"not_picked":["Dodge and Roll+1"],"picked":"SKIP","floor":42},{"not_picked":["Dagger Spray"],"picked":"SKIP","floor":45},{"not_picked":["Deflect+1"],"picked":"SKIP","floor":46},{"not_picked":["Cloak And Dagger+1"],"picked":"SKIP","floor":48}],"player_experience":592224,"relics_obtained":[{"floor":7.0,"key":"Darkstone Periapt"},{"floor":9.0,"key":"Smiling Mask"},{"floor":14.0,"key":"PreservedInsect"},{"floor":26.0,"key":"Centennial Puzzle"},{"floor":28.0,"key":"Bag of Marbles"},{"floor":43,"key":"Toxic Egg 2"},{"floor":48,"key":"Ice Cream"}],"event_choices":[{"damage_healed":0.0,"max_hp_gain":0.0,"max_hp_loss":0.0,"gold_gain":0.0,"event_name":"Big Fish","player_choice":"Box","floor":3.0,"gold_loss":0.0,"damage_taken":0.0,"relics_obtained":["Happy Flower"],"cards_obtained":["Regret"]},{"damage_healed":0.0,"max_hp_gain":0.0,"max_hp_loss":0.0,"gold_gain":175.0,"event_name":"Liars Game","player_choice":"AGREE","floor":4.0,"gold_loss":0.0,"damage_taken":0.0,"cards_obtained":["Doubt"]},{"cards_removed":["Doubt"],"damage_healed":0.0,"max_hp_gain":0.0,"max_hp_loss":0.0,"gold_gain":0.0,"event_name":"Fountain of Cleansing","player_choice":"Removed Curses","floor":13.0,"gold_loss":0.0,"damage_taken":0.0},{"damage_healed":0.0,"max_hp_gain":5.0,"max_hp_loss":0.0,"gold_gain":0.0,"event_name":"Forgotten Altar","player_choice":"Shed Blood","floor":20.0,"gold_loss":0.0,"damage_taken":16.0},{"damage_healed":0.0,"max_hp_gain":0.0,"max_hp_loss":34.0,"gold_gain":0.0,"event_name":"Ghosts","player_choice":"Became a Ghost","floor":24.0,"gold_loss":0.0,"damage_taken":0.0,"cards_obtained":["Ghostly","Ghostly","Ghostly","Ghostly","Ghostly"]},{"damage_healed":11.0,"max_hp_gain":0.0,"max_hp_loss":0.0,"gold_gain":0.0,"event_name":"The Library","player_choice":"Heal","floor":29.0,"gold_loss":0.0,"damage_taken":0.0},{"cards_removed":["Neutralize"],"damage_healed":0.0,"max_hp_gain":0.0,"max_hp_loss":0.0,"gold_gain":0.0,"event_name":"Falling","player_choice":"Removed Attack","floor":36.0,"gold_loss":0.0,"damage_taken":0.0},{"cards_removed":["Strike_G"],"damage_healed":0.0,"max_hp_gain":0.0,"max_hp_loss":0.0,"gold_gain":0.0,"event_name":"Bonfire Elementals","player_choice":"Offered Basic","floor":37.0,"gold_loss":0.0,"damage_taken":0.0}],"is_beta":false,"boss_relics":[{"not_picked":["Empty Cage","Calling Bell"],"picked":"Busted Crown"},{"not_picked":["Sozu","HoveringKite"],"picked":"Black Star"}],"items_purged_floors":[6,39,47],"is_endless":false,"potions_floor_spawned":[1,7,11,16,21,22,27,31,45,48],"ascension_level":10}