{"gold_per_floor":[112,124,135,135,37,37,68,38,38,56,90,18,45,63,63,162,162,87,99,99,111,129,129,147,147,171,203,303,303,332,232,232,330,330,349,369,385,385,385,420,420,447,518,518,518,534,488,521,521,521,521,521,15,44,44],"floor_reached":56,"playtime":5305,"items_purged":["Strike_B","Strike_B"],"score":1563,"play_id":"25d91d84-6796-482e-a66f-3c3046365761","local_time":"20190416002538","is_ascension_mode":true,"campfire_choices":[{"data":"Zap","floor":6,"key":"SMITH"},{"data":"Seek","floor":15,"key":"SMITH"},{"data":"Defragment","floor":23,"key":"SMITH"},{"data":"Loop","floor":25,"key":"SMITH"},{"data":"Chaos","floor":29,"key":"SMITH"},{"data":"Go for the Eyes","floor":32,"key":"SMITH"},{"floor":41,"key":"RECALL"}],"neow_cost":"PERCENT_DAMAGE","seed_source_timestamp":36690937044007,"circlet_count":0,"master_deck":["Defend_B","Defend_B","Defend_B","Defend_B","Zap+1","Dualcast","Defragment+1","Compile Driver","Self Repair","Go for the Eyes+1","Conserve Battery","Seek+1","Glacier","White Noise","Seek","Coolheaded+1","Self Repair+1","Beam Cell","Tempest+1","Loop+1","Chaos+1","Creative AI","Compile Driver+1","Storm+1","Master of Strategy","Rip and Tear","Glacier+1","Self Repair","Madness+1","Double Energy+1","Coolheaded+1","Defragment"],"relics":["Cracked Core","Shuriken","Question Card","Juzu Bracelet","Bottled Lightning","Coffee Dripper","Bronze Scales","Prayer Wheel","Bottled Tornado","Vajra","Fusion Hammer","Regal Pillow","Meat on the Bone","Toxic Egg 2","Cables","Calipers","DataDisk","Lantern"],"potions_floor_usage":[1,11,13,13,19,21,27,28,40,50,54,55],"damage_taken":[{"damage":2,"enemies":"Jaw Worm","floor":1,"turns":3},{"damage":1,"enemies":"Cultist","floor":2,"turns":4},{"damage":9,"enemies":"Small Slimes","floor":3,"turns":3},{"damage":20,"enemies":"Lagavulin","floor":7,"turns":7},{"damage":2,"enemies":"Looter","floor":10,"turns":4},{"damage":20,"enemies":"Gremlin Nob","floor":11,"turns":4},{"damage":5,"enemies":"3 Sentries","floor":13,"turns":8},{"damage":11,"enemies":"Exordium Wildlife","floor":14,"turns":6},{"damage":5,"enemies":"Slime Boss","floor":16,"turns":12},{"damage":5,"enemies":"2 Thieves","floor":18,"turns":5},{"damage":4,"enemies":"3 Byrds","floor":19,"turns":5},{"damage":12,"enemies":"Snake Plant","floor":21,"turns":6},{"damage":6,"enemies":"Snecko","floor":22,"turns":7},{"damage":5,"enemies":"Shelled Parasite and Fungi","floor":24,"turns":8},{"damage":6,"enemies":"Gremlin Leader","floor":27,"turns":7},{"damage":2,"enemies":"Colosseum Slavers","floor":28,"turns":4},{"damage":23,"enemies":"Colosseum Nobs","floor":28,"turns":5},{"damage":14,"enemies":"Book of Stabbing","floor":30,"turns":5},{"damage":8,"enemies":"Champ","floor":33,"turns":11},{"damage":20,"enemies":"3 Shapes","floor":35,"turns":4},{"damage":36,"enemies":"3 Darklings","floor":36,"turns":5},{"damage":0,"enemies":"Spire Growth","floor":37,"turns":4},{"damage":35,"enemies":"Reptomancer","floor":40,"turns":4},{"damage":23,"enemies":"Nemesis","floor":42,"turns":5},{"damage":17,"enemies":"Sphere and 2 Shapes","floor":46,"turns":4},{"damage":0,"enemies":"Giant Head","floor":48,"turns":7},{"damage":21,"enemies":"Time Eater","floor":50,"turns":7},{"damage":38,"enemies":"Shield and Spear","floor":54,"turns":6},{"damage":76,"enemies":"The Heart","floor":55,"turns":10}],"seed_played":"5343418501401211382","potions_obtained":[{"floor":1,"key":"Fruit Juice"},{"floor":3,"key":"GamblersBrew"},{"floor":8,"key":"EntropicBrew"},{"floor":8,"key":"LiquidBronze"},{"floor":13,"key":"Energy Potion"},{"floor":24,"key":"Swift Potion"},{"floor":28,"key":"Ancient Potion"},{"floor":33,"key":"Energy Potion"},{"floor":35,"key":"GamblersBrew"},{"floor":54,"key":"Ancient Potion"}],"is_trial":false,"path_per_floor":["M","M","M","?","$","R","E","?","T","M","E","$","E","M","R","B",null,"M","M","?","M","M","R","M","R","T","E","?","R","E","$","R","B",null,"M","M","M","?","?","E","R","E","T","?","?","M","$","E","R","B",null,"R","$","E","B",null],"character_chosen":"DEFECT","items_purchased":["Go for the Eyes","Glacier","Coolheaded+1","Calipers","DataDisk","Defragment"],"campfire_rested":0,"item_purchase_floors":[5,12,47,53,53,53],"current_hp_per_floor":[67,66,57,57,57,57,44,44,44,49,36,36,38,34,34,36,80,82,85,66,71,82,82,94,94,94,99,93,93,96,96,96,99,99,96,77,94,94,94,76,76,70,70,58,58,60,60,84,84,87,96,96,96,82,42],"gold":44,"neow_bonus":"TWENTY_PERCENT_HP_BONUS","is_prod":false,"is_daily":false,"chose_seed":false,"campfire_upgraded":6,"win_rate":0,"timestamp":1555388738,"path_taken":["M","M","M","?","?","R","E","?","T","?","E","$","E","M","R","BOSS","M","M","?","M","M","R","M","R","T","E","?","R","E","?","R","BOSS","M","M","M","?","?","E","R","E","T","?","?","M","$","E","R","BOSS","R","$","E","BOSS"],"build_version":"2019-04-04","purchased_purges":2,"victory":true,"max_hp_per_floor":[94,94,94,94,94,94,94,94,94,94,94,94,94,94,94,94,94,94,94,99,99,99,99,99,99,99,99,99,99,99,99,99,99,99,99,99,99,99,99,99,99,99,99,99,99,99,99,99,99,99,99,99,99,99,99],"card_choices":[{"not_picked":["Tempest","Undo"],"picked":"Defragment","floor":1},{"not_picked":["Redo","Go for the Eyes"],"picked":"Compile Driver","floor":2},{"not_picked":["Auto Shields","Sweeping Beam"],"picked":"Self Repair","floor":3},{"not_picked":["Rip and Tear","Ball Lightning"],"picked":"Conserve Battery","floor":7},{"not_picked":["Gash","Ball Lightning","Steam","Blizzard"],"picked":"SKIP","floor":10},{"not_picked":["Streamline","Capacitor","Redo"],"picked":"Seek","floor":11},{"not_picked":["Lockon","Steam","Heatsinks"],"picked":"White Noise","floor":13},{"not_picked":["Doom and Gloom","Scrape","Conserve Battery","Sweeping Beam"],"picked":"SKIP","floor":14},{"not_picked":["Core Surge","Biased Cognition","Meteor Strike"],"picked":"Seek","floor":16},{"not_picked":["Go for the Eyes","FTL","Ball Lightning"],"picked":"Coolheaded+1","floor":18},{"not_picked":["Turbo","Go for the Eyes","Streamline"],"picked":"Self Repair+1","floor":19},{"not_picked":["Hologram","Stack","Multi-Cast"],"picked":"Beam Cell","floor":21},{"not_picked":["Redo","Recycle+1","Glacier"],"picked":"Tempest+1","floor":22},{"not_picked":["Coolheaded","Capacitor","Hologram+1"],"picked":"Loop","floor":24},{"not_picked":["Chill","Hologram","Barrage","Force Field"],"picked":"SKIP","floor":27},{"not_picked":["Leap+1","Aggregate","Undo+1"],"picked":"Chaos","floor":28},{"not_picked":["Ball Lightning","FTL","Leap","Redo+1"],"picked":"SKIP","floor":30},{"not_picked":["Electrodynamics","Rainbow","Reboot"],"picked":"Creative AI","floor":33},{"not_picked":["Sweeping Beam+1","Recycle","Steam","Rebound+1"],"picked":"SKIP","floor":35},{"not_picked":["Skim","Tempest+1","Hologram+1","Blizzard+1"],"picked":"SKIP","floor":35},{"not_picked":["Sweeping Beam","Stack+1","Fusion+1"],"picked":"Compile Driver+1","floor":36},{"not_picked":["Beam Cell","Barrage+1","Redo","Hologram+1"],"picked":"SKIP","floor":36},{"not_picked":["Coolheaded","Seek","Static Discharge"],"picked":"Storm+1","floor":37},{"not_picked":["Melter+1","Tempest+1","Conserve Battery+1","Redo+1"],"picked":"SKIP","floor":37},{"not_picked":["Finesse","Flash of Steel","Transmutation"],"picked":"Master of Strategy","floor":38},{"not_picked":["Reprogram","Auto Shields+1","Leap"],"picked":"Glacier+1","floor":40},{"not_picked":["Tempest+1","FTL","Cold Snap"],"picked":"Self Repair","floor":42},{"not_picked":["Rip and Tear","Sweeping Beam+1","Leap+1"],"picked":"Double Energy+1","floor":46},{"not_picked":["Streamline","Redo+1","Barrage","Turbo+1"],"picked":"SKIP","floor":46},{"not_picked":["Echo Form","Coolheaded+1","Force Field+1","Cold Snap"],"picked":"SKIP","floor":48},{"not_picked":["Melter+1","Aggregate+1","Go for the Eyes+1","Chill+1"],"picked":"SKIP","floor":54}],"player_experience":656089,"relics_obtained":[{"floor":7,"key":"Shuriken"},{"floor":9,"key":"Question Card"},{"floor":11,"key":"Juzu Bracelet"},{"floor":13,"key":"Bottled Lightning"},{"floor":27,"key":"Bronze Scales"},{"floor":28,"key":"Prayer Wheel"},{"floor":28,"key":"Bottled Tornado"},{"floor":30,"key":"Vajra"},{"floor":40,"key":"Regal Pillow"},{"floor":42,"key":"Meat on the Bone"},{"floor":43,"key":"Toxic Egg 2"},{"floor":48,"key":"Cables"},{"floor":54,"key":"Lantern"}],"event_choices":[{"cards_removed":["Strike_B"],"damage_healed":0,"gold_gain":0,"player_choice":"Offered Basic","damage_taken":0,"max_hp_gain":0,"max_hp_loss":0,"event_name":"Bonfire Elementals","floor":4,"gold_loss":0},{"damage_healed":0,"gold_gain":0,"player_choice":"Bought 2 Potions","damage_taken":0,"max_hp_gain":0,"max_hp_loss":0,"event_name":"The Woman in Blue","floor":8,"gold_loss":0},{"damage_healed":0,"gold_gain":0,"player_choice":"Shed Blood","damage_taken":24,"max_hp_gain":5,"max_hp_loss":0,"event_name":"Forgotten Altar","floor":20,"gold_loss":0},{"damage_healed":0,"gold_gain":0,"player_choice":"Fight","damage_taken":0,"max_hp_gain":0,"max_hp_loss":0,"event_name":"Colosseum","floor":28,"gold_loss":0},{"damage_healed":0,"gold_gain":0,"player_choice":"Fought Nobs","damage_taken":0,"max_hp_gain":0,"max_hp_loss":0,"event_name":"Colosseum","floor":28,"gold_loss":0},{"damage_healed":0,"gold_gain":0,"player_choice":"Memory 1","damage_taken":0,"max_hp_gain":0,"max_hp_loss":0,"event_name":"SensoryStone","floor":38,"gold_loss":0},{"damage_healed":0,"gold_gain":0,"cards_transformed":["Strike_B"],"player_choice":"Transformed","damage_taken":0,"max_hp_gain":0,"max_hp_loss":0,"event_name":"Transmorgrifier","floor":39,"gold_loss":0,"cards_obtained":["Rip and Tear"]},{"damage_healed":0,"gold_gain":0,"player_choice":"Embrace Madness","damage_taken":12,"max_hp_gain":0,"max_hp_loss":0,"event_name":"Winding Halls","floor":44,"gold_loss":0,"cards_obtained":["Madness","Madness"]},{"cards_removed":["Madness"],"damage_healed":0,"gold_gain":0,"player_choice":"Removed Skill","damage_taken":0,"max_hp_gain":0,"max_hp_loss":0,"event_name":"Falling","floor":45,"gold_loss":0}],"is_beta":true,"boss_relics":[{"not_picked":["Orrery","Tiny House"],"picked":"Coffee Dripper"},{"not_picked":["Velvet Choker","Lizard Tail"],"picked":"Fusion Hammer"}],"items_purged_floors":[5,31],"is_endless":false,"potions_floor_spawned":[1,3,13,16,24,28,33,35,36,37,54],"ascension_level":6}