{"gold_per_floor":[114,114,130,130,32,32,47,47,47,197,208,224,30,30,30,30],"floor_reached":16,"playtime":770,"items_purged":["Doubt"],"score":176,"play_id":"68807fd5-e4cb-4c16-97d0-6dba2190f3cc","local_time":"20190723112505","is_ascension_mode":true,"campfire_choices":[{"data":"Zap","floor":6,"key":"SMITH"},{"data":"Consume","floor":8,"key":"SMITH"},{"floor":15,"key":"REST"}],"neow_cost":"NONE","seed_source_timestamp":84624288116159,"circlet_count":0,"master_deck":["AscendersBane","Strike_B","Strike_B","Defend_B+1","Defend_B+1","Defend_B","Defend_B","Zap+1","Dualcast","Rebound","Coolheaded","Panacea","Consume+1","Reprogram+1","Coolheaded+1","Steam+1","Undo+1"],"relics":["Cracked Core","Vajra","Toxic Egg 2"],"potions_floor_usage":[16],"damage_taken":[{"damage":2,"enemies":"Jaw Worm","floor":1,"turns":3},{"damage":6,"enemies":"2 Louse","floor":3,"turns":2},{"damage":0,"enemies":"Cultist","floor":7,"turns":4},{"damage":7,"enemies":"Looter","floor":11,"turns":3},{"damage":14,"enemies":"2 Fungi Beasts","floor":12,"turns":3},{"damage":33,"enemies":"Hexaghost","floor":16,"turns":11}],"seed_played":"-7957065198990577820","potions_obtained":[{"floor":3,"key":"FocusPotion"}],"is_trial":false,"path_per_floor":["M","?","M","?","$","R","M","R","T","?","M","M","$","?","R","B"],"character_chosen":"DEFECT","items_purchased":["Panacea","Steam+1","Undo+1"],"campfire_rested":1,"item_purchase_floors":[5,13,13],"current_hp_per_floor":[62,55,49,49,49,49,49,49,49,49,42,28,28,7,28,0],"gold":30,"neow_bonus":"RANDOM_COMMON_RELIC","is_prod":false,"is_daily":false,"chose_seed":false,"campfire_upgraded":2,"win_rate":0,"timestamp":1563895505,"path_taken":["M","?","M","?","$","R","?","R","T","?","M","M","$","?","R","BOSS"],"build_version":"2019-07-17","purchased_purges":1,"victory":false,"max_hp_per_floor":[71,71,71,71,71,71,71,71,71,71,71,71,71,71,71,71],"card_choices":[{"not_picked":["Gash","Redo"],"picked":"Rebound","floor":1},{"not_picked":["Beam Cell","Steam"],"picked":"Coolheaded","floor":3},{"not_picked":["Ball Lightning","Glacier"],"picked":"Consume","floor":7},{"not_picked":["Redo+1","Ball Lightning"],"picked":"Reprogram+1","floor":11},{"not_picked":["Go for the Eyes","Buffer"],"picked":"Coolheaded+1","floor":12}],"player_experience":912381,"relics_obtained":[{"floor":9,"key":"Toxic Egg 2"}],"event_choices":[{"cards_removed":["Strike_B"],"damage_healed":0,"gold_gain":0,"player_choice":"Card Removal","damage_taken":7,"max_hp_gain":0,"max_hp_loss":0,"event_name":"Golden Wing","floor":2,"gold_loss":0},{"cards_removed":["Strike_B"],"damage_healed":0,"gold_gain":0,"player_choice":"Offered Basic","damage_taken":0,"max_hp_gain":0,"max_hp_loss":0,"event_name":"Bonfire Elementals","floor":4,"gold_loss":0},{"damage_healed":0,"gold_gain":150,"player_choice":"AGREE","damage_taken":0,"max_hp_gain":0,"max_hp_loss":0,"event_name":"Liars Game","floor":10,"gold_loss":0,"cards_obtained":["Doubt"]},{"damage_healed":0,"gold_gain":0,"player_choice":"Entered Light","damage_taken":21,"max_hp_gain":0,"max_hp_loss":0,"event_name":"Shining Light","floor":14,"gold_loss":0,"cards_upgraded":["Defend_B","Defend_B"]}],"is_beta":false,"boss_relics":[],"items_purged_floors":[13],"is_endless":false,"potions_floor_spawned":[3],"killed_by":"Hexaghost","ascension_level":19}