{"gold_per_floor":[116,130,130,146,146,181,192,211,211,211,161,191,116,131,131,235,235,215,233,233,233,252,283,283,183,229,256,286,309,332,370,382,492,504,535,547,434,434,284,284,303,303,377,392,409,427,438,438,438,438,438,438,108,142,142],"floor_reached":56,"playtime":5994,"items_purged":["Defend_G","Strike_G","Writhe","Defend_G","Defend_G"],"score":1308,"play_id":"04fcc9a4-8667-4424-bd98-264d89dd8fda","local_time":"20181222151102","is_ascension_mode":false,"campfire_choices":[{"data":"Catalyst","floor":10.0,"key":"SMITH"},{"floor":15.0,"key":"REST"},{"floor":24.0,"key":"REST"},{"floor":32.0,"key":"REST"},{"data":"Noxious Fumes","floor":40.0,"key":"SMITH"},{"floor":42.0,"key":"RECALL"},{"floor":49.0,"key":"REST"},{"data":"Calculated Gamble","floor":52.0,"key":"SMITH"}],"neow_cost":"NONE","seed_source_timestamp":0,"circlet_count":0,"master_deck":["Defend_G","Defend_G","Survivor","Neutralize","Catalyst+1","Dagger Spray+1","After Image+1","Noxious Fumes+1","Doppelganger","Backflip+1","RitualDagger+1","Poisoned Stab+1","Blur","Calculated Gamble+1","Night Terror","Deadly Poison+1"],"special_seed":0,"relics":["Ring of the Snake","Mercury Hourglass","Oddly Smooth Stone","Letter Opener","StoneCalendar","Sozu","Darkstone Periapt","MawBank","Ornamental Fan","Snecko Eye","Paper Crane","Whetstone"],"potions_floor_usage":[55],"damage_taken":[{"damage":1.0,"enemies":"Cultist","floor":1.0,"turns":4.0},{"damage":0.0,"enemies":"Jaw Worm","floor":2.0,"turns":5.0},{"damage":0.0,"enemies":"2 Louse","floor":4.0,"turns":2.0},{"damage":12.0,"enemies":"3 Sentries","floor":6.0,"turns":7.0},{"damage":3.0,"enemies":"Exordium Wildlife","floor":7.0,"turns":2.0},{"damage":4.0,"enemies":"2 Fungi Beasts","floor":8.0,"turns":3.0},{"damage":23.0,"enemies":"Lagavulin","floor":12.0,"turns":15.0},{"damage":0.0,"enemies":"Red Slaver","floor":14.0,"turns":3.0},{"damage":12.0,"enemies":"The Guardian","floor":16.0,"turns":11.0},{"damage":18.0,"enemies":"2 Thieves","floor":18.0,"turns":4.0},{"damage":2.0,"enemies":"Chosen","floor":19.0,"turns":7.0},{"damage":0.0,"enemies":"3 Cultists","floor":22.0,"turns":4.0},{"damage":6.0,"enemies":"Gremlin Leader","floor":23.0,"turns":7.0},{"damage":0.0,"enemies":"Snake Plant","floor":27.0,"turns":3.0},{"damage":12.0,"enemies":"Cultist and Chosen","floor":28.0,"turns":5.0},{"damage":1.0,"enemies":"Shelled Parasite and Fungi","floor":29.0,"turns":7.0},{"damage":0.0,"enemies":"Snecko","floor":30.0,"turns":4.0},{"damage":18.0,"enemies":"Book of Stabbing","floor":31.0,"turns":6.0},{"damage":43.0,"enemies":"Collector","floor":33.0,"turns":9.0},{"damage":4.0,"enemies":"3 Shapes","floor":35.0,"turns":4.0},{"damage":0.0,"enemies":"Orb Walker","floor":41.0,"turns":4.0},{"damage":10.0,"enemies":"3 Darklings","floor":44.0,"turns":7.0},{"damage":3.0,"enemies":"Jaw Worm Horde","floor":45.0,"turns":2.0},{"damage":12.0,"enemies":"4 Shapes","floor":46.0,"turns":2.0},{"damage":1.0,"enemies":"Sphere and 2 Shapes","floor":47.0,"turns":4.0},{"damage":31.0,"enemies":"Donu and Deca","floor":50.0,"turns":11.0},{"damage":0,"enemies":"Shield and Spear","floor":54,"turns":7},{"damage":72,"enemies":"The Heart","floor":55,"turns":7}],"seed_played":"-4981457110289377332","potions_obtained":[{"floor":2.0,"key":"Block Potion"},{"floor":12.0,"key":"LiquidBronze"},{"floor":14.0,"key":"Weak Potion"}],"is_trial":false,"path_per_floor":["M","M","?","M","T","E","M","M","T","R","?","E","$","M","R","B","B",null,"M","M","?","?","M","E","R","$","T","M","M","M","M","E","R","B",null,"M","?","$","?","$","R","M","R","T","M","M","M","M","?","R","B",null,"R","$","E","B",null],"character_chosen":"THE_SILENT","items_purchased":["Whetstone"],"campfire_rested":4,"item_purchase_floors":[53],"current_hp_per_floor":[69,69,62,62,62,50,47,43,43,43,43,20,20,20,41,29,70,52,50,44,44,44,38,59,59,59,59,47,46,46,28,49,6,70,66,76,76,76,76,76,76,76,76,66,63,51,50,50,72,41,76,76,76,76,4],"gold":142,"neow_bonus":"REMOVE_CARD","is_prod":false,"is_daily":false,"chose_seed":false,"campfire_upgraded":3,"win_rate":0,"timestamp":1545509462,"path_taken":["M","M","?","M","?","E","M","M","T","R","?","E","$","M","R","BOSS","BOSS","M","M","?","?","M","E","R","$","T","M","M","M","M","E","R","BOSS","M","?","$","?","$","R","M","R","T","M","M","?","M","?","R","BOSS","R","$","E","BOSS"],"build_version":"2018-12-20","purchased_purges":5,"victory":true,"max_hp_per_floor":[70,70,70,70,70,70,70,70,70,70,70,70,70,70,70,70,70,70,70,70,70,70,70,70,70,70,70,70,70,70,70,70,70,70,70,76,76,76,76,76,76,76,76,76,76,76,76,76,76,76,76,76,76,76,76],"card_choices":[{"not_picked":["Quick Slash","Deflect"],"picked":"Catalyst","floor":1.0},{"not_picked":["Backflip","Underhanded Strike"],"picked":"Dagger Spray","floor":2.0},{"not_picked":["Choke","Sucker Punch","Backstab"],"picked":"SKIP","floor":4.0},{"not_picked":["All Out Attack","Sucker Punch"],"picked":"After Image","floor":6.0},{"not_picked":["Prepared","Slice","Sucker Punch"],"picked":"SKIP","floor":7.0},{"not_picked":["Cloak And Dagger","Leg Sweep","Sucker Punch"],"picked":"SKIP","floor":8.0},{"not_picked":["Sucker Punch","Dagger Throw","Dash"],"picked":"SKIP","floor":12.0},{"not_picked":["Dagger Spray","Backflip"],"picked":"Noxious Fumes","floor":14.0},{"not_picked":["Tools of the Trade","Venomology"],"picked":"Doppelganger","floor":16.0},{"not_picked":["Prepared+1","Slice"],"picked":"Backflip+1","floor":18.0},{"not_picked":["Choke+1","Endless Agony+1","Flying Knee"],"picked":"SKIP","floor":19.0},{"not_picked":["Backstab","Blade Dance"],"picked":"Poisoned Stab+1","floor":22.0},{"not_picked":["Dagger Throw","Die Die Die","Heel Hook"],"picked":"SKIP","floor":23.0},{"not_picked":["Bane","Backflip"],"picked":"Blur","floor":27.0},{"not_picked":["Dagger Throw+1","Quick Slash","Riddle With Holes"],"picked":"SKIP","floor":28.0},{"not_picked":["Tactician","Quick Slash","Backstab"],"picked":"SKIP","floor":29.0},{"not_picked":["Crippling Poison+1","PiercingWail"],"picked":"Calculated Gamble","floor":30.0},{"not_picked":["Heel Hook","PiercingWail","Dagger Spray"],"picked":"SKIP","floor":31.0},{"not_picked":["Corpse Explosion","Phantasmal Killer"],"picked":"Night Terror","floor":33.0},{"not_picked":["Acrobatics+1","Dagger Throw+1","Finisher+1"],"picked":"SKIP","floor":35.0},{"not_picked":["Blade Dance+1","Deadly Poison","Outmaneuver+1"],"picked":"SKIP","floor":41.0},{"not_picked":["Underhanded Strike","Bane","Finisher"],"picked":"SKIP","floor":44.0},{"not_picked":["Blur+1","Dagger Throw+1","Dodge and Roll+1"],"picked":"SKIP","floor":45.0},{"not_picked":["Blur+1","Dagger Throw+1","Dodge and Roll+1"],"picked":"SKIP","floor":45.0},{"not_picked":["Sucker Punch+1","Backflip+1","Slice"],"picked":"SKIP","floor":46.0},{"not_picked":["Escape Plan","Cloak And Dagger+1"],"picked":"Deadly Poison+1","floor":47.0},{"not_picked":["All Out Attack+1","Skewer","Glass Knife"],"picked":"SKIP","floor":54}],"player_experience":610563,"relics_obtained":[{"floor":5.0,"key":"Oddly Smooth Stone"},{"floor":6.0,"key":"Letter Opener"},{"floor":12.0,"key":"StoneCalendar"},{"floor":23.0,"key":"Darkstone Periapt"},{"floor":26.0,"key":"MawBank"},{"floor":31.0,"key":"Ornamental Fan"},{"floor":43.0,"key":"Paper Crane"}],"event_choices":[{"damage_healed":0.0,"max_hp_gain":0.0,"max_hp_loss":0.0,"gold_gain":0.0,"event_name":"Scrap Ooze","player_choice":"Success","floor":3.0,"gold_loss":0.0,"damage_taken":7.0,"relics_obtained":["Mercury Hourglass"]},{"cards_removed":["Strike_G"],"damage_healed":0.0,"max_hp_gain":0.0,"max_hp_loss":0.0,"gold_gain":0.0,"event_name":"The Cleric","player_choice":"Card Removal","floor":11.0,"gold_loss":50.0,"damage_taken":0.0},{"damage_healed":0.0,"max_hp_gain":0.0,"max_hp_loss":0.0,"gold_gain":0.0,"event_name":"Nest","player_choice":"Joined the Cult","floor":20.0,"gold_loss":0.0,"damage_taken":6.0,"cards_obtained":["RitualDagger"]},{"cards_removed":["Strike_G"],"damage_healed":0.0,"max_hp_gain":0.0,"max_hp_loss":0.0,"gold_gain":0.0,"event_name":"Purifier","player_choice":"Purged","floor":21.0,"gold_loss":0.0,"damage_taken":0.0},{"damage_healed":18.0,"max_hp_gain":0.0,"max_hp_loss":0.0,"gold_gain":0.0,"event_name":"Winding Halls","player_choice":"Writhe","floor":36.0,"gold_loss":0.0,"damage_taken":0.0,"cards_obtained":["Writhe"]},{"cards_removed":["Strike_G"],"damage_healed":0.0,"max_hp_gain":0.0,"max_hp_loss":0.0,"gold_gain":0.0,"event_name":"Bonfire Elementals","player_choice":"Offered Basic","floor":38.0,"gold_loss":0.0,"damage_taken":0.0},{"damage_healed":0.0,"max_hp_gain":0.0,"max_hp_loss":0.0,"gold_gain":0.0,"event_name":"Upgrade Shrine","player_choice":"Upgraded","floor":48.0,"gold_loss":0.0,"damage_taken":0.0,"cards_upgraded":["After Image"]}],"is_beta":false,"boss_relics":[{"not_picked":["Black Star","Lizard Tail"],"picked":"Sozu"},{"not_picked":["Astrolabe","Pandora\u0027s Box"],"picked":"Snecko Eye"}],"items_purged_floors":[13,25,37,39,53],"is_endless":false,"potions_floor_spawned":[2,12,14,18,22,27,31,45,46,47],"ascension_level":0}