{"gold_per_floor":[109,34,51,51,126,151,161,180,248,248,248,248,100,118,118,192,192,202,202,301,318,4,4,4],"floor_reached":24,"playtime":1005,"items_purged":["Strike_R","Strike_R","Strike_R"],"score":372,"play_id":"a4e93bb4-28d8-4cd9-8174-7d8b4e2d3b1c","local_time":"20181008033546","is_ascension_mode":true,"campfire_choices":[{"data":"True Grit","floor":10.0,"key":"SMITH"},{"data":"1","floor":12.0,"key":"LIFT"},{"data":"Whirlwind","floor":15.0,"key":"SMITH"},{"floor":23,"key":"REST"}],"neow_cost":"NONE","seed_source_timestamp":2285265021312563,"circlet_count":0,"master_deck":["Strike_R","Defend_R","Defend_R","Defend_R","Defend_R","Bash","AscendersBane","Flex","True Grit+1","Flame Barrier","Cleave","Hemokinesis","Twin Strike","Whirlwind+1","Limit Break","Entrench","Inflame"],"special_seed":0,"relics":["Burning Blood","NeowsBlessing","Girya","Bottled Flame","Black Star","Dream Catcher","PreservedInsect"],"potions_floor_usage":[],"damage_taken":[{"damage":0.0,"enemies":"2 Louse","floor":1.0,"turns":1.0},{"damage":0.0,"enemies":"Jaw Worm","floor":3.0,"turns":1.0},{"damage":0.0,"enemies":"Gremlin Nob","floor":6.0,"turns":1.0},{"damage":0.0,"enemies":"Small Slimes","floor":7.0,"turns":4.0},{"damage":12.0,"enemies":"3 Louse","floor":8.0,"turns":2.0},{"damage":3.0,"enemies":"Lots of Slimes","floor":14.0,"turns":3.0},{"damage":53.0,"enemies":"The Guardian","floor":16.0,"turns":17.0},{"damage":15.0,"enemies":"Chosen","floor":18.0,"turns":4.0},{"damage":34.0,"enemies":"Spheric Guardian","floor":21.0,"turns":7.0},{"damage":60,"enemies":"Book of Stabbing","floor":24,"turns":5}],"seed_played":"2813509727858982064","potions_obtained":[{"floor":1.0,"key":"Swift Potion"},{"floor":6.0,"key":"BloodPotion"},{"floor":7.0,"key":"Explosive Potion"},{"floor":18.0,"key":"Strength Potion"}],"is_trial":false,"path_per_floor":["M","$","M","?","?","E","M","M","T","R","?","R","$","M","R","B",null,"M","?","?","M","$","R"],"character_chosen":"IRONCLAD","items_purchased":["Twin Strike","Inflame","PreservedInsect"],"campfire_rested":1,"item_purchase_floors":[13,22,22],"current_hp_per_floor":[74,74,75,80,69,75,80,74,74,74,74,74,74,77,77,30,68,59,59,59,31,31,55,0],"gold":4,"neow_bonus":"THREE_ENEMY_KILL","is_prod":false,"is_daily":false,"chose_seed":false,"campfire_upgraded":2,"win_rate":0,"timestamp":1538984146,"path_taken":["M","$","M","?","?","E","M","M","T","R","?","R","$","?","R","BOSS","M","?","?","?","$","R","E"],"build_version":"2018-10-04v2","purchased_purges":3,"victory":false,"max_hp_per_floor":[75,75,75,80,80,80,80,80,80,80,80,80,80,80,80,80,80,80,80,80,80,80,80,80],"card_choices":[{"not_picked":["Shockwave","Burning Pact"],"picked":"Flex","floor":1.0},{"not_picked":["Rupture","Clash"],"picked":"True Grit","floor":3.0},{"not_picked":["Dual Wield","Armaments"],"picked":"Flame Barrier","floor":6.0},{"not_picked":["Wild Strike","Power Through"],"picked":"Cleave","floor":7.0},{"not_picked":["Clothesline","Clash","Flex"],"picked":"SKIP","floor":8.0},{"not_picked":["Armaments","Reckless Charge"],"picked":"Whirlwind","floor":14.0},{"not_picked":["Bludgeon","Berserk"],"picked":"Limit Break","floor":16.0},{"not_picked":["Warcry","Corruption","Uppercut"],"picked":"SKIP","floor":18.0},{"not_picked":["Thunderclap","Perfected Strike"],"picked":"Entrench","floor":21.0}],"player_experience":463942,"relics_obtained":[{"floor":6.0,"key":"Girya"},{"floor":9.0,"key":"Bottled Flame"}],"event_choices":[{"event_name":"Big Fish","player_choice":"Donut","floor":4.0,"damage_taken":0.0},{"event_name":"World of Goop","player_choice":"Gather Gold","floor":5.0,"damage_taken":0.0},{"event_name":"Transmorgrifier","player_choice":"Transform","floor":11.0,"damage_taken":0.0},{"event_name":"The Mausoleum","player_choice":"Yes","floor":19.0,"damage_taken":0.0},{"event_name":"Nest","player_choice":"Stole From Cult","floor":20.0,"damage_taken":0.0}],"is_beta":false,"boss_relics":[{"not_picked":["Orrery","Lizard Tail"],"picked":"Black Star"}],"items_purged_floors":[2,13,22],"is_endless":false,"potions_floor_spawned":[1,6,7,18],"killed_by":"Book of Stabbing","ascension_level":14}