{"gold_per_floor":[217,217,232,202,217,245,262,292,292,7,26,26,26,41,41,142,142,159,159,178,178,202,231,250,250,276,50,50,67,92,104,104,206,206,218,236,311,321,13,40,55,69,69,89,89,108,108,118,118,118],"floor_reached":51,"playtime":4682,"items_purged":["Strike_G","Strike_G"],"score":1040,"play_id":"16f48f07-1294-45d3-884a-fac88a38770d","local_time":"20190807180337","is_ascension_mode":true,"campfire_choices":[{"data":"Blade Dance","floor":12,"key":"SMITH"},{"data":"Cloak And Dagger","floor":15,"key":"SMITH"},{"data":"Envenom","floor":25,"key":"SMITH"},{"data":"Accuracy","floor":28,"key":"SMITH"},{"floor":32,"key":"REST"},{"floor":47,"key":"REST"},{"floor":49,"key":"REST"}],"neow_cost":"NONE","seed_source_timestamp":0,"circlet_count":0,"master_deck":["Strike_G","Strike_G+1","Defend_G","Defend_G","Defend_G","Defend_G","Defend_G","Survivor","Neutralize+1","Finisher","Deflect","Deadly Poison","PiercingWail","Blade Dance+1","PiercingWail","Poisoned Stab","Footwork","Backstab","Cloak And Dagger+1","Envenom+1","Cloak And Dagger","Footwork","Riddle With Holes+1","Accuracy+1","Slice+1","Adrenaline","Dodge and Roll","Malaise","Crippling Poison+1","Accuracy","Escape Plan+1","Storm of Steel","Well Laid Plans","Backflip+1","Caltrops+1","Apotheosis","Caltrops+1"],"special_seed":0,"relics":["Ring of the Snake","Whetstone","Anchor","Oddly Smooth Stone","Shuriken","Philosopher\u0027s Stone","Bronze Scales","Molten Egg 2","Regal Pillow","Question Card","White Beast Statue","Lee\u0027s Waffle","Dream Catcher","Pear"],"potions_floor_usage":[6,6,6,8,23,29,31,31,36,38,40,41,42,46,46,50],"damage_taken":[{"damage":0.0,"enemies":"2 Louse","floor":1.0,"turns":5.0},{"damage":0.0,"enemies":"Jaw Worm","floor":3.0,"turns":4.0},{"damage":0,"enemies":"Cultist","floor":5,"turns":3},{"damage":15,"enemies":"Lagavulin","floor":6,"turns":10},{"damage":0,"enemies":"2 Fungi Beasts","floor":7,"turns":4},{"damage":28,"enemies":"Gremlin Nob","floor":8,"turns":4},{"damage":0,"enemies":"Blue Slaver","floor":11,"turns":3},{"damage":0,"enemies":"3 Louse","floor":14,"turns":2},{"damage":8,"enemies":"Hexaghost","floor":16,"turns":10},{"damage":0,"enemies":"Chosen","floor":18,"turns":4},{"damage":12,"enemies":"Spheric Guardian","floor":20,"turns":5},{"damage":2,"enemies":"Slavers","floor":23,"turns":6},{"damage":12,"enemies":"Cultist and Chosen","floor":24,"turns":5},{"damage":5,"enemies":"3 Cultists","floor":29,"turns":5},{"damage":34,"enemies":"Book of Stabbing","floor":30,"turns":5},{"damage":6,"enemies":"Shelled Parasite and Fungi","floor":31,"turns":3},{"damage":38,"enemies":"Automaton","floor":33,"turns":12},{"damage":0,"enemies":"3 Shapes","floor":35,"turns":7},{"damage":2,"enemies":"3 Darklings","floor":36,"turns":6},{"damage":24,"enemies":"4 Shapes","floor":38,"turns":6},{"damage":57,"enemies":"Giant Head","floor":40,"turns":10},{"damage":6,"enemies":"Sphere and 2 Shapes","floor":41,"turns":4},{"damage":13,"enemies":"Jaw Worm Horde","floor":42,"turns":4},{"damage":2,"enemies":"Writhing Mass","floor":44,"turns":7},{"damage":0,"enemies":"Sphere and 2 Shapes","floor":46,"turns":4},{"damage":3,"enemies":"4 Shapes","floor":48,"turns":7},{"damage":80,"enemies":"Awakened One","floor":50,"turns":13}],"seed_played":"9206915038823711795","potions_obtained":[{"floor":3,"key":"Block Potion"},{"floor":4,"key":"Swift Potion"},{"floor":4,"key":"Swift Potion"},{"floor":7,"key":"Poison Potion"},{"floor":8,"key":"Dexterity Potion"},{"floor":20,"key":"Regen Potion"},{"floor":23,"key":"EssenceOfSteel"},{"floor":35,"key":"Swift Potion"},{"floor":36,"key":"Explosive Potion"},{"floor":38,"key":"SkillPotion"},{"floor":40,"key":"SkillPotion"},{"floor":41,"key":"Strength Potion"},{"floor":42,"key":"Block Potion"},{"floor":44,"key":"SkillPotion"},{"floor":46,"key":"Fire Potion"},{"floor":48,"key":"LiquidBronze"}],"is_trial":false,"path_per_floor":["M","?","M","?","M","E","M","E","T","$","M","R","?","M","R","B",null,"M","?","M","?","T","E","M","R","T","$","R","M","E","M","R","B",null,"M","M","?","M","$","E","M","M","T","M","?","M","R","M","R","B",null],"character_chosen":"THE_SILENT","items_purchased":["Shuriken","Footwork","Accuracy","Slice+1","Strength Potion","Lee\u0027s Waffle"],"campfire_rested":3,"item_purchase_floors":[10,10,27,27,27,39],"current_hp_per_floor":[63,63,63,63,63,48,48,20,20,20,20,20,43,43,43,35,61,61,61,49,49,49,62,50,50,50,50,50,45,11,5,41,3,53,53,51,44,20,77,20,14,1,11,9,9,9,50,47,87,7],"gold":118,"neow_bonus":"HUNDRED_GOLD","is_prod":false,"is_daily":false,"chose_seed":false,"campfire_upgraded":4,"win_rate":0,"timestamp":1565226217,"path_taken":["M","?","M","?","M","E","M","E","T","$","?","R","?","M","R","BOSS","M","?","M","?","?","E","M","R","T","$","R","M","E","M","R","BOSS","M","M","?","M","$","E","M","?","T","M","?","M","R","M","R","BOSS"],"build_version":"2019-07-17","purchased_purges":2,"victory":true,"max_hp_per_floor":[70,70,70,70,70,70,70,70,70,70,70,70,70,70,70,70,70,70,70,70,70,70,70,70,70,70,70,70,70,70,70,70,70,70,70,70,70,70,77,77,77,77,87,87,87,87,87,87,87,87],"card_choices":[{"not_picked":["Bane","Dodge and Roll"],"picked":"Finisher","floor":1.0},{"not_picked":["Dagger Spray","Riddle With Holes"],"picked":"Deadly Poison","floor":3},{"not_picked":["Distraction","Sucker Punch"],"picked":"PiercingWail","floor":5},{"not_picked":["Dodge and Roll","Underhanded Strike"],"picked":"Blade Dance","floor":6},{"not_picked":["Night Terror","Prepared"],"picked":"PiercingWail","floor":7},{"not_picked":["Deflect","Sucker Punch"],"picked":"Poisoned Stab","floor":8},{"not_picked":["Bouncing Flask","Prepared"],"picked":"Backstab","floor":11},{"not_picked":["Sucker Punch","Dagger Spray"],"picked":"Cloak And Dagger","floor":14},{"not_picked":["Corpse Explosion","Adrenaline"],"picked":"Envenom","floor":16},{"not_picked":["Outmaneuver+1","PiercingWail+1"],"picked":"Cloak And Dagger","floor":18},{"not_picked":["Outmaneuver+1","Dagger Throw","Bane"],"picked":"SKIP","floor":20},{"not_picked":["Dagger Spray","Poisoned Stab","Dagger Throw+1"],"picked":"SKIP","floor":23},{"not_picked":["Blade Dance+1","Cloak And Dagger"],"picked":"Riddle With Holes+1","floor":24},{"not_picked":["Predator+1","Expertise+1","Poisoned Stab+1"],"picked":"SKIP","floor":29},{"not_picked":["All Out Attack+1","Endless Agony+1"],"picked":"Adrenaline","floor":30},{"not_picked":["Deadly Poison+1","Poisoned Stab+1","Cloak And Dagger"],"picked":"Dodge and Roll","floor":31},{"not_picked":["Burst","Tools of the Trade","Phantasmal Killer"],"picked":"Malaise","floor":33},{"not_picked":["Eviscerate+1","Poisoned Stab+1","Blade Dance+1"],"picked":"Crippling Poison+1","floor":35},{"not_picked":["Footwork","Deadly Poison","Dagger Throw+1"],"picked":"Accuracy","floor":36},{"not_picked":["Prepared+1","Bane+1","Cloak And Dagger"],"picked":"Escape Plan+1","floor":38},{"not_picked":["Footwork","Bane+1","Cloak And Dagger"],"picked":"Storm of Steel","floor":40},{"not_picked":["Dodge and Roll+1","Choke+1","Cloak And Dagger"],"picked":"Well Laid Plans","floor":41},{"not_picked":["Flying Knee+1","Calculated Gamble+1","Quick Slash+1"],"picked":"Backflip+1","floor":42},{"not_picked":["Dash+1","Backflip+1","Dodge and Roll"],"picked":"Caltrops+1","floor":44},{"not_picked":["PanicButton","Jack Of All Trades","Purity"],"picked":"Apotheosis","floor":45},{"not_picked":["Heel Hook+1","Flying Knee+1","Outmaneuver+1","Finisher+1"],"picked":"SKIP","floor":46},{"not_picked":["Backstab+1","Cloak And Dagger+1","Dash+1"],"picked":"Caltrops+1","floor":48}],"player_experience":508971,"relics_obtained":[{"floor":6,"key":"Whetstone"},{"floor":8,"key":"Anchor"},{"floor":9,"key":"Oddly Smooth Stone"},{"floor":22,"key":"Bronze Scales"},{"floor":23,"key":"Molten Egg 2"},{"floor":26,"key":"Regal Pillow"},{"floor":30,"key":"Question Card"},{"floor":40,"key":"Dream Catcher"},{"floor":43,"key":"Pear"}],"event_choices":[{"damage_healed":0.0,"max_hp_gain":0.0,"max_hp_loss":0.0,"gold_gain":0.0,"cards_transformed":["Strike_G"],"event_name":"Living Wall","player_choice":"Change","floor":2.0,"gold_loss":0.0,"damage_taken":0.0,"cards_obtained":["Deflect"]},{"damage_healed":0,"gold_gain":0,"player_choice":"Bought 2 Potions","damage_taken":0,"max_hp_gain":0,"max_hp_loss":0,"event_name":"The Woman in Blue","floor":4,"gold_loss":0},{"damage_healed":23,"gold_gain":0,"player_choice":"Banana","damage_taken":0,"max_hp_gain":0,"max_hp_loss":0,"event_name":"Big Fish","floor":13,"gold_loss":0},{"damage_healed":0,"gold_gain":0,"player_choice":"Ignored","damage_taken":0,"max_hp_gain":0,"max_hp_loss":0,"event_name":"Vampires","floor":19,"gold_loss":0},{"damage_healed":0,"gold_gain":0,"player_choice":"Read","damage_taken":0,"max_hp_gain":0,"max_hp_loss":0,"event_name":"The Library","floor":21,"gold_loss":0,"cards_obtained":["Footwork"]},{"damage_healed":0,"gold_gain":75,"player_choice":"Touch","damage_taken":7,"max_hp_gain":0,"max_hp_loss":0,"event_name":"FaceTrader","floor":37,"gold_loss":0},{"damage_healed":0,"gold_gain":0,"player_choice":"Memory 1","damage_taken":0,"max_hp_gain":0,"max_hp_loss":0,"event_name":"SensoryStone","floor":45,"gold_loss":0}],"is_beta":false,"boss_relics":[{"not_picked":["Black Star","Empty Cage"],"picked":"Philosopher\u0027s Stone"},{"not_picked":["Orrery","Calling Bell"],"picked":"White Beast Statue"}],"items_purged_floors":[27,39],"is_endless":false,"potions_floor_spawned":[3,7,8,20,23,35,36,38,40,41,42,44,46,48],"ascension_level":9}