{"gold_per_floor":[112,387,398,408,98,98,130,130,154,165,165,491,491,509,509,509],"floor_reached":16,"playtime":663,"items_purged":["Regret"],"score":215,"play_id":"4676dc1e-1fbd-463c-b030-c54e0771b7d5","local_time":"20190722204045","is_ascension_mode":true,"campfire_choices":[{"data":"Darkness","floor":6.0,"key":"SMITH"},{"floor":8.0,"key":"REST"},{"floor":15,"key":"REST"}],"neow_cost":"NONE","seed_source_timestamp":31555803639628,"circlet_count":0,"master_deck":["AscendersBane","Strike_B","Strike_B","Defend_B","Defend_B+1","Defend_B","Defend_B+1","Zap+1","Dualcast","FTL","Darkness+1","Gash","Coolheaded","Echo Form","Coolheaded"],"special_seed":0,"relics":["Cracked Core","Anchor","Bag of Preparation","War Paint","Old Coin"],"potions_floor_usage":[],"damage_taken":[{"damage":0.0,"enemies":"2 Louse","floor":1.0,"turns":2.0},{"damage":8.0,"enemies":"Cultist","floor":3.0,"turns":3.0},{"damage":3.0,"enemies":"Jaw Worm","floor":4.0,"turns":2.0},{"damage":24.0,"enemies":"3 Sentries","floor":7.0,"turns":8.0},{"damage":2.0,"enemies":"Looter","floor":10.0,"turns":3.0},{"damage":14,"enemies":"Gremlin Nob","floor":12,"turns":3},{"damage":2,"enemies":"Gremlin Gang","floor":14,"turns":4},{"damage":50,"enemies":"Slime Boss","floor":16,"turns":6}],"seed_played":"-765513180705823452","potions_obtained":[{"floor":1.0,"key":"Weak Potion"},{"floor":4.0,"key":"Weak Potion"},{"floor":12,"key":"Ancient Potion"}],"is_trial":false,"path_per_floor":["M","?","M","M","$","R","E","R","T","M","?","E","?","M","R","B"],"character_chosen":"DEFECT","items_purchased":["Anchor","Gash","Coolheaded"],"campfire_rested":2,"item_purchase_floors":[5,5,5],"current_hp_per_floor":[64,64,56,53,53,53,29,50,50,48,41,27,27,25,46,0],"gold":509,"neow_bonus":"UPGRADE_CARD","is_prod":false,"is_daily":false,"chose_seed":false,"campfire_upgraded":1,"win_rate":0,"timestamp":1563842445,"path_taken":["M","?","M","M","$","R","E","R","T","?","?","E","?","M","R","BOSS"],"build_version":"2019-07-17","purchased_purges":1,"victory":false,"max_hp_per_floor":[71,71,71,71,71,71,71,71,71,71,71,71,71,71,71,71],"card_choices":[{"not_picked":["Steam","Hello World"],"picked":"FTL","floor":1.0},{"not_picked":["Steam Power","Scrape","Stack"],"picked":"SKIP","floor":3.0},{"not_picked":["Gash","Turbo"],"picked":"Darkness","floor":4.0},{"not_picked":["Cold Snap","Consume"],"picked":"Echo Form","floor":7.0},{"not_picked":["Hologram","Turbo","Redo"],"picked":"SKIP","floor":10.0},{"not_picked":["Beam Cell","Turbo"],"picked":"Coolheaded","floor":12},{"not_picked":["Hologram","Self Repair","Gash"],"picked":"SKIP","floor":14}],"player_experience":909565,"relics_obtained":[{"floor":7.0,"key":"Bag of Preparation"},{"floor":9.0,"key":"War Paint"},{"floor":12,"key":"Old Coin"}],"event_choices":[{"damage_healed":0.0,"max_hp_gain":0.0,"max_hp_loss":0.0,"gold_gain":275.0,"event_name":"Golden Shrine","player_choice":"Desecrate","floor":2.0,"gold_loss":0.0,"damage_taken":0.0,"cards_obtained":["Regret"]},{"cards_removed":["Strike_B"],"damage_healed":0.0,"max_hp_gain":0.0,"max_hp_loss":0.0,"gold_gain":0.0,"event_name":"Golden Wing","player_choice":"Card Removal","floor":11.0,"gold_loss":0.0,"damage_taken":7.0},{"cards_removed":["Strike_B"],"damage_healed":0,"gold_gain":0,"player_choice":"Purged","damage_taken":0,"max_hp_gain":0,"max_hp_loss":0,"event_name":"Purifier","floor":13,"gold_loss":0}],"is_beta":false,"boss_relics":[],"items_purged_floors":[5],"is_endless":false,"potions_floor_spawned":[1,4,12],"killed_by":"Slime Boss","ascension_level":19}