{"gold_per_floor":[109,128,138,138,15,41,41,60,60,73,93,113,123,136,136,234,234,251,269,269,544,556,591,139,152,236,14,31,41,41],"floor_reached":30,"playtime":3564,"items_purged":["Strike_B","Regret"],"score":401,"play_id":"a1b2e9eb-d6b6-4e1d-935b-e2b99d375931","local_time":"20190728231400","is_ascension_mode":true,"campfire_choices":[{"data":"Dualcast","floor":7,"key":"SMITH"},{"data":"Beam Cell","floor":15,"key":"SMITH"}],"neow_cost":"NONE","seed_source_timestamp":399888197506915,"circlet_count":0,"master_deck":["Strike_B","Strike_B","Strike_B","Defend_B","Defend_B","Defend_B","Defend_B","Zap+1","Dualcast+1","Conserve Battery","Compile Driver","Ball Lightning","Beam Cell+1","Leap","Auto Shields","Coolheaded","Ball Lightning","Coolheaded","Static Discharge+1","Defragment+1","All For One","Hologram","Scrape","Ghostly","Ghostly","Ghostly","Ghostly","Ghostly","Go for the Eyes","Blizzard","Gash","Sunder+1","Capacitor+1","Redo","Streamline+1"],"relics":["FrozenCore","NeowsBlessing","Frozen Egg 2","Bottled Lightning","Bronze Scales","Shuriken","Tiny Chest","Art of War"],"potions_floor_usage":[6,10,11,16,16,16,22,22,23,25,30],"damage_taken":[{"damage":0,"enemies":"Jaw Worm","floor":1,"turns":1},{"damage":0,"enemies":"Cultist","floor":2,"turns":1},{"damage":0,"enemies":"Small Slimes","floor":3,"turns":1},{"damage":16,"enemies":"Gremlin Nob","floor":6,"turns":3},{"damage":11,"enemies":"3 Louse","floor":8,"turns":3},{"damage":0,"enemies":"Gremlin Gang","floor":10,"turns":3},{"damage":8,"enemies":"Exordium Wildlife","floor":11,"turns":4},{"damage":0,"enemies":"Large Slime","floor":12,"turns":4},{"damage":1,"enemies":"Blue Slaver","floor":13,"turns":3},{"damage":0,"enemies":"3 Louse","floor":14,"turns":3},{"damage":3,"enemies":"Hexaghost","floor":16,"turns":6},{"damage":8,"enemies":"3 Byrds","floor":18,"turns":3},{"damage":18,"enemies":"2 Thieves","floor":19,"turns":5},{"damage":1,"enemies":"Snake Plant","floor":22,"turns":4},{"damage":2,"enemies":"Book of Stabbing","floor":23,"turns":6},{"damage":7,"enemies":"Centurion and Healer","floor":25,"turns":10},{"damage":0,"enemies":"Snecko","floor":28,"turns":5},{"damage":11,"enemies":"Shelled Parasite and Fungi","floor":29,"turns":5},{"damage":16,"enemies":"Gremlin Leader","floor":30,"turns":3}],"seed_played":"-5549390372882199583","potions_obtained":[{"floor":3,"key":"Poison Potion"},{"floor":8,"key":"Explosive Potion"},{"floor":10,"key":"EntropicBrew"},{"floor":16,"key":"Ancient Potion"},{"floor":19,"key":"Poison Potion"},{"floor":22,"key":"LiquidBronze"},{"floor":23,"key":"FocusPotion"},{"floor":28,"key":"FearPotion"}],"is_trial":false,"path_per_floor":["M","M","M","?","$","E","R","M","T","M","M","M","M","M","R","B",null,"M","M","?","?","M","E","$","M","T","$","M","M","E"],"character_chosen":"DEFECT","items_purchased":["Beam Cell","Gash","Shuriken","PowerPotion","Capacitor+1","Art of War"],"campfire_rested":0,"item_purchase_floors":[5,24,24,24,27,27],"current_hp_per_floor":[68,68,68,68,68,52,52,41,41,41,33,33,32,32,32,29,64,56,38,37,37,36,34,34,27,27,27,27,16,0],"gold":41,"neow_bonus":"THREE_ENEMY_KILL","is_prod":false,"is_daily":false,"chose_seed":false,"campfire_upgraded":2,"win_rate":0,"timestamp":1564380840,"path_taken":["M","M","M","?","?","E","R","M","T","M","?","M","M","M","R","BOSS","M","M","?","?","M","E","$","M","T","$","M","M","E"],"build_version":"2019-07-17","purchased_purges":2,"victory":false,"max_hp_per_floor":[75,75,75,75,75,75,75,75,75,75,75,75,75,75,75,75,75,75,75,37,37,37,37,37,37,37,37,37,37,37],"card_choices":[{"not_picked":["Beam Cell","Rebound"],"picked":"Conserve Battery","floor":1},{"not_picked":["Barrage","Blizzard"],"picked":"Compile Driver","floor":2},{"not_picked":["Aggregate","Redo"],"picked":"Ball Lightning","floor":3},{"not_picked":["Cold Snap","Fission"],"picked":"Leap","floor":6},{"not_picked":["Steam","Rebound"],"picked":"Auto Shields","floor":8},{"not_picked":["Cold Snap","Hologram"],"picked":"Coolheaded","floor":10},{"not_picked":["Force Field","Compile Driver"],"picked":"Ball Lightning","floor":11},{"not_picked":["Aggregate","Leap"],"picked":"Coolheaded","floor":12},{"not_picked":["Genetic Algorithm","Rebound"],"picked":"Static Discharge+1","floor":13},{"not_picked":["Steam","Rebound"],"picked":"Defragment+1","floor":14},{"not_picked":["Multi-Cast","Reboot"],"picked":"All For One","floor":16},{"not_picked":["Steam Power","Conserve Battery"],"picked":"Hologram","floor":18},{"not_picked":["Static Discharge+1","Redo"],"picked":"Scrape","floor":19},{"not_picked":["Redo","Streamline"],"picked":"Go for the Eyes","floor":22},{"not_picked":["All For One","Rebound"],"picked":"Blizzard","floor":23},{"not_picked":["Tempest","Conserve Battery"],"picked":"Sunder+1","floor":25},{"not_picked":["Sweeping Beam","Hologram"],"picked":"Redo","floor":28},{"not_picked":["Compile Driver","BootSequence+1"],"picked":"Streamline+1","floor":29}],"player_experience":410096,"relics_obtained":[{"floor":6,"key":"Frozen Egg 2"},{"floor":9,"key":"Bottled Lightning"},{"floor":23,"key":"Bronze Scales"},{"floor":26,"key":"Tiny Chest"}],"event_choices":[{"damage_healed":0,"gold_gain":0,"player_choice":"Upgraded","damage_taken":0,"max_hp_gain":0,"max_hp_loss":0,"event_name":"Upgrade Shrine","floor":4,"gold_loss":0,"cards_upgraded":["Zap"]},{"damage_healed":0,"gold_gain":0,"player_choice":"Became a Ghost","damage_taken":0,"max_hp_gain":0,"max_hp_loss":38,"event_name":"Ghosts","floor":20,"gold_loss":0,"cards_obtained":["Ghostly","Ghostly","Ghostly","Ghostly","Ghostly"]},{"damage_healed":0,"gold_gain":275,"player_choice":"Desecrate","damage_taken":0,"max_hp_gain":0,"max_hp_loss":0,"event_name":"Golden Shrine","floor":21,"gold_loss":0,"cards_obtained":["Regret"]}],"is_beta":false,"boss_relics":[{"not_picked":["Velvet Choker","Tiny House"],"picked":"FrozenCore"}],"items_purged_floors":[5,24],"is_endless":false,"potions_floor_spawned":[3,8,10,12,16,19,22,23,28],"killed_by":"Gremlin Leader","ascension_level":7}