{"gold_per_floor":[111,111,111,36,55,55,88,88,88,88,98,98,98,124,124,196,196,216,266,9,22,41,41,61,61],"floor_reached":25,"playtime":1361,"items_purged":["Strike_R","Strike_R"],"score":445,"play_id":"0c24dd9f-6a4f-455f-8726-569bdc4d2334","local_time":"20181229160828","is_ascension_mode":true,"campfire_choices":[{"data":"Body Slam","floor":6.0,"key":"SMITH"},{"data":"Bash","floor":8.0,"key":"SMITH"},{"data":"Evolve","floor":12.0,"key":"SMITH"},{"floor":15.0,"key":"REST"},{"data":"Bludgeon","floor":23,"key":"SMITH"}],"neow_cost":"NONE","seed_source_timestamp":281658799204500,"circlet_count":0,"master_deck":["AscendersBane","Strike_R","Strike_R","Defend_R+1","Defend_R","Defend_R+1","Defend_R","Bash+1","Cleave","Body Slam+1","Disarm","Evolve+1","Reckless Charge","Bludgeon+1","Shrug It Off+1"],"special_seed":0,"relics":["Burning Blood","NeowsBlessing","Red Skull","Singing Bowl","War Paint","Happy Flower","Art of War","Mark of Pain","PreservedInsect"],"potions_floor_usage":[18,21,24],"damage_taken":[{"damage":0.0,"enemies":"Jaw Worm","floor":1.0,"turns":1.0},{"damage":0.0,"enemies":"2 Louse","floor":5.0,"turns":1.0},{"damage":0.0,"enemies":"Lagavulin","floor":7.0,"turns":1.0},{"damage":5.0,"enemies":"Small Slimes","floor":11.0,"turns":3.0},{"damage":33.0,"enemies":"Gremlin Nob","floor":14.0,"turns":4.0},{"damage":3.0,"enemies":"The Guardian","floor":16.0,"turns":12.0},{"damage":0,"enemies":"Chosen","floor":18,"turns":3},{"damage":15,"enemies":"3 Byrds","floor":21,"turns":5},{"damage":24,"enemies":"Sentry and Sphere","floor":22,"turns":5},{"damage":40,"enemies":"Chosen and Byrds","floor":24,"turns":5},{"damage":18,"enemies":"Book of Stabbing","floor":25,"turns":2}],"seed_played":"4341465656126268593","potions_obtained":[{"floor":11.0,"key":"PowerPotion"},{"floor":16.0,"key":"AttackPotion"},{"floor":18,"key":"PowerPotion"},{"floor":21,"key":"BloodPotion"}],"is_trial":false,"path_per_floor":["M","?","?","$","M","R","E","R","T","?","M","R","?","E","R","B",null,"M","?","$","M","M","R","M","E"],"character_chosen":"IRONCLAD","items_purchased":["PreservedInsect"],"campfire_rested":1,"item_purchase_floors":[20],"current_hp_per_floor":[74,29,29,29,35,35,41,41,41,41,42,42,42,15,37,40,66,74,67,67,58,42,42,17,0],"gold":61,"neow_bonus":"THREE_ENEMY_KILL","is_prod":false,"is_daily":false,"chose_seed":false,"campfire_upgraded":4,"win_rate":0,"timestamp":1546117708,"path_taken":["M","?","?","$","M","R","E","R","T","?","?","R","?","E","R","BOSS","M","?","$","M","M","R","M","E"],"build_version":"2018-12-20","purchased_purges":2,"victory":false,"max_hp_per_floor":[75,75,75,75,75,75,75,75,75,75,75,75,75,75,75,75,75,77,77,77,77,79,79,81,81],"card_choices":[{"not_picked":["Warcry","Twin Strike"],"picked":"Cleave","floor":1.0},{"not_picked":["Perfected Strike","Feel No Pain"],"picked":"Body Slam","floor":5.0},{"not_picked":["Berserk","Heavy Blade"],"picked":"Disarm","floor":7.0},{"not_picked":["Headbutt","Warcry"],"picked":"Evolve","floor":11.0},{"not_picked":["Rampage","Feed"],"picked":"Reckless Charge","floor":14.0},{"not_picked":["Juggernaut","Feed"],"picked":"Bludgeon","floor":16.0},{"not_picked":["Cleave","Body Slam","Perfected Strike"],"picked":"Singing Bowl","floor":18},{"not_picked":["Armaments","Clothesline"],"picked":"Shrug It Off+1","floor":21},{"not_picked":["Iron Wave","Disarm","Cleave"],"picked":"Singing Bowl","floor":22},{"not_picked":["Shockwave+1","Armaments","True Grit"],"picked":"Singing Bowl","floor":24}],"player_experience":643554,"relics_obtained":[{"floor":7.0,"key":"Singing Bowl"},{"floor":9.0,"key":"War Paint"},{"floor":14.0,"key":"Art of War"}],"event_choices":[{"damage_healed":0.0,"max_hp_gain":0.0,"max_hp_loss":0.0,"gold_gain":0.0,"event_name":"Scrap Ooze","player_choice":"Success","floor":2.0,"gold_loss":0.0,"damage_taken":45.0,"relics_obtained":["Red Skull"]},{"cards_removed":["Strike_R"],"damage_healed":0.0,"max_hp_gain":0.0,"max_hp_loss":0.0,"gold_gain":0.0,"event_name":"Living Wall","player_choice":"Forget","floor":3.0,"gold_loss":0.0,"damage_taken":0.0},{"damage_healed":0.0,"max_hp_gain":0.0,"max_hp_loss":0.0,"gold_gain":0.0,"event_name":"Liars Game","player_choice":"Ignored","floor":10.0,"gold_loss":0.0,"damage_taken":0.0},{"damage_healed":0.0,"max_hp_gain":0.0,"max_hp_loss":0.0,"gold_gain":0.0,"event_name":"Dead Adventurer","player_choice":"Searched \u00271\u0027 times","floor":13.0,"gold_loss":0.0,"damage_taken":0.0,"relics_obtained":["Happy Flower"]},{"damage_healed":0,"gold_gain":50,"player_choice":"Touch","damage_taken":7,"max_hp_gain":0,"max_hp_loss":0,"event_name":"FaceTrader","floor":19,"gold_loss":0}],"is_beta":false,"boss_relics":[{"not_picked":["Empty Cage","Snecko Eye"],"picked":"Mark of Pain"}],"items_purged_floors":[4,20],"is_endless":false,"potions_floor_spawned":[11,16,18,21],"killed_by":"Book of Stabbing","ascension_level":18}