{"gold_per_floor":[111,30,41,41,55,55,85,105,128,128,158,172,190,190,190,287,287,299,3,15,15,15,15,43,43,43,60,60,60,160,160],"floor_reached":31,"playtime":2211,"items_purged":["Strike_R"],"score":423,"play_id":"35bc4392-ce2b-4d06-9fca-e4042c31e180","local_time":"20190813120844","is_ascension_mode":true,"campfire_choices":[{"data":"Berserk","floor":6,"key":"SMITH"},{"data":"Demon Form","floor":10,"key":"SMITH"},{"floor":15,"key":"REST"},{"floor":23,"key":"REST"},{"floor":25,"key":"REST"},{"floor":29,"key":"REST"}],"neow_cost":"NONE","seed_source_timestamp":233370611501800,"circlet_count":0,"master_deck":["Strike_R","Defend_R","Defend_R","Defend_R","Defend_R","Bash","Berserk+1","Sword Boomerang","Dropkick","Burning Pact","Flex","Demon Form+1","Bloodletting","Dropkick","Cleave","Clothesline","Limit Break+1","Sword Boomerang","Whirlwind","Ghostly Armor","Entrench","Infernal Blade","True Grit+1","Flex+1"],"relics":["Burning Blood","Juzu Bracelet","Boot","Happy Flower","Fusion Hammer","Pen Nib","Regal Pillow","Ancient Tea Set"],"potions_floor_usage":[7,8,12,13,24],"damage_taken":[{"damage":10,"enemies":"Cultist","floor":1,"turns":4},{"damage":22,"enemies":"Small Slimes","floor":3,"turns":3},{"damage":12,"enemies":"Jaw Worm","floor":5,"turns":3},{"damage":10,"enemies":"Gremlin Nob","floor":7,"turns":3},{"damage":1,"enemies":"Looter","floor":8,"turns":2},{"damage":48,"enemies":"3 Sentries","floor":11,"turns":7},{"damage":23,"enemies":"Gremlin Gang","floor":12,"turns":5},{"damage":0,"enemies":"Red Slaver","floor":13,"turns":1},{"damage":0,"enemies":"Slime Boss","floor":16,"turns":5},{"damage":30,"enemies":"Spheric Guardian","floor":18,"turns":4},{"damage":12,"enemies":"Chosen","floor":20,"turns":4},{"damage":34,"enemies":"Book of Stabbing","floor":24,"turns":4},{"damage":16,"enemies":"Centurion and Healer","floor":27,"turns":5},{"damage":81,"enemies":"Gremlin Leader","floor":31,"turns":4}],"seed_played":"7065880582125461034","potions_obtained":[{"floor":3,"key":"FearPotion"},{"floor":7,"key":"AttackPotion"},{"floor":11,"key":"Poison Potion"},{"floor":12,"key":"Fire Potion"},{"floor":18,"key":"SpeedPotion"}],"is_trial":false,"path_per_floor":["M","$","M","?","M","R","E","M","T","R","E","M","M","?","R","B",null,"M","$","M","?","?","R","E","R","T","M","?","R","?","E"],"character_chosen":"IRONCLAD","items_purchased":["Dropkick","Pen Nib","EssenceOfSteel"],"campfire_rested":4,"item_purchase_floors":[2,19,19],"current_hp_per_floor":[68,68,52,78,72,72,68,73,73,73,31,14,20,20,44,50,73,49,49,43,43,43,67,39,78,78,68,68,80,80,0],"gold":160,"neow_bonus":"ONE_RANDOM_RARE_CARD","is_prod":false,"is_daily":false,"chose_seed":false,"campfire_upgraded":2,"win_rate":0,"timestamp":1565723324,"path_taken":["M","?","M","?","M","R","E","M","T","R","E","M","M","?","R","BOSS","M","$","M","?","?","R","E","R","T","M","?","R","?","E"],"build_version":"2019-07-17","purchased_purges":1,"victory":false,"max_hp_per_floor":[80,80,80,80,80,80,80,80,80,80,80,80,80,80,80,80,80,80,80,80,80,80,80,80,80,80,80,80,80,80,80],"card_choices":[{"not_picked":["Headbutt","Evolve"],"picked":"Sword Boomerang","floor":1},{"not_picked":["Heavy Blade","Power Through"],"picked":"Burning Pact","floor":3},{"not_picked":["Flame Barrier","Clash"],"picked":"Flex","floor":5},{"not_picked":["Sword Boomerang","Reckless Charge"],"picked":"Demon Form","floor":7},{"not_picked":["Headbutt","Thunderclap"],"picked":"Bloodletting","floor":8},{"not_picked":["Pommel Strike","Heavy Blade"],"picked":"Dropkick","floor":11},{"not_picked":["Intimidate","Disarm"],"picked":"Cleave","floor":12},{"not_picked":["Flex","Clash"],"picked":"Clothesline","floor":13},{"not_picked":["Reaper","Offering"],"picked":"Limit Break","floor":16},{"not_picked":["Rupture+1","Cleave"],"picked":"Sword Boomerang","floor":18},{"not_picked":["Havoc+1","Infernal Blade+1"],"picked":"Whirlwind","floor":20},{"not_picked":["Clash+1","Headbutt"],"picked":"True Grit+1","floor":24},{"not_picked":["True Grit","Power Through+1"],"picked":"Flex+1","floor":27}],"player_experience":330482,"relics_obtained":[{"floor":7,"key":"Juzu Bracelet"},{"floor":9,"key":"Boot"},{"floor":11,"key":"Happy Flower"},{"floor":24,"key":"Regal Pillow"},{"floor":26,"key":"Ancient Tea Set"}],"event_choices":[{"damage_healed":26,"gold_gain":0,"player_choice":"Banana","damage_taken":0,"max_hp_gain":0,"max_hp_loss":0,"event_name":"Big Fish","floor":4,"gold_loss":0},{"cards_removed":["Strike_R"],"damage_healed":0,"gold_gain":0,"player_choice":"Forget","damage_taken":0,"max_hp_gain":0,"max_hp_loss":0,"event_name":"Living Wall","floor":14,"gold_loss":0},{"damage_healed":0,"gold_gain":0,"player_choice":"Read","damage_taken":0,"max_hp_gain":0,"max_hp_loss":0,"event_name":"The Library","floor":21,"gold_loss":0,"cards_obtained":["Ghostly Armor"]},{"damage_healed":0,"gold_gain":0,"cards_transformed":["Strike_R","Strike_R"],"player_choice":"Became Test Subject","damage_taken":0,"max_hp_gain":0,"max_hp_loss":0,"event_name":"Drug Dealer","floor":22,"gold_loss":0,"cards_obtained":["Entrench","Infernal Blade"]},{"damage_healed":0,"gold_gain":0,"player_choice":"Upgraded","damage_taken":0,"max_hp_gain":0,"max_hp_loss":0,"event_name":"Upgrade Shrine","floor":28,"gold_loss":0,"cards_upgraded":["Limit Break"]},{"damage_healed":0,"gold_gain":100,"player_choice":"Pray","damage_taken":0,"max_hp_gain":0,"max_hp_loss":0,"event_name":"Golden Shrine","floor":30,"gold_loss":0}],"is_beta":false,"boss_relics":[{"not_picked":["Runic Dome","Runic Cube"],"picked":"Fusion Hammer"}],"items_purged_floors":[19],"is_endless":false,"potions_floor_spawned":[3,7,11,12,18],"killed_by":"Gremlin Leader","ascension_level":7}