{"gold_per_floor":[216,166,178,198,75,103,103,103,103,119,119,139,39,57,57,177,177,197,112,145,157,194,250,262,274,286,298,34,34,50,50],"floor_reached":31,"playtime":1241,"items_purged":["Strike_B","Defend_B","Strike_B"],"score":255,"play_id":"92898a44-fe4b-4d75-bb15-1d057d00c2ca","local_time":"20190808090037","is_ascension_mode":false,"campfire_choices":[{"data":"Zap","floor":8,"key":"SMITH"},{"data":"Dualcast","floor":15,"key":"SMITH"},{"floor":24,"key":"REST"}],"neow_cost":"NONE","seed_source_timestamp":259426339816548,"circlet_count":0,"master_deck":["Defend_B","Defend_B","Zap+1","Dualcast+1","Gash","Loop","Echo Form","Gash"],"relics":["Cracked Core","Meat on the Bone","Golden Idol","Juzu Bracelet","White Beast Statue","MawBank","Emotion Chip","Ornamental Fan","Oddly Smooth Stone","Kunai"],"potions_floor_usage":[6,6,20,22,23,23,30],"damage_taken":[{"damage":6,"enemies":"Jaw Worm","floor":1,"turns":4},{"damage":3,"enemies":"2 Louse","floor":3,"turns":2},{"damage":0,"enemies":"Small Slimes","floor":4,"turns":3},{"damage":6,"enemies":"Gremlin Nob","floor":6,"turns":3},{"damage":2,"enemies":"3 Louse","floor":10,"turns":3},{"damage":0,"enemies":"Looter","floor":12,"turns":2},{"damage":0,"enemies":"Large Slime","floor":14,"turns":4},{"damage":44,"enemies":"The Guardian","floor":16,"turns":11},{"damage":23,"enemies":"Shell Parasite","floor":18,"turns":9},{"damage":0,"enemies":"Chosen","floor":20,"turns":4},{"damage":27,"enemies":"Centurion and Healer","floor":22,"turns":6},{"damage":38,"enemies":"Gremlin Leader","floor":23,"turns":7},{"damage":23,"enemies":"Snake Plant","floor":30,"turns":4},{"damage":35,"enemies":"Sentry and Sphere","floor":31,"turns":3}],"seed_played":"8116072337133095423","potions_obtained":[{"floor":1,"key":"Ancient Potion"},{"floor":4,"key":"SteroidPotion"},{"floor":16,"key":"SteroidPotion"},{"floor":18,"key":"SteroidPotion"},{"floor":20,"key":"Poison Potion"},{"floor":22,"key":"Fire Potion"},{"floor":23,"key":"EssenceOfSteel"},{"floor":30,"key":"Poison Potion"}],"is_trial":false,"path_per_floor":["M","?","M","M","$","E","?","R","T","M","?","M","$","M","R","B",null,"M","?","M","?","M","E","R","?","T","?","$","T","M","M"],"character_chosen":"DEFECT","items_purchased":["Gash","Oddly Smooth Stone"],"campfire_rested":1,"item_purchase_floors":[5,28],"current_hp_per_floor":[69,69,66,66,66,60,42,42,42,40,45,45,45,45,45,13,80,57,57,57,57,42,16,40,40,40,40,40,40,29,0],"gold":50,"neow_bonus":"HUNDRED_GOLD","is_prod":false,"is_daily":false,"chose_seed":false,"campfire_upgraded":2,"win_rate":0,"timestamp":1565280037,"path_taken":["M","?","M","M","$","E","?","R","T","M","?","M","$","M","R","BOSS","M","?","M","?","M","E","R","?","T","?","$","?","M","M"],"build_version":"2019-07-17","purchased_purges":3,"victory":false,"max_hp_per_floor":[75,75,75,75,75,75,75,75,75,75,80,80,80,80,80,80,80,80,80,80,80,80,80,80,80,80,80,80,80,80,80],"card_choices":[{"not_picked":["Auto Shields","Cold Snap","Conserve Battery"],"picked":"SKIP","floor":1},{"not_picked":["Heatsinks","Steam","Streamline"],"picked":"SKIP","floor":3},{"not_picked":["Go for the Eyes","Beam Cell","Compile Driver"],"picked":"SKIP","floor":4},{"not_picked":["Scrape","Conserve Battery","Hello World"],"picked":"SKIP","floor":6},{"not_picked":["Steam","Compile Driver","Electrodynamics"],"picked":"SKIP","floor":10},{"not_picked":["Recycle","White Noise","Glacier"],"picked":"SKIP","floor":12},{"not_picked":["Storm","Beam Cell","Conserve Battery"],"picked":"SKIP","floor":14},{"not_picked":["Steam","Doom and Gloom","FTL"],"picked":"SKIP","floor":18},{"not_picked":["Melter","Fusion+1","Cold Snap+1"],"picked":"SKIP","floor":20},{"not_picked":["Turbo+1","Skim+1","Capacitor+1"],"picked":"SKIP","floor":22},{"not_picked":["Turbo+1","Skim+1","Capacitor+1"],"picked":"SKIP","floor":22},{"not_picked":["Hologram","Capacitor","Thunder Strike"],"picked":"SKIP","floor":23},{"not_picked":["Barrage","Coolheaded","Loop"],"picked":"SKIP","floor":30}],"player_experience":531561,"relics_obtained":[{"floor":6,"key":"Meat on the Bone"},{"floor":9,"key":"Juzu Bracelet"},{"floor":23,"key":"Emotion Chip"},{"floor":26,"key":"Ornamental Fan"},{"floor":29,"key":"Kunai"}],"event_choices":[{"cards_removed":["Strike_B"],"damage_healed":0,"gold_gain":0,"player_choice":"Card Removal","damage_taken":0,"max_hp_gain":0,"max_hp_loss":0,"event_name":"The Cleric","floor":2,"gold_loss":50},{"damage_healed":0,"gold_gain":0,"player_choice":"Take Damage","damage_taken":18,"relics_obtained":["Golden Idol"],"max_hp_gain":0,"max_hp_loss":0,"event_name":"Golden Idol","floor":7,"gold_loss":0},{"damage_healed":0,"gold_gain":0,"player_choice":"Donut","damage_taken":0,"max_hp_gain":5,"max_hp_loss":0,"event_name":"Big Fish","floor":11,"gold_loss":0},{"damage_healed":0,"gold_gain":0,"player_choice":"Obtained Relic","damage_taken":0,"relics_obtained":["MawBank"],"max_hp_gain":0,"max_hp_loss":0,"event_name":"Addict","floor":19,"gold_loss":85},{"damage_healed":0,"gold_gain":0,"cards_transformed":["Strike_B","Defend_B"],"player_choice":"Became Test Subject","damage_taken":0,"max_hp_gain":0,"max_hp_loss":0,"event_name":"Drug Dealer","floor":21,"gold_loss":0,"cards_obtained":["Loop","Echo Form"]},{"damage_healed":0,"gold_gain":0,"player_choice":"Read","damage_taken":0,"max_hp_gain":0,"max_hp_loss":0,"event_name":"The Library","floor":25,"gold_loss":0,"cards_obtained":["Gash"]},{"damage_healed":0,"gold_gain":0,"player_choice":"Ignored","damage_taken":0,"max_hp_gain":0,"max_hp_loss":0,"event_name":"Vampires","floor":27,"gold_loss":0}],"is_beta":false,"boss_relics":[{"not_picked":["Lizard Tail","Cursed Key"],"picked":"White Beast Statue"}],"items_purged_floors":[5,13,28],"is_endless":false,"potions_floor_spawned":[1,4,16,18,20,22,23,30],"killed_by":"Sentry and Sphere","ascension_level":0}