{"gold_per_floor":[118,132,132,142,158,158,172,172,172,172,186,186,186,136,136,136],"floor_reached":16,"playtime":515,"items_purged":[],"score":142,"play_id":"c6c8f06f-720d-4329-a008-b2f4b9e208da","local_time":"20190108002455","is_ascension_mode":false,"campfire_choices":[{"data":"Body Slam","floor":6,"key":"SMITH"},{"data":"Searing Blow","floor":10,"key":"SMITH"},{"data":"Searing Blow+1","floor":13,"key":"SMITH"},{"data":"Searing Blow+2","floor":15,"key":"SMITH"}],"neow_cost":"NONE","seed_source_timestamp":0,"circlet_count":0,"master_deck":["Strike_R","Strike_R","Defend_R","Defend_R","Defend_R","Defend_R","Bash","Evolve","Disarm","Body Slam+1","Searing Blow+3"],"special_seed":0,"relics":["Coffee Dripper","Pen Nib","Golden Idol"],"potions_floor_usage":[],"damage_taken":[{"damage":0.0,"enemies":"Small Slimes","floor":1.0,"turns":3.0},{"damage":1.0,"enemies":"Cultist","floor":2.0,"turns":3.0},{"damage":1.0,"enemies":"2 Louse","floor":4.0,"turns":3.0},{"damage":26,"enemies":"Large Slime","floor":5,"turns":7},{"damage":2,"enemies":"3 Louse","floor":7,"turns":3},{"damage":5,"enemies":"2 Fungi Beasts","floor":11,"turns":3},{"damage":7,"enemies":"The Guardian","floor":16,"turns":7}],"seed_played":"4591434975424145125","potions_obtained":[{"floor":1.0,"key":"Energy Potion"},{"floor":4,"key":"Dexterity Potion"},{"floor":5,"key":"EssenceOfSteel"}],"is_trial":false,"path_per_floor":["M","M","?","M","M","R","M","?","T","R","M","?","R","?","R","B"],"character_chosen":"IRONCLAD","items_purchased":[],"campfire_rested":0,"item_purchase_floors":[],"current_hp_per_floor":[80,79,79,78,52,52,50,43,43,43,38,38,38,38,38,31],"gold":136,"neow_bonus":"BOSS_RELIC","is_prod":false,"is_daily":false,"chose_seed":false,"campfire_upgraded":4,"win_rate":0,"timestamp":1546925095,"path_taken":["M","M","?","?","M","R","M","?","T","R","M","?","R","?","R","BOSS"],"build_version":"2019-01-03v4","purchased_purges":0,"victory":false,"max_hp_per_floor":[80,80,80,80,80,80,80,80,80,80,80,74,74,74,74,74],"card_choices":[{"not_picked":["Rupture","Clothesline"],"picked":"Evolve","floor":1.0},{"not_picked":["Blood for Blood","Seeing Red"],"picked":"Disarm","floor":2.0},{"not_picked":["Sword Boomerang","Clothesline"],"picked":"Body Slam","floor":4},{"not_picked":["Havoc","Heavy Blade"],"picked":"Searing Blow","floor":5},{"not_picked":["Cleave","Shockwave","Bloodletting"],"picked":"SKIP","floor":7},{"not_picked":["Intimidate","Flame Barrier","Evolve"],"picked":"SKIP","floor":11}],"player_experience":686064,"relics_obtained":[{"floor":9,"key":"Pen Nib"}],"event_choices":[{"cards_removed":["Strike_R"],"damage_healed":0.0,"max_hp_gain":0.0,"max_hp_loss":0.0,"gold_gain":0.0,"event_name":"Purifier","player_choice":"Purged","floor":3.0,"gold_loss":0.0,"damage_taken":0.0},{"cards_removed":["Strike_R"],"damage_healed":0,"gold_gain":0,"player_choice":"Card Removal","damage_taken":7,"max_hp_gain":0,"max_hp_loss":0,"event_name":"Golden Wing","floor":8,"gold_loss":0},{"damage_healed":0,"gold_gain":0,"player_choice":"Lose Max HP","damage_taken":0,"relics_obtained":["Golden Idol"],"max_hp_gain":0,"max_hp_loss":6,"event_name":"Golden Idol","floor":12,"gold_loss":0},{"cards_removed":["Strike_R"],"damage_healed":0,"gold_gain":0,"player_choice":"Card Removal","damage_taken":0,"max_hp_gain":0,"max_hp_loss":0,"event_name":"The Cleric","floor":14,"gold_loss":50}],"is_beta":false,"boss_relics":[],"items_purged_floors":[],"is_endless":false,"potions_floor_spawned":[1,4,5],"killed_by":"The Guardian","ascension_level":0}