{"gold_per_floor":[113,38,113,113,13,13,47,62,89,116,131,160,160,172,172,269,269,285,285,70,70,89,89,105,136,148,160,188,210,161,190,202,317,329,352,374,142,142,157,157,169,198,198,213,213,231,231,8,8,8],"floor_reached":50,"playtime":4148,"items_purged":["Strike_B","Strike_B","Defend_B"],"score":562,"play_id":"eb310b8d-4088-40aa-a09d-dd6c6e093492","local_time":"20190730183759","is_ascension_mode":false,"campfire_choices":[{"data":"Dualcast","floor":6,"key":"SMITH"},{"floor":15,"key":"REST"},{"floor":23,"key":"RECALL"},{"data":"Zap","floor":27,"key":"SMITH"},{"data":"Redo","floor":32,"key":"SMITH"},{"data":"Fusion","floor":40,"key":"SMITH"},{"floor":45,"key":"REST"},{"data":"Steam","floor":49,"key":"SMITH"}],"neow_cost":"NONE","seed_source_timestamp":555541144249747,"circlet_count":0,"master_deck":["Defend_B","Zap+1","Dualcast+1","Redo+1","Go for the Eyes","Capacitor+1","Coolheaded","Streamline","Auto Shields","Electrodynamics+1","Electrodynamics+1","Seek+1","Heatsinks+1","Rebound+1","Fusion+1","Gash","Defragment+1","Steam+1","Hologram+1","Genetic Algorithm+1","Leap","Gash","Pain","Cold Snap","Conserve Battery+1","White Noise","Heatsinks+1"],"relics":["Cracked Core","NeowsBlessing","Frozen Egg 2","Happy Flower","Letter Opener","Bird Faced Urn","Vajra","Astrolabe","Nilry\u0027s Codex","MawBank","Regal Pillow","White Beast Statue","ClockworkSouvenir","WarpedTongs","Mercury Hourglass","PreservedInsect"],"potions_floor_usage":[10,16,24,25,25,35,39,39,41,42,42,50],"damage_taken":[{"damage":0,"enemies":"2 Louse","floor":1,"turns":1},{"damage":0,"enemies":"Gremlin Nob","floor":7,"turns":1},{"damage":0,"enemies":"Jaw Worm","floor":8,"turns":1},{"damage":16,"enemies":"Lagavulin","floor":10,"turns":5},{"damage":0,"enemies":"Small Slimes","floor":11,"turns":2},{"damage":28,"enemies":"3 Sentries","floor":12,"turns":8},{"damage":1,"enemies":"3 Louse","floor":14,"turns":3},{"damage":4,"enemies":"Slime Boss","floor":16,"turns":5},{"damage":0,"enemies":"2 Thieves","floor":18,"turns":1},{"damage":1,"enemies":"Chosen","floor":22,"turns":3},{"damage":9,"enemies":"Centurion and Healer","floor":24,"turns":3},{"damage":0,"enemies":"Book of Stabbing","floor":25,"turns":5},{"damage":5,"enemies":"Snecko","floor":28,"turns":4},{"damage":0,"enemies":"3 Cultists","floor":29,"turns":2},{"damage":0,"enemies":"Chosen and Byrds","floor":31,"turns":3},{"damage":9,"enemies":"Collector","floor":33,"turns":5},{"damage":5,"enemies":"Orb Walker","floor":35,"turns":3},{"damage":0,"enemies":"3 Shapes","floor":36,"turns":1},{"damage":6,"enemies":"Jaw Worm Horde","floor":39,"turns":3},{"damage":26,"enemies":"Sphere and 2 Shapes","floor":41,"turns":5},{"damage":48,"enemies":"Giant Head","floor":42,"turns":8},{"damage":11,"enemies":"Spire Growth","floor":44,"turns":5},{"damage":5,"enemies":"Transient","floor":46,"turns":5},{"damage":93,"enemies":"Awakened One","floor":50,"turns":9}],"seed_played":"-9126154051603385884","potions_obtained":[{"floor":8,"key":"Swift Potion"},{"floor":12,"key":"EssenceOfSteel"},{"floor":14,"key":"FocusPotion"},{"floor":18,"key":"LiquidBronze"},{"floor":21,"key":"PowerPotion"},{"floor":24,"key":"SpeedPotion"},{"floor":28,"key":"SkillPotion"},{"floor":29,"key":"LiquidBronze"},{"floor":35,"key":"Strength Potion"},{"floor":36,"key":"FocusPotion"},{"floor":39,"key":"Regen Potion"},{"floor":41,"key":"Energy Potion"},{"floor":42,"key":"GamblersBrew"},{"floor":44,"key":"Ancient Potion"},{"floor":46,"key":"Strength Potion"}],"is_trial":false,"path_per_floor":["M","$","?","?","$","R","E","M","T","E","M","E","T","M","R","B",null,"M","?","$","?","M","R","M","E","T","R","M","M","?","M","R","B",null,"M","M","$","?","M","R","M","E","T","M","R","M","?","$","R","B"],"character_chosen":"DEFECT","items_purchased":["Gash","Defragment+1","Gash","ClockworkSouvenir","FocusPotion","White Noise","Heatsinks+1"],"campfire_rested":2,"item_purchase_floors":[20,20,37,37,48,48,48],"current_hp_per_floor":[75,75,64,57,57,57,57,57,57,41,41,13,13,12,34,34,75,75,59,59,59,68,68,69,75,75,75,72,74,74,75,75,70,75,74,75,75,75,71,71,64,30,30,33,70,71,71,71,71,0],"gold":8,"neow_bonus":"THREE_ENEMY_KILL","is_prod":false,"is_daily":false,"chose_seed":false,"campfire_upgraded":5,"win_rate":0,"timestamp":1564537079,"path_taken":["M","$","?","?","?","R","E","M","T","E","M","E","?","M","R","BOSS","M","?","$","?","M","R","M","E","T","R","M","?","?","M","R","BOSS","M","?","$","?","?","R","M","E","T","M","R","M","?","$","R","BOSS"],"build_version":"2019-07-17","purchased_purges":3,"victory":false,"max_hp_per_floor":[75,75,75,75,75,75,75,75,75,75,75,75,75,75,75,75,75,75,75,75,75,75,75,75,75,75,75,75,75,75,75,75,75,75,75,75,75,75,75,75,75,75,75,75,75,75,75,75,75,75],"card_choices":[{"not_picked":["Sweeping Beam","Aggregate"],"picked":"Redo","floor":1},{"not_picked":["Redo","Genetic Algorithm"],"picked":"Go for the Eyes","floor":7},{"not_picked":["Scrape","Conserve Battery"],"picked":"Capacitor+1","floor":8},{"not_picked":["Beam Cell","Multi-Cast"],"picked":"Coolheaded","floor":10},{"not_picked":["Steam","Doom and Gloom"],"picked":"Streamline","floor":11},{"not_picked":["Darkness","Hologram"],"picked":"Auto Shields","floor":12},{"not_picked":["Compile Driver","Double Energy"],"picked":"Electrodynamics+1","floor":14},{"not_picked":["Rainbow","Thunder Strike"],"picked":"Electrodynamics+1","floor":16},{"not_picked":["Leap","Compile Driver+1"],"picked":"Fusion","floor":18},{"not_picked":["Coolheaded+1","Streamline+1"],"picked":"Steam","floor":22},{"not_picked":["Rebound","Redo","Streamline"],"picked":"SKIP","floor":24},{"not_picked":["Compile Driver","Beam Cell+1"],"picked":"Hologram+1","floor":25},{"not_picked":["Rainbow","Coolheaded","Aggregate+1"],"picked":"SKIP","floor":28},{"not_picked":["Stack","Coolheaded"],"picked":"Genetic Algorithm+1","floor":29},{"not_picked":["Tempest","Turbo","Sunder"],"picked":"SKIP","floor":31},{"not_picked":["Double Energy","Rip and Tear"],"picked":"Leap","floor":35},{"not_picked":["Hologram+1","Chaos+1"],"picked":"BootSequence+1","floor":36},{"not_picked":["Auto Shields+1","Reinforced Body"],"picked":"Cold Snap","floor":39},{"not_picked":["Redo","Streamline","Tempest"],"picked":"SKIP","floor":41},{"not_picked":["Sunder+1","Beam Cell"],"picked":"Conserve Battery+1","floor":42},{"not_picked":["Capacitor+1","Turbo","Streamline+1"],"picked":"SKIP","floor":44},{"not_picked":["Thunder Strike","Beam Cell","Coolheaded"],"picked":"SKIP","floor":46}],"player_experience":421443,"relics_obtained":[{"floor":7,"key":"Frozen Egg 2"},{"floor":9,"key":"Happy Flower"},{"floor":10,"key":"Letter Opener"},{"floor":12,"key":"Bird Faced Urn"},{"floor":13,"key":"Vajra"},{"floor":19,"key":"Nilry\u0027s Codex"},{"floor":25,"key":"MawBank"},{"floor":42,"key":"Mercury Hourglass"},{"floor":43,"key":"PreservedInsect"}],"event_choices":[{"damage_healed":0,"gold_gain":75,"player_choice":"Gather Gold","damage_taken":11,"max_hp_gain":0,"max_hp_loss":0,"event_name":"World of Goop","floor":3,"gold_loss":0},{"cards_removed":["Defend_B"],"damage_healed":0,"gold_gain":0,"player_choice":"Card Removal","damage_taken":7,"max_hp_gain":0,"max_hp_loss":0,"event_name":"Golden Wing","floor":4,"gold_loss":0},{"damage_healed":0,"gold_gain":0,"player_choice":"Obtained Book","damage_taken":16,"max_hp_gain":0,"max_hp_loss":0,"event_name":"Cursed Tome","floor":19,"gold_loss":0},{"damage_healed":0,"gold_gain":0,"player_choice":"Got Potions","damage_taken":0,"max_hp_gain":0,"max_hp_loss":0,"event_name":"Lab","floor":21,"gold_loss":0},{"damage_healed":0,"gold_gain":0,"player_choice":"Paid Gold","damage_taken":0,"relics_obtained":["Regal Pillow"],"max_hp_gain":0,"max_hp_loss":0,"event_name":"WeMeetAgain","floor":30,"gold_loss":61},{"damage_healed":0,"gold_gain":0,"player_choice":"Rummage","damage_taken":0,"relics_obtained":["WarpedTongs"],"max_hp_gain":0,"max_hp_loss":0,"event_name":"Accursed Blacksmith","floor":38,"gold_loss":0,"cards_obtained":["Pain"]},{"cards_removed":["BootSequence"],"damage_healed":0,"gold_gain":0,"player_choice":"Removed Skill","damage_taken":0,"max_hp_gain":0,"max_hp_loss":0,"event_name":"Falling","floor":47,"gold_loss":0}],"is_beta":false,"boss_relics":[{"not_picked":["Snecko Eye","Sozu"],"picked":"Astrolabe"},{"not_picked":["Empty Cage","Pandora\u0027s Box"],"picked":"White Beast Statue"}],"items_purged_floors":[2,5,20],"is_endless":false,"potions_floor_spawned":[8,12,14,18,24,28,29,35,36,39,41,42,44,46],"killed_by":"Awakened One","ascension_level":0}