{"gold_per_floor":[113,113,127,127,152,187,187,223,247,261,39,39,39,74,74,200,200,219,219,219,243,243,243],"floor_reached":23,"playtime":1177,"items_purged":["Strike_G"],"score":294,"play_id":"eb656907-27f5-4b69-90b1-db949a848818","local_time":"20190725215512","is_ascension_mode":true,"campfire_choices":[{"floor":7,"key":"REST"},{"floor":13,"key":"REST"},{"data":"Blade Dance","floor":15,"key":"SMITH"}],"neow_cost":"NONE","seed_source_timestamp":138347773078366,"circlet_count":0,"master_deck":["Defend_G","Defend_G","Defend_G","Defend_G","Defend_G","Survivor","Neutralize","Accuracy","Masterful Stab","Well Laid Plans","Caltrops","Caltrops","Dodge and Roll","Dagger Spray","Blade Dance+1","Caltrops","Blade Dance","Tools of the Trade","Flying Knee","Bite","Bite","Bite","Bite","Bite","Deadly Poison+1"],"relics":["Ring of the Snake","NeowsBlessing","Golden Idol","Bronze Scales","Omamori","Boot","Vajra","Philosopher\u0027s Stone","Meat on the Bone"],"potions_floor_usage":[6,8,8,14,23],"damage_taken":[{"damage":0,"enemies":"2 Louse","floor":1,"turns":1},{"damage":0,"enemies":"Jaw Worm","floor":3,"turns":1},{"damage":0,"enemies":"Cultist","floor":5,"turns":1},{"damage":24,"enemies":"Gremlin Nob","floor":6,"turns":5},{"damage":19,"enemies":"Lagavulin","floor":8,"turns":8},{"damage":0,"enemies":"2 Fungi Beasts","floor":10,"turns":4},{"damage":15,"enemies":"3 Sentries","floor":14,"turns":7},{"damage":33,"enemies":"The Guardian","floor":16,"turns":10},{"damage":22,"enemies":"2 Thieves","floor":18,"turns":4},{"damage":10,"enemies":"Chosen","floor":21,"turns":5},{"damage":41,"enemies":"Book of Stabbing","floor":23,"turns":4}],"seed_played":"7055647232164180493","potions_obtained":[{"floor":1,"key":"Energy Potion"},{"floor":5,"key":"Weak Potion"},{"floor":6,"key":"Poison Potion"},{"floor":16,"key":"Ancient Potion"},{"floor":21,"key":"Fire Potion"}],"is_trial":false,"path_per_floor":["M","?","M","?","M","E","R","E","T","M","$","?","R","E","R","B",null,"M","?","?","M","T","E"],"character_chosen":"THE_SILENT","items_purchased":["Blade Dance","Block Potion","Caltrops"],"campfire_rested":2,"item_purchase_floors":[11,11,11],"current_hp_per_floor":[63,63,63,63,63,39,58,39,39,39,39,36,55,42,42,11,52,32,32,26,26,26,0],"gold":243,"neow_bonus":"THREE_ENEMY_KILL","is_prod":false,"is_daily":false,"chose_seed":false,"campfire_upgraded":1,"win_rate":0,"timestamp":1564116912,"path_taken":["M","?","M","?","?","E","R","E","T","M","$","?","R","E","R","BOSS","M","?","?","?","?","E"],"build_version":"2019-07-17","purchased_purges":1,"victory":false,"max_hp_per_floor":[70,65,65,65,65,65,65,65,65,65,65,65,65,65,65,65,65,65,65,65,65,65,65],"card_choices":[{"not_picked":["Bane","Cloak And Dagger"],"picked":"Accuracy","floor":1},{"not_picked":["Poisoned Stab","PiercingWail"],"picked":"Masterful Stab","floor":3},{"not_picked":["Flying Knee","Setup"],"picked":"Caltrops","floor":5},{"not_picked":["Accuracy","Unload"],"picked":"Caltrops","floor":6},{"not_picked":["Backstab","Slice"],"picked":"Dodge and Roll","floor":8},{"not_picked":["Predator","Bane"],"picked":"Dagger Spray","floor":10},{"not_picked":["Dagger Throw","Heel Hook"],"picked":"Blade Dance","floor":14},{"not_picked":["Die Die Die","Malaise"],"picked":"Tools of the Trade","floor":16},{"not_picked":["Eviscerate","Quick Slash"],"picked":"Flying Knee","floor":18},{"not_picked":["Bane","Bouncing Flask"],"picked":"Deadly Poison+1","floor":21}],"player_experience":392970,"relics_obtained":[{"floor":6,"key":"Bronze Scales"},{"floor":8,"key":"Omamori"},{"floor":9,"key":"Boot"},{"floor":14,"key":"Vajra"},{"floor":22,"key":"Meat on the Bone"}],"event_choices":[{"damage_healed":0,"gold_gain":0,"player_choice":"Lose Max HP","damage_taken":0,"relics_obtained":["Golden Idol"],"max_hp_gain":0,"max_hp_loss":5,"event_name":"Golden Idol","floor":2,"gold_loss":0},{"damage_healed":0,"gold_gain":0,"cards_transformed":["Strike_G"],"player_choice":"Transformed","damage_taken":0,"max_hp_gain":0,"max_hp_loss":0,"event_name":"Transmorgrifier","floor":4,"gold_loss":0,"cards_obtained":["Well Laid Plans"]},{"damage_healed":0,"gold_gain":0,"player_choice":"Success","damage_taken":3,"relics_obtained":["Blood Vial"],"max_hp_gain":0,"max_hp_loss":0,"event_name":"Scrap Ooze","floor":12,"gold_loss":0},{"damage_healed":0,"gold_gain":0,"player_choice":"Became a vampire (Vial)","damage_taken":0,"max_hp_gain":0,"max_hp_loss":0,"event_name":"Vampires","floor":19,"relics_lost":["Blood Vial"],"gold_loss":0,"cards_obtained":["Bite","Bite","Bite","Bite","Bite"]},{"damage_healed":0,"gold_gain":0,"player_choice":"Damaged","damage_taken":6,"max_hp_gain":0,"max_hp_loss":0,"event_name":"Wheel of Change","floor":20,"gold_loss":0}],"is_beta":false,"boss_relics":[{"not_picked":["Runic Dome","Fusion Hammer"],"picked":"Philosopher\u0027s Stone"}],"items_purged_floors":[11],"is_endless":false,"potions_floor_spawned":[1,5,6,16,21],"killed_by":"Book of Stabbing","ascension_level":6}