{"gold_per_floor":[111,111,121,21,38,70,70,100,175,188,188,188,188],"floor_reached":13,"playtime":525,"items_purged":["Regret"],"score":116,"play_id":"cc21f33a-2231-48c8-9e70-6880927cfa28","local_time":"20190813222123","is_ascension_mode":true,"campfire_choices":[{"data":"Zap","floor":7,"key":"SMITH"},{"data":"Genetic Algorithm","floor":11,"key":"SMITH"}],"neow_cost":"NONE","seed_source_timestamp":167011536890400,"circlet_count":0,"master_deck":["Strike_B+1","Strike_B","Strike_B","Strike_B","Defend_B","Defend_B","Defend_B","Defend_B","Zap+1","Dualcast","Defragment","Go for the Eyes+1","Streamline","Go for the Eyes","Redo","Coolheaded","Genetic Algorithm+1"],"relics":["Cracked Core","Peace Pipe","DataDisk","Blood Vial","Pantograph"],"potions_floor_usage":[6,6],"damage_taken":[{"damage":1,"enemies":"2 Louse","floor":1,"turns":3},{"damage":11,"enemies":"Jaw Worm","floor":3,"turns":3},{"damage":0,"enemies":"Small Slimes","floor":5,"turns":3},{"damage":13,"enemies":"Gremlin Nob","floor":6,"turns":3},{"damage":30,"enemies":"Lagavulin","floor":8,"turns":6},{"damage":1,"enemies":"2 Fungi Beasts","floor":10,"turns":3},{"damage":11,"enemies":"Exordium Wildlife","floor":13,"turns":2}],"seed_played":"5032059451724700813","potions_obtained":[{"floor":0,"key":"Swift Potion"},{"floor":0,"key":"LiquidBronze"},{"floor":0,"key":"SmokeBomb"},{"floor":1,"key":"Poison Potion"},{"floor":3,"key":"Strength Potion"}],"is_trial":false,"path_per_floor":["M","?","M","$","M","E","R","E","T","M","R","?","M"],"character_chosen":"DEFECT","items_purchased":["Streamline"],"campfire_rested":0,"item_purchase_floors":[4],"current_hp_per_floor":[74,74,63,63,63,50,50,20,20,21,21,6,0],"gold":188,"neow_bonus":"THREE_SMALL_POTIONS","is_prod":false,"is_daily":false,"chose_seed":false,"campfire_upgraded":2,"win_rate":0,"timestamp":1565724083,"path_taken":["M","?","M","$","M","E","R","E","T","M","R","?","?"],"build_version":"2019-07-17","purchased_purges":1,"victory":false,"max_hp_per_floor":[75,75,75,75,75,75,75,75,75,75,75,75,75],"card_choices":[{"not_picked":["Rip and Tear","Coolheaded"],"picked":"Defragment","floor":1},{"not_picked":["Blizzard","Hologram"],"picked":"Go for the Eyes","floor":3},{"not_picked":["Hologram","Streamline"],"picked":"Go for the Eyes","floor":5},{"not_picked":["Melter","Reboot"],"picked":"Redo","floor":6},{"not_picked":["Stack","Meteor Strike"],"picked":"Coolheaded","floor":8},{"not_picked":["Self Repair","Sweeping Beam"],"picked":"Genetic Algorithm","floor":10}],"player_experience":199139,"relics_obtained":[{"floor":6,"key":"DataDisk"},{"floor":8,"key":"Blood Vial"},{"floor":9,"key":"Pantograph"}],"event_choices":[{"damage_healed":0,"gold_gain":0,"player_choice":"Box","damage_taken":0,"relics_obtained":["Peace Pipe"],"max_hp_gain":0,"max_hp_loss":0,"event_name":"Big Fish","floor":2,"gold_loss":0,"cards_obtained":["Regret"]},{"damage_healed":0,"gold_gain":0,"player_choice":"Entered Light","damage_taken":15,"max_hp_gain":0,"max_hp_loss":0,"event_name":"Shining Light","floor":12,"gold_loss":0,"cards_upgraded":["Strike_B","Go for the Eyes"]}],"is_beta":false,"boss_relics":[],"items_purged_floors":[4],"is_endless":false,"potions_floor_spawned":[1,3],"killed_by":"Exordium Wildlife","ascension_level":5}