{"gold_per_floor":[115,115,0,0,15,42,61,80,129,160,160,171,197,215,215,314,314,327,327,8,8,8,8,41,11],"floor_reached":25,"playtime":1651,"items_purged":["Strike_R","Strike_R"],"score":343,"play_id":"cf2020fb-d28e-41fc-9583-ce648c2e5264","local_time":"20180927174156","is_ascension_mode":true,"campfire_choices":[{"data":"Warcry","floor":11,"key":"SMITH"},{"data":"Bash","floor":15,"key":"SMITH"},{"data":"True Grit","floor":23,"key":"SMITH"}],"neow_cost":"NONE","seed_source_timestamp":1385018243133379,"circlet_count":0,"master_deck":["Strike_R","Strike_R","Defend_R","Defend_R","Defend_R","Defend_R","Bash+1","Body Slam+1","Battle Trance","Warcry+1","Spot Weakness","Fiend Fire","Heavy Blade","Limit Break","True Grit+1","Whirlwind","Disarm+1"],"relics":["Burning Blood","NeowsBlessing","Matryoshka","Bag of Marbles","Sundial","Dream Catcher","Blue Candle","Philosopher\u0027s Stone","Omamori","Potion Belt"],"potions_floor_usage":[8,10,13,16,24],"damage_taken":[{"damage":0,"enemies":"2 Louse","floor":1,"turns":1},{"damage":0,"enemies":"Small Slimes","floor":5,"turns":1},{"damage":0,"enemies":"Lagavulin","floor":6,"turns":1},{"damage":2,"enemies":"Jaw Worm","floor":7,"turns":3},{"damage":0,"enemies":"3 Louse","floor":8,"turns":2},{"damage":10,"enemies":"Gremlin Nob","floor":10,"turns":3},{"damage":11,"enemies":"Lots of Slimes","floor":12,"turns":5},{"damage":10,"enemies":"3 Sentries","floor":13,"turns":7},{"damage":0,"enemies":"Exordium Wildlife","floor":14,"turns":2},{"damage":19,"enemies":"The Guardian","floor":16,"turns":8},{"damage":5,"enemies":"Chosen","floor":18,"turns":4},{"damage":59,"enemies":"Gremlin Leader","floor":24,"turns":6},{"damage":13,"enemies":"2 Thieves","floor":25,"turns":1}],"seed_played":"-8030223266547825894","potions_obtained":[{"floor":5,"key":"SteroidPotion"},{"floor":8,"key":"SteroidPotion"},{"floor":10,"key":"EssenceOfSteel"},{"floor":12,"key":"Energy Potion"},{"floor":16,"key":"SpeedPotion"}],"is_trial":false,"path_per_floor":["M","?","$","?","M","E","M","M","T","E","R","M","E","M","R","B",null,"M","?","$","?","?","R","E"],"character_chosen":"IRONCLAD","items_purchased":["Battle Trance","Whirlwind","Omamori"],"campfire_rested":0,"item_purchase_floors":[3,20,20],"current_hp_per_floor":[78,78,78,78,80,80,80,80,80,76,76,71,67,73,73,60,75,76,76,76,76,60,60,7,0],"gold":11,"neow_bonus":"THREE_ENEMY_KILL","is_prod":false,"is_daily":false,"chose_seed":false,"campfire_upgraded":3,"win_rate":0,"timestamp":1538084516,"path_taken":["M","?","$","?","M","E","M","M","T","E","R","M","E","M","R","BOSS","M","?","$","?","?","R","E","M"],"build_version":"2018-09-20","purchased_purges":2,"victory":false,"max_hp_per_floor":[80,80,80,80,80,80,80,80,80,80,80,80,80,80,80,80,80,80,80,80,80,80,80,80,80],"card_choices":[{"not_picked":["Flex","Headbutt"],"picked":"Body Slam","floor":1},{"not_picked":["Armaments","Power Through"],"picked":"Warcry","floor":5},{"not_picked":["Thunderclap","Intimidate"],"picked":"Spot Weakness","floor":6},{"not_picked":["Wild Strike","Sentinel"],"picked":"Fiend Fire","floor":7},{"not_picked":["Reckless Charge","Perfected Strike","Combust"],"picked":"SKIP","floor":8},{"not_picked":["Clothesline","Carnage","Bloodletting"],"picked":"SKIP","floor":10},{"not_picked":["Fire Breathing","Sever Soul"],"picked":"Heavy Blade","floor":12},{"not_picked":["Searing Blow","Second Wind","Sever Soul"],"picked":"SKIP","floor":13},{"not_picked":["Havoc","Bloodletting","Headbutt"],"picked":"SKIP","floor":14},{"not_picked":["Bludgeon","Juggernaut"],"picked":"Limit Break","floor":16},{"not_picked":["Rupture+1","Heavy Blade+1"],"picked":"True Grit","floor":18},{"not_picked":["Battle Trance+1","Heavy Blade"],"picked":"Disarm+1","floor":24}],"player_experience":412433,"relics_obtained":[{"floor":6,"key":"Matryoshka"},{"floor":9,"key":"Bag of Marbles"},{"floor":9,"key":"Sundial"},{"floor":10,"key":"Dream Catcher"},{"floor":13,"key":"Blue Candle"},{"floor":24,"key":"Potion Belt"}],"event_choices":[{"event_name":"Living Wall","player_choice":"Forget","floor":2,"damage_taken":0},{"event_name":"Upgrade Shrine","player_choice":"Upgraded","floor":4,"damage_taken":0},{"event_name":"The Mausoleum","player_choice":"No","floor":19,"damage_taken":0},{"event_name":"Beggar","player_choice":"Ignored","floor":21,"damage_taken":0},{"event_name":"Cursed Tome","player_choice":"Obtained Book","floor":22,"damage_taken":0}],"is_beta":false,"boss_relics":[{"not_picked":["Orrery","Pandora\u0027s Box"],"picked":"Philosopher\u0027s Stone"}],"items_purged_floors":[3,20],"is_endless":false,"potions_floor_spawned":[5,8,10,12,16],"killed_by":"2 Thieves","ascension_level":6}