{"gold_per_floor":[363,363,288,288,305,305,325,325,350,201,201,215,225,225,225,324,324,344,219,238,238,238,265,180,30,79,79,89,89,89],"floor_reached":30,"playtime":957,"items_purged":["Strike_B","Strike_B","Aggregate","Strike_B"],"score":236,"play_id":"894bab4b-5b8b-4386-babd-6643ae04615f","local_time":"20190806010822","is_ascension_mode":false,"campfire_choices":[{"data":"Zap","floor":6,"key":"SMITH"},{"data":"Dualcast","floor":8,"key":"SMITH"},{"data":"Gash","floor":11,"key":"SMITH"},{"data":"Gash","floor":15,"key":"SMITH"},{"floor":29,"key":"REST"}],"neow_cost":"PERCENT_DAMAGE","seed_source_timestamp":58574539659915,"circlet_count":0,"master_deck":["Strike_B+1","Defend_B","Defend_B","Defend_B","Zap+1","Dualcast+1","Gash+1","Gash+1","Echo Form"],"relics":["Cracked Core","Kunai","Pen Nib","Runic Pyramid","Calipers","Anchor","Potion Belt","Whetstone"],"potions_floor_usage":[13,18,18,23,30],"damage_taken":[{"damage":1,"enemies":"Jaw Worm","floor":1,"turns":3},{"damage":0,"enemies":"Cultist","floor":5,"turns":3},{"damage":0,"enemies":"Small Slimes","floor":7,"turns":3},{"damage":4,"enemies":"Blue Slaver","floor":12,"turns":3},{"damage":0,"enemies":"2 Fungi Beasts","floor":13,"turns":2},{"damage":5,"enemies":"Slime Boss","floor":16,"turns":9},{"damage":14,"enemies":"Shell Parasite","floor":18,"turns":4},{"damage":20,"enemies":"2 Thieves","floor":20,"turns":4},{"damage":31,"enemies":"Book of Stabbing","floor":23,"turns":5},{"damage":3,"enemies":"3 Cultists","floor":28,"turns":4},{"damage":37,"enemies":"Slavers","floor":30,"turns":2}],"seed_played":"7377743121704031248","potions_obtained":[{"floor":12,"key":"EssenceOfSteel"},{"floor":13,"key":"Dexterity Potion"},{"floor":16,"key":"Energy Potion"},{"floor":23,"key":"Ancient Potion"},{"floor":28,"key":"Explosive Potion"}],"is_trial":false,"path_per_floor":["M","?","$","T","M","R","M","R","T","$","R","M","M","?","R","B",null,"M","$","M","T","?","E","?","$","T","?","M","R","E"],"character_chosen":"DEFECT","items_purchased":["Explosive Potion"],"campfire_rested":1,"item_purchase_floors":[10],"current_hp_per_floor":[53,46,46,46,46,46,46,46,46,46,46,42,42,42,42,37,75,61,61,41,41,41,10,10,10,10,10,7,29,0],"gold":89,"neow_bonus":"TWO_FIFTY_GOLD","is_prod":false,"is_daily":false,"chose_seed":false,"campfire_upgraded":4,"win_rate":0,"timestamp":1565078902,"path_taken":["M","?","?","?","M","R","M","R","T","$","R","M","?","?","R","BOSS","M","$","M","?","?","E","?","$","T","?","M","R","E"],"build_version":"2019-07-17","purchased_purges":4,"victory":false,"max_hp_per_floor":[75,75,75,75,75,75,75,75,75,75,75,75,75,75,75,75,75,75,75,75,75,75,75,75,75,75,75,75,75,75],"card_choices":[{"not_picked":["Turbo","Stack"],"picked":"Gash","floor":1},{"not_picked":["Barrage","Conserve Battery"],"picked":"Gash","floor":5},{"not_picked":["Reprogram","Skim","Barrage"],"picked":"SKIP","floor":7},{"not_picked":["Leap","Steam"],"picked":"Echo Form","floor":12},{"not_picked":["Streamline","Capacitor","Rebound"],"picked":"SKIP","floor":13},{"not_picked":["Consume","BootSequence","Go for the Eyes"],"picked":"SKIP","floor":18},{"not_picked":["Auto Shields","BootSequence+1","Lockon"],"picked":"SKIP","floor":20},{"not_picked":["Steam","Compile Driver+1","Core Surge"],"picked":"SKIP","floor":23},{"not_picked":["Beam Cell","Steam","Ball Lightning+1"],"picked":"SKIP","floor":28}],"player_experience":488119,"relics_obtained":[{"floor":4,"key":"Kunai"},{"floor":9,"key":"Pen Nib"},{"floor":21,"key":"Calipers"},{"floor":23,"key":"Anchor"},{"floor":26,"key":"Whetstone"}],"event_choices":[{"damage_healed":0,"gold_gain":0,"player_choice":"Damaged","damage_taken":7,"max_hp_gain":0,"max_hp_loss":0,"event_name":"Wheel of Change","floor":2,"gold_loss":0},{"damage_healed":0,"gold_gain":0,"cards_transformed":["Defend_B"],"player_choice":"Transformed","damage_taken":0,"max_hp_gain":0,"max_hp_loss":0,"event_name":"Transmorgrifier","floor":14,"gold_loss":0,"cards_obtained":["Aggregate"]},{"damage_healed":0,"gold_gain":0,"player_choice":"Ignored","damage_taken":0,"max_hp_gain":0,"max_hp_loss":0,"event_name":"Ghosts","floor":22,"gold_loss":0},{"damage_healed":0,"gold_gain":0,"player_choice":"Obtained Relic","damage_taken":0,"relics_obtained":["Potion Belt"],"max_hp_gain":0,"max_hp_loss":0,"event_name":"Addict","floor":24,"gold_loss":85},{"damage_healed":0,"gold_gain":0,"player_choice":"Ignored","damage_taken":0,"max_hp_gain":0,"max_hp_loss":0,"event_name":"Vampires","floor":27,"gold_loss":0}],"is_beta":false,"boss_relics":[{"not_picked":["Fusion Hammer","Inserter"],"picked":"Runic Pyramid"}],"items_purged_floors":[3,10,19,25],"is_endless":false,"potions_floor_spawned":[12,13,16,23,28],"killed_by":"Slavers","ascension_level":0}