{"gold_per_floor":[113,113,9,9,28,28,61,61,61,72,97,112,126,126,126,205,205,216,231,231],"floor_reached":20,"playtime":1307,"items_purged":[],"score":408,"play_id":"9f25c07f-10cd-4611-804f-de4f504fa08f","local_time":"20190705135522","is_ascension_mode":true,"campfire_choices":[{"data":"Neutralize","floor":6,"key":"SMITH"},{"data":"Envenom","floor":8,"key":"SMITH"},{"data":"Cloak And Dagger","floor":15,"key":"SMITH"}],"neow_cost":"NONE","seed_source_timestamp":293650797975879,"circlet_count":0,"master_deck":["AscendersBane","Strike_G","Strike_G","Strike_G","Defend_G","Defend_G","Defend_G","Defend_G","Defend_G","Survivor","Neutralize+1","Dagger Throw","Blade Dance","Footwork","Backflip","Envenom+1","Cloak And Dagger+1","Dagger Spray","Predator","Die Die Die","Deflect","PiercingWail"],"relics":["Ring of the Snake","NeowsBlessing","Blood Vial","Ninja Scroll","Regal Pillow","Eternal Feather"],"potions_floor_usage":[16,16],"damage_taken":[{"damage":0,"enemies":"Small Slimes","floor":1,"turns":1},{"damage":0,"enemies":"Cultist","floor":5,"turns":1},{"damage":0,"enemies":"Lagavulin","floor":7,"turns":2},{"damage":0,"enemies":"2 Louse","floor":10,"turns":2},{"damage":31,"enemies":"3 Sentries","floor":11,"turns":11},{"damage":5,"enemies":"2 Fungi Beasts","floor":12,"turns":3},{"damage":0,"enemies":"Lots of Slimes","floor":13,"turns":2},{"damage":23,"enemies":"Slime Boss","floor":16,"turns":9},{"damage":50,"enemies":"Spheric Guardian","floor":18,"turns":11},{"damage":3,"enemies":"3 Byrds","floor":19,"turns":6},{"damage":8,"enemies":"Snecko","floor":20,"turns":4}],"seed_played":"4382930190692903433","potions_obtained":[{"floor":1,"key":"Fire Potion"},{"floor":5,"key":"Ancient Potion"},{"floor":7,"key":"Fire Potion"}],"is_trial":false,"path_per_floor":["M","?","$","?","M","R","E","R","T","M","E","M","M","?","R","B",null,"M","M","M"],"character_chosen":"THE_SILENT","items_purchased":["Blade Dance","Footwork"],"campfire_rested":0,"item_purchase_floors":[3,3],"current_hp_per_floor":[59,59,59,52,52,52,52,52,52,54,25,22,24,24,24,3,50,2,1,0],"gold":231,"neow_bonus":"THREE_ENEMY_KILL","is_prod":false,"is_daily":false,"chose_seed":false,"campfire_upgraded":3,"win_rate":0,"timestamp":1562349322,"path_taken":["M","?","?","?","M","R","E","R","T","M","E","M","M","?","R","BOSS","M","?","M"],"build_version":"2019-07-01","purchased_purges":0,"victory":false,"max_hp_per_floor":[66,66,66,66,66,66,66,66,66,66,66,66,66,66,66,66,66,66,66,66],"card_choices":[{"not_picked":["Reflex","Deadly Poison"],"picked":"Dagger Throw","floor":1},{"not_picked":["Prepared","Outmaneuver"],"picked":"Backflip","floor":5},{"not_picked":["Adrenaline","Cloak And Dagger"],"picked":"Envenom","floor":7},{"not_picked":["Leg Sweep","Flechettes"],"picked":"Cloak And Dagger","floor":10},{"not_picked":["Concentrate","Dodge and Roll","Deflect"],"picked":"SKIP","floor":11},{"not_picked":["Acrobatics","Slice"],"picked":"Dagger Spray","floor":12},{"not_picked":["Blade Dance","Underhanded Strike","Acrobatics"],"picked":"SKIP","floor":13},{"not_picked":["Phantasmal Killer","Unload"],"picked":"Die Die Die","floor":16},{"not_picked":["Flying Knee","Dagger Spray"],"picked":"Deflect","floor":18},{"not_picked":["Slice","Escape Plan"],"picked":"PiercingWail","floor":19}],"player_experience":856679,"relics_obtained":[{"floor":7,"key":"Blood Vial"},{"floor":9,"key":"Ninja Scroll"},{"floor":11,"key":"Regal Pillow"}],"event_choices":[{"damage_healed":0,"gold_gain":0,"player_choice":"0 cards matched","damage_taken":0,"max_hp_gain":0,"max_hp_loss":0,"event_name":"Match and Keep!","floor":2,"gold_loss":0,"cards_obtained":[]},{"cards_removed":["Strike_G"],"damage_healed":0,"gold_gain":0,"player_choice":"Card Removal","damage_taken":7,"max_hp_gain":0,"max_hp_loss":0,"event_name":"Golden Wing","floor":4,"gold_loss":0},{"damage_healed":0,"gold_gain":0,"cards_transformed":["Strike_G"],"player_choice":"Transformed","damage_taken":0,"max_hp_gain":0,"max_hp_loss":0,"event_name":"Transmorgrifier","floor":14,"gold_loss":0,"cards_obtained":["Predator"]}],"is_beta":false,"boss_relics":[{"not_picked":["Runic Pyramid","Snecko Eye"],"picked":"Eternal Feather"}],"items_purged_floors":[],"is_endless":false,"potions_floor_spawned":[1,5,7],"killed_by":"Snecko","ascension_level":19}