{"path_per_floor":["M","$","?","M","M","R","$","?","T","M","R","E","T","E","R","B",null,"M","M","?","M","M","E","R","$","T","R","E","R","$","$","R","B",null,"M","?","?","M","M","R","?","E","T","R","M","R","T","$","R","B"],"character_chosen":"IRONCLAD","items_purchased":["Tiny Chest","Shrug It Off","Whirlwind"],"gold_per_floor":[216,26,26,38,51,51,51,51,51,66,66,94,94,124,124,227,227,241,258,258,275,295,328,328,202,202,202,232,232,232,26,26,131,131,146,146,0,13,28,28,28,60,84,84,100,100,100,100,100,100],"floor_reached":51,"campfire_rested":1,"playtime":13129,"current_hp_per_floor":[80,80,68,73,79,79,79,79,79,80,80,59,59,55,55,46,80,73,66,66,53,49,48,48,48,48,48,25,25,25,25,49,51,80,80,80,80,80,80,80,80,80,80,80,80,80,80,80,80,80],"items_purged":["Strike_R","Strike_R","Strike_R"],"gold":100,"play_id":"72639e1d-39cf-46ca-8827-61a13446e302","is_prod":false,"is_daily":false,"is_ascension_mode":false,"campfire_upgraded":5,"path_taken":["M","$","?","M","M","R","$","?","T","M","R","E","?","E","R","BOSS","M","M","?","?","M","E","R","$","T","R","E","R","?","$","R","BOSS","M","?","?","?","M","R","?","E","T","R","M","R","?","$","R","BOSS"],"build_version":"2018-02-01-PROD3","purchased_purges":3,"victory":true,"master_deck":["Strike_R+1","Defend_R+1","Defend_R","Defend_R","Defend_R","Bash+1","Pommel Strike","Demon Form+1","Armaments+1","Offering","Twin Strike+1","Warcry+1","Metallicize+1","Exhume","Shrug It Off+1","True Grit+1","Whirlwind","Barricade","Regret","Battle Trance+1"],"max_hp_per_floor":[80,80,80,80,80,80,80,80,80,80,80,80,80,80,80,80,80,80,80,80,80,80,80,80,80,80,80,80,80,80,80,80,80,80,80,80,80,80,80,80,80,80,80,80,80,80,80,80,80,80],"relics":["Burning Blood","Tiny Chest","Gambling Chip","Du-Vu Doll","Orichalcum","Shovel","Vajra","Question Card","Self Forming Clay","Thread and Needle","Bird Faced Urn","Centennial Puzzle","Cursed Key","Red Mask","Oddly Smooth Stone","Anchor","Whetstone","Omamori","Kunai","Meat on the Bone"],"card_choices":[{"not_picked":["Havoc","Sword Boomerang"],"picked":"Pommel Strike"},{"not_picked":["Armaments","Hemokinesis"],"picked":"Demon Form"},{"not_picked":["Dual Wield","Flex"],"picked":"Armaments"},{"not_picked":["Dark Embrace","Limit Break"],"picked":"Offering"},{"not_picked":["Thunderclap","Dual Wield","Cleave"],"picked":"Twin Strike"},{"not_picked":["Searing Blow","Anger","Clash"],"picked":"Warcry"},{"not_picked":["Warcry","Flex","Sword Boomerang"],"picked":"Metallicize"},{"not_picked":["Clothesline","Combust","Demon Form"],"picked":"Exhume"},{"not_picked":["Clothesline","Headbutt","Flex"],"picked":"True Grit"},{"not_picked":["Dark Embrace","Bludgeon","Brutality"],"picked":"Barricade"},{"not_picked":["Thunderclap","Seeing Red","True Grit"],"picked":"Battle Trance"}],"player_experience":189659,"potions_floor_usage":[10,21,22,23,23,50,50],"damage_taken":[{"damage":0,"enemies":"Small Slimes","floor":1,"turns":3},{"damage":1,"enemies":"Jaw Worm","floor":4,"turns":4},{"damage":0,"enemies":"2 Louse","floor":5,"turns":3},{"damage":0,"enemies":"Large Slime","floor":10,"turns":4},{"damage":27,"enemies":"Gremlin Nob","floor":12,"turns":4},{"damage":10,"enemies":"3 Sentries","floor":14,"turns":7},{"damage":15,"enemies":"The Guardian","floor":16,"turns":10},{"damage":13,"enemies":"3 Byrds","floor":18,"turns":9},{"damage":13,"enemies":"Spheric Guardian","floor":19,"turns":5},{"damage":19,"enemies":"Snake Plant","floor":21,"turns":6},{"damage":10,"enemies":"Snecko","floor":22,"turns":4},{"damage":7,"enemies":"Gremlin Leader","floor":23,"turns":5},{"damage":33,"enemies":"Slavers","floor":28,"turns":7},{"damage":8,"enemies":"Champ","floor":33,"turns":9},{"damage":8,"enemies":"3 Shapes","floor":35,"turns":32},{"damage":8,"enemies":"Orb Walker","floor":38,"turns":4},{"damage":8,"enemies":"4 Shapes","floor":39,"turns":6},{"damage":8,"enemies":"Giant Head","floor":42,"turns":7},{"damage":8,"enemies":"3 Darklings","floor":45,"turns":3},{"damage":8,"enemies":"Awakened One","floor":50,"turns":11}],"event_choices":[{"event_name":"Scrap Ooze","player_choice":"success","floor":3,"damage_taken":12},{"event_name":"Liars Game","player_choice":"disagreed","floor":8,"damage_taken":0},{"event_name":"Vampires","player_choice":"Ignored","floor":20,"damage_taken":0},{"event_name":"The Lab","player_choice":"Got Potions","floor":36,"damage_taken":0},{"event_name":"Tomb of Lord Red Mask","player_choice":"Paid","floor":37,"damage_taken":0},{"event_name":"Wheel of Change","player_choice":"Card Removal","floor":41,"damage_taken":0}],"boss_relics":[{"not_picked":["Snecko Eye","Tiny House"],"picked":"Question Card"},{"not_picked":["Runic Cube","Eternal Feather"],"picked":"Cursed Key"}],"potions_floor_spawned":[4,5,10,21,22,33,38,45],"seed_played":"-3097554420094059657","ascension_level":0,"is_trial":false}