{"gold_per_floor":[112,112,112,132,132,161,161,192,192,205,217,246,246,272,272,371,371,390,390,390,406,406,406,431,431,431,431,464,231,191,1,1,102,102,113,113,126,126,137,137,57,69,96,96,115,143,155,0,0,0],"floor_reached":51,"playtime":3619,"items_purged":["Bash","Strike_R+1"],"score":1142,"play_id":"3a196161-caf1-45d6-934f-5e75629762c8","local_time":"20181003021725","is_ascension_mode":true,"campfire_choices":[{"data":"Rampage","floor":7,"key":"SMITH"},{"data":"True Grit","floor":13,"key":"SMITH"},{"floor":15,"key":"REST"},{"data":"Body Slam","floor":23,"key":"SMITH"},{"data":"Demon Form","floor":25,"key":"SMITH"},{"data":"Inflame","floor":27,"key":"SMITH"},{"data":"Disarm","floor":32,"key":"SMITH"},{"floor":40,"key":"REST"},{"floor":44,"key":"REST"},{"floor":49,"key":"REST"}],"neow_cost":"NONE","seed_source_timestamp":1845956935705082,"circlet_count":0,"master_deck":["Strike_R+1","Strike_R+1","Defend_R+1","Defend_R+1","Defend_R+1","Defend_R+1","AscendersBane","Rage+1","Inflame+1","Rampage+1","Shrug It Off","Shrug It Off+1","Headbutt","True Grit+1","Body Slam+1","Demon Form+1","Battle Trance","Offering","Disarm+1","Reaper","Entrench+1","Master of Strategy","Panache"],"relics":["Burning Blood","Mercury Hourglass","Question Card","The Courier","Self Forming Clay","Meat on the Bone","Busted Crown","Oddly Smooth Stone","Gremlin Horn","Darkstone Periapt","Pantograph","Fusion Hammer","Art of War","Red Skull","Red Mask"],"potions_floor_usage":[6,12,16,24,24,39,46],"damage_taken":[{"damage":0,"enemies":"2 Louse","floor":1,"turns":4},{"damage":4,"enemies":"Small Slimes","floor":4,"turns":4},{"damage":31,"enemies":"Lagavulin","floor":6,"turns":7},{"damage":26,"enemies":"3 Sentries","floor":8,"turns":7},{"damage":0,"enemies":"Cultist","floor":10,"turns":4},{"damage":0,"enemies":"2 Fungi Beasts","floor":11,"turns":2},{"damage":12,"enemies":"Gremlin Nob","floor":12,"turns":4},{"damage":23,"enemies":"3 Sentries","floor":14,"turns":8},{"damage":19,"enemies":"Slime Boss","floor":16,"turns":9},{"damage":14,"enemies":"Shell Parasite","floor":18,"turns":5},{"damage":6,"enemies":"Spheric Guardian","floor":21,"turns":4},{"damage":15,"enemies":"Book of Stabbing","floor":24,"turns":5},{"damage":19,"enemies":"Slavers","floor":28,"turns":5},{"damage":19,"enemies":"Champ","floor":33,"turns":10},{"damage":6,"enemies":"3 Darklings","floor":35,"turns":5},{"damage":6,"enemies":"Orb Walker","floor":37,"turns":3},{"damage":8,"enemies":"Sphere and 2 Shapes","floor":39,"turns":6},{"damage":6,"enemies":"Maw","floor":42,"turns":6},{"damage":19,"enemies":"4 Shapes","floor":45,"turns":5},{"damage":6,"enemies":"2 Orb Walkers","floor":46,"turns":4},{"damage":6,"enemies":"Transient","floor":47,"turns":5},{"damage":34,"enemies":"Donu and Deca","floor":50,"turns":9}],"seed_played":"4189740521265911916","potions_obtained":[{"floor":4,"key":"SkillPotion"},{"floor":11,"key":"Block Potion"},{"floor":14,"key":"SteroidPotion"},{"floor":16,"key":"Fire Potion"},{"floor":18,"key":"LiquidBronze"},{"floor":37,"key":"Regen Potion"},{"floor":39,"key":"Weak Potion"}],"is_trial":false,"path_per_floor":["M","?","?","M","?","E","R","E","T","M","M","E","R","E","R","B",null,"M","?","?","M","?","R","E","R","T","R","E","$","?","$","R","B",null,"M","?","M","?","M","R","$","M","T","R","M","E","M","?","R","B"],"character_chosen":"IRONCLAD","items_purchased":["Offering","Disarm","Pantograph"],"campfire_rested":4,"item_purchase_floors":[29,29,31],"current_hp_per_floor":[78,62,80,80,80,55,55,35,35,41,47,41,41,24,48,47,72,64,64,64,64,64,64,55,55,55,55,54,54,54,54,54,66,77,77,77,80,70,77,80,80,80,80,80,75,75,80,80,80,52],"gold":0,"neow_bonus":"TRANSFORM_CARD","is_prod":false,"is_daily":false,"chose_seed":false,"campfire_upgraded":6,"win_rate":0,"timestamp":1538547445,"path_taken":["M","?","?","?","?","E","R","E","T","M","M","E","R","E","R","BOSS","M","?","?","M","?","R","E","R","T","R","E","?","?","$","R","BOSS","M","?","?","?","M","R","$","M","T","R","M","E","M","?","R","BOSS"],"build_version":"2018-09-27","purchased_purges":2,"victory":true,"max_hp_per_floor":[80,80,80,80,80,80,80,80,80,80,80,80,80,80,80,80,80,80,80,80,80,80,80,80,80,80,80,80,80,80,80,80,80,80,80,80,80,80,80,80,80,80,80,80,80,80,80,80,80,80],"card_choices":[{"not_picked":["Anger","Wild Strike"],"picked":"Inflame","floor":1},{"not_picked":["Inflame","Entrench","Fire Breathing"],"picked":"SKIP","floor":4},{"not_picked":["Immolate","Fire Breathing"],"picked":"Rampage","floor":6},{"not_picked":["Iron Wave","Rage"],"picked":"Shrug It Off","floor":8},{"not_picked":["Rupture","Perfected Strike","Armaments"],"picked":"Shrug It Off","floor":10},{"not_picked":["Pummel","Metallicize","Rupture"],"picked":"Headbutt","floor":11},{"not_picked":["Flex","Armaments","Intimidate"],"picked":"True Grit","floor":12},{"not_picked":["Fire Breathing","Metallicize","Seeing Red"],"picked":"Body Slam","floor":14},{"not_picked":["Offering","Dark Embrace","Brutality"],"picked":"Demon Form","floor":16},{"not_picked":["Iron Wave","Headbutt"],"picked":"SKIP","floor":18},{"not_picked":["Power Through","Sword Boomerang"],"picked":"SKIP","floor":21},{"not_picked":["Inflame+1","Sever Soul+1"],"picked":"SKIP","floor":24},{"not_picked":["True Grit","Demon Form"],"picked":"SKIP","floor":28},{"not_picked":["Brutality"],"picked":"Reaper","floor":33},{"not_picked":["Warcry","Pommel Strike"],"picked":"SKIP","floor":35},{"not_picked":["Flex"],"picked":"Entrench+1","floor":37},{"not_picked":["Magnetism"],"picked":"Master of Strategy","floor":38},{"not_picked":["Bandage Up"],"picked":"Panache","floor":38},{"not_picked":["Spot Weakness","Thunderclap"],"picked":"SKIP","floor":39},{"not_picked":["Searing Blow+1","Pommel Strike+1"],"picked":"SKIP","floor":42},{"not_picked":["Headbutt","Iron Wave"],"picked":"SKIP","floor":45},{"not_picked":["Limit Break","Blood for Blood"],"picked":"SKIP","floor":46},{"not_picked":["Twin Strike+1","Armaments"],"picked":"SKIP","floor":47}],"player_experience":440681,"relics_obtained":[{"floor":6,"key":"Mercury Hourglass"},{"floor":8,"key":"Question Card"},{"floor":9,"key":"The Courier"},{"floor":12,"key":"Self Forming Clay"},{"floor":14,"key":"Meat on the Bone"},{"floor":24,"key":"Oddly Smooth Stone"},{"floor":26,"key":"Gremlin Horn"},{"floor":28,"key":"Darkstone Periapt"},{"floor":43,"key":"Art of War"},{"floor":46,"key":"Red Skull"}],"event_choices":[{"event_name":"Shining Light","player_choice":"Entered Light","floor":2,"damage_taken":0},{"event_name":"Big Fish","player_choice":"Banana","floor":3,"damage_taken":0},{"event_name":"Liars Game","player_choice":"disagreed","floor":5,"damage_taken":0},{"event_name":"Cursed Tome","player_choice":"Ignored","floor":19,"damage_taken":0},{"event_name":"The Library","player_choice":"Read","floor":20,"damage_taken":0},{"event_name":"Back to Basics","player_choice":"Simplicity","floor":22,"damage_taken":0},{"event_name":"Designer","player_choice":"Upgrade 2 Random Cards","floor":30,"damage_taken":0},{"event_name":"Falling","player_choice":"Removed Attack","floor":36,"damage_taken":0},{"event_name":"SensoryStone","player_choice":"Memory 3","floor":38,"damage_taken":0},{"event_name":"Tomb of Lord Red Mask","player_choice":"Paid","floor":48,"damage_taken":0}],"is_beta":false,"boss_relics":[{"not_picked":["Ectoplasm","Empty Cage"],"picked":"Busted Crown"},{"not_picked":["Black Star","Orrery"],"picked":"Fusion Hammer"}],"items_purged_floors":[29,41],"is_endless":false,"potions_floor_spawned":[4,11,14,16,18,37,39],"ascension_level":12}