{"gold_per_floor":[13,13,24,24,24,52,52,83,83,95,95,124,138,152,152,223,223,237,251,251,0,0],"floor_reached":22,"playtime":1274,"items_purged":[],"score":362,"play_id":"9f07c8bd-c230-4300-97a5-3cd6819b673b","local_time":"20181003233144","is_ascension_mode":true,"campfire_choices":[{"data":"Armaments","floor":7.0,"key":"SMITH"},{"data":"Body Slam","floor":11.0,"key":"SMITH"},{"floor":15.0,"key":"REST"}],"neow_cost":"NO_GOLD","seed_source_timestamp":0,"circlet_count":0,"master_deck":["Defend_R","Defend_R","Defend_R","Defend_R","Bash","AscendersBane","Body Slam+1","Armaments+1","Pommel Strike","Rampage","True Grit","Shrug It Off","Spot Weakness","Limit Break","Bite","Bite","Bite","Bite","Bite"],"special_seed":0,"relics":["Burning Blood","Dodecahedron","Centennial Puzzle","Ornamental Fan","Art of War","Lantern","Runic Dome"],"potions_floor_usage":[],"damage_taken":[{"damage":14.0,"enemies":"Small Slimes","floor":1.0,"turns":6.0},{"damage":0.0,"enemies":"Cultist","floor":3.0,"turns":4.0},{"damage":14.0,"enemies":"Lagavulin","floor":6.0,"turns":8.0},{"damage":28.0,"enemies":"Gremlin Nob","floor":8.0,"turns":4.0},{"damage":0.0,"enemies":"2 Louse","floor":10.0,"turns":3.0},{"damage":5.0,"enemies":"Lagavulin","floor":12.0,"turns":5.0},{"damage":11.0,"enemies":"Large Slime","floor":13.0,"turns":6.0},{"damage":5.0,"enemies":"3 Louse","floor":14.0,"turns":4.0},{"damage":38.0,"enemies":"Hexaghost","floor":16.0,"turns":9.0},{"damage":14.0,"enemies":"Chosen","floor":18.0,"turns":5.0},{"damage":45.0,"enemies":"3 Byrds","floor":19.0,"turns":6.0},{"damage":27,"enemies":"Snecko","floor":22,"turns":3}],"seed_played":"2441580733757088773","potions_obtained":[{"floor":3.0,"key":"AttackPotion"},{"floor":6.0,"key":"Weak Potion"},{"floor":10.0,"key":"Dexterity Potion"},{"floor":13.0,"key":"FearPotion"},{"floor":18.0,"key":"FearPotion"}],"is_trial":false,"path_per_floor":["M","?","M","?","?","E","R","E","T","M","R","E","M","M","R","B",null,"M","M","?","?"],"character_chosen":"IRONCLAD","items_purchased":[],"campfire_rested":1,"item_purchase_floors":[],"current_hp_per_floor":[64,57,63,63,63,55,55,33,33,39,39,40,35,36,60,28,67,59,20,20,20,0],"gold":0,"neow_bonus":"REMOVE_TWO","is_prod":false,"is_daily":false,"chose_seed":false,"campfire_upgraded":2,"win_rate":0,"timestamp":1538623904,"path_taken":["M","?","?","?","?","E","R","E","T","M","R","E","M","M","R","BOSS","M","M","?","?","?"],"build_version":"2018-09-27","purchased_purges":0,"victory":false,"max_hp_per_floor":[80,80,80,80,80,80,80,80,80,80,80,80,80,80,80,80,80,80,80,56,56,56],"card_choices":[{"not_picked":["Rage","Dual Wield"],"picked":"Body Slam","floor":1.0},{"not_picked":["Thunderclap","Uppercut"],"picked":"Armaments","floor":3.0},{"not_picked":["Intimidate","Combust"],"picked":"Rampage","floor":6.0},{"not_picked":["Entrench","Warcry","Immolate"],"picked":"SKIP","floor":8.0},{"not_picked":["Perfected Strike","Second Wind","Clash"],"picked":"SKIP","floor":10.0},{"not_picked":["Heavy Blade","Body Slam"],"picked":"True Grit","floor":12.0},{"not_picked":["Iron Wave","Flex"],"picked":"Shrug It Off","floor":13.0},{"not_picked":["Wild Strike","Sentinel"],"picked":"Spot Weakness","floor":14.0},{"not_picked":["Bludgeon","Offering"],"picked":"Limit Break","floor":16.0},{"not_picked":["Pummel","Cleave","Flex+1"],"picked":"SKIP","floor":18.0},{"not_picked":["Clothesline","Blood for Blood","Iron Wave"],"picked":"SKIP","floor":19.0}],"player_experience":445158,"relics_obtained":[{"floor":6.0,"key":"Centennial Puzzle"},{"floor":8.0,"key":"Ornamental Fan"},{"floor":9.0,"key":"Art of War"},{"floor":12.0,"key":"Lantern"}],"event_choices":[{"event_name":"Scrap Ooze","player_choice":"success","floor":2.0,"damage_taken":7.0},{"event_name":"Transmorgrifier","player_choice":"Transform","floor":4.0,"damage_taken":0.0},{"event_name":"The Cleric","player_choice":"Leave","floor":5.0,"damage_taken":0.0},{"event_name":"Vampires","player_choice":"Became a vampire","floor":20.0,"damage_taken":0.0},{"event_name":"Masked Bandits","player_choice":"Paid Fearfully","floor":21.0,"damage_taken":0.0}],"is_beta":false,"boss_relics":[{"not_picked":["Lizard Tail","Astrolabe"],"picked":"Runic Dome"}],"items_purged_floors":[],"is_endless":false,"potions_floor_spawned":[3,6,10,13,18],"killed_by":"Snecko","ascension_level":13}