{"gold_per_floor":[114,114,189,202,221,221,253,253,325,359,375,27,27,40,40,139,139,154,154,104,115,134,162,187,187,235,235,335,367,24,24,24,124,124,137,137,87,0,100,100,132,132,132,162,162,176,208,218,218,218,218,218,32,62,62],"floor_reached":56,"playtime":5948,"items_purged":["Strike_G","Glass Knife","Phantasmal Killer","Neutralize"],"score":1422,"play_id":"e480a453-ab4b-4024-aa17-5347f801be39","local_time":"20190630233508","is_ascension_mode":true,"campfire_choices":[{"data":"Footwork","floor":6,"key":"SMITH"},{"floor":13,"key":"REST"},{"data":"Crippling Poison","floor":15,"key":"SMITH"},{"floor":25,"key":"REST"},{"floor":27,"key":"DIG"},{"floor":32,"key":"REST"},{"floor":40,"key":"RECALL"},{"floor":42,"key":"REST"},{"floor":49,"key":"REST"},{"floor":52,"key":"DIG"}],"neow_cost":"NONE","seed_source_timestamp":397061719863412,"circlet_count":0,"master_deck":["Survivor","Footwork+1","Terror","Acrobatics","Skewer","Crippling Poison+1","Poisoned Stab","Dagger Throw","After Image","Choke","Footwork","Backflip","Quick Slash","Corpse Explosion+1","Catalyst+1","All Out Attack+1","Catalyst+1","Noxious Fumes","Poisoned Stab+1","RitualDagger","Malaise","Blind","Finesse","Deadly Poison+1","Concentrate+1","Catalyst+1","Apotheosis"],"relics":["Velvet Choker","Regal Pillow","WingedGreaves","Meat on the Bone","Mummified Hand","Smiling Mask","StoneCalendar","Pandora\u0027s Box","War Paint","Shovel","Bag of Marbles","Tingsha","Sundial","MawBank","Pen Nib","Centennial Puzzle","Fusion Hammer","Red Mask","Bird Faced Urn","Peace Pipe","Bottled Lightning","Molten Egg 2","Unceasing Top","Dodecahedron","Oddly Smooth Stone"],"potions_floor_usage":[11,16,21,28,29,46,55,55],"damage_taken":[{"damage":2,"enemies":"Jaw Worm","floor":1,"turns":5},{"damage":0,"enemies":"Cultist","floor":4,"turns":4},{"damage":0,"enemies":"2 Louse","floor":5,"turns":3},{"damage":25,"enemies":"Gremlin Nob","floor":7,"turns":5},{"damage":20,"enemies":"3 Sentries","floor":10,"turns":9},{"damage":4,"enemies":"Lots of Slimes","floor":11,"turns":4},{"damage":0,"enemies":"2 Fungi Beasts","floor":14,"turns":3},{"damage":8,"enemies":"Hexaghost","floor":16,"turns":10},{"damage":2,"enemies":"Chosen","floor":18,"turns":3},{"damage":1,"enemies":"Shell Parasite","floor":21,"turns":4},{"damage":10,"enemies":"Centurion and Healer","floor":22,"turns":3},{"damage":11,"enemies":"Book of Stabbing","floor":23,"turns":3},{"damage":5,"enemies":"Gremlin Leader","floor":24,"turns":4},{"damage":14,"enemies":"Colosseum Slavers","floor":28,"turns":3},{"damage":12,"enemies":"Colosseum Nobs","floor":28,"turns":3},{"damage":22,"enemies":"Slavers","floor":29,"turns":4},{"damage":27,"enemies":"Collector","floor":33,"turns":5},{"damage":13,"enemies":"3 Darklings","floor":35,"turns":4},{"damage":1,"enemies":"Mind Bloom Boss Battle","floor":39,"turns":4},{"damage":19,"enemies":"Giant Head","floor":41,"turns":7},{"damage":20,"enemies":"Reptomancer","floor":44,"turns":4},{"damage":0,"enemies":"Orb Walker","floor":46,"turns":2},{"damage":22,"enemies":"Nemesis","floor":47,"turns":5},{"damage":24,"enemies":"Jaw Worm Horde","floor":48,"turns":2},{"damage":12,"enemies":"Time Eater","floor":50,"turns":3},{"damage":1,"enemies":"Shield and Spear","floor":54,"turns":2},{"damage":79,"enemies":"The Heart","floor":55,"turns":7}],"seed_played":"-510671476059167064","potions_obtained":[{"floor":5,"key":"FairyPotion"},{"floor":10,"key":"Energy Potion"},{"floor":11,"key":"Block Potion"},{"floor":18,"key":"SkillPotion"},{"floor":22,"key":"Ancient Potion"},{"floor":23,"key":"GamblersBrew"},{"floor":28,"key":"Ancient Potion"},{"floor":35,"key":"SteroidPotion"},{"floor":39,"key":"Block Potion"},{"floor":46,"key":"FearPotion"},{"floor":48,"key":"Dexterity Potion"}],"is_trial":false,"path_per_floor":["M","?","?","M","M","R","E","T","T","E","M","$","R","M","R","B",null,"M","?","$","M","M","E","E","R","T","R","?","E","$","?","R","B",null,"M","?","$","?","?","R","E","R","T","E","?","M","E","M","R","B",null,"R","$","E","B",null],"character_chosen":"THE_SILENT","items_purchased":["StoneCalendar","Pen Nib","Centennial Puzzle","Apotheosis"],"campfire_rested":5,"item_purchase_floors":[12,30,30,53],"current_hp_per_floor":[68,61,54,54,54,54,29,29,29,21,29,29,65,65,65,57,70,68,68,68,67,57,46,41,70,70,70,44,34,34,28,64,37,70,57,52,52,52,51,51,40,70,70,50,50,52,38,28,64,54,70,70,70,69,16],"gold":62,"neow_bonus":"BOSS_RELIC","is_prod":false,"is_daily":false,"chose_seed":false,"campfire_upgraded":2,"win_rate":0,"timestamp":1561962908,"path_taken":["M","?","?","?","M","R","E","?","T","E","?","$","R","M","R","BOSS","M","?","$","?","M","E","E","R","T","R","?","E","$","?","R","BOSS","M","?","$","?","?","R","E","R","T","E","?","?","E","M","R","BOSS","R","$","E","BOSS"],"build_version":"2019-01-23","purchased_purges":4,"victory":true,"max_hp_per_floor":[70,70,70,70,70,70,70,70,70,70,70,70,70,70,70,70,70,70,70,70,70,70,70,70,70,70,70,70,70,70,70,70,70,70,70,70,70,70,70,70,70,70,70,70,70,70,70,70,70,70,70,70,70,70,70],"card_choices":[{"not_picked":["Poisoned Stab","Quick Slash"],"picked":"Footwork","floor":1},{"not_picked":["Outmaneuver","Dodge and Roll"],"picked":"Terror","floor":4},{"not_picked":["Dagger Spray","Underhanded Strike"],"picked":"Acrobatics","floor":5},{"not_picked":["Choke","Night Terror"],"picked":"Skewer","floor":7},{"not_picked":["Dagger Spray","Slice"],"picked":"Crippling Poison","floor":10},{"not_picked":["Finisher","Slice"],"picked":"Poisoned Stab","floor":11},{"not_picked":["Deflect","Heel Hook","Eviscerate"],"picked":"SKIP","floor":14},{"not_picked":["Bullet Time","Die Die Die"],"picked":"Phantasmal Killer","floor":16},{"not_picked":["Crippling Poison","Escape Plan"],"picked":"All Out Attack+1","floor":18},{"not_picked":["Underhanded Strike+1","Deflect+1"],"picked":"Catalyst","floor":21},{"not_picked":["Skewer","Leg Sweep+1"],"picked":"Noxious Fumes","floor":22},{"not_picked":["Dagger Spray","Quick Slash","Deadly Poison"],"picked":"SKIP","floor":23},{"not_picked":["Riddle With Holes","Crippling Poison"],"picked":"Bane","floor":24},{"not_picked":["Slice","Dagger Throw+1"],"picked":"Poisoned Stab+1","floor":28},{"not_picked":["Sucker Punch","Dash","Slice"],"picked":"SKIP","floor":29},{"not_picked":["Glass Knife","A Thousand Cuts"],"picked":"Malaise","floor":33},{"not_picked":["Backstab+1","Cloak And Dagger+1","Outmaneuver"],"picked":"SKIP","floor":35},{"not_picked":["Dark Shackles","Violence"],"picked":"Blind","floor":36},{"not_picked":["Mind Blast","Enlightenment"],"picked":"Finesse","floor":36},{"not_picked":["Slice+1","Leg Sweep+1","Crippling Poison"],"picked":"SKIP","floor":41},{"not_picked":["Bane+1","Endless Agony+1"],"picked":"Deadly Poison+1","floor":44},{"not_picked":["Underhanded Strike+1","Riddle With Holes+1"],"picked":"Concentrate+1","floor":46},{"not_picked":["Choke+1","Sucker Punch+1"],"picked":"Catalyst+1","floor":47},{"not_picked":["Glass Knife+1","Backflip","Deflect+1"],"picked":"SKIP","floor":48},{"not_picked":["Wraith Form v2","Dagger Spray+1","Cloak And Dagger"],"picked":"SKIP","floor":54}],"player_experience":113844,"relics_obtained":[{"floor":7,"key":"WingedGreaves"},{"floor":8,"key":"Meat on the Bone"},{"floor":9,"key":"Mummified Hand"},{"floor":10,"key":"Smiling Mask"},{"floor":23,"key":"War Paint"},{"floor":24,"key":"Shovel"},{"floor":27,"key":"Bag of Marbles"},{"floor":28,"key":"Tingsha"},{"floor":28,"key":"Sundial"},{"floor":29,"key":"MawBank"},{"floor":39,"key":"Bird Faced Urn"},{"floor":41,"key":"Peace Pipe"},{"floor":43,"key":"Bottled Lightning"},{"floor":44,"key":"Molten Egg 2"},{"floor":47,"key":"Unceasing Top"},{"floor":52,"key":"Dodecahedron"},{"floor":54,"key":"Oddly Smooth Stone"}],"event_choices":[{"damage_healed":0,"gold_gain":0,"player_choice":"Success","damage_taken":7,"relics_obtained":["Regal Pillow"],"max_hp_gain":0,"max_hp_loss":0,"event_name":"Scrap Ooze","floor":2,"gold_loss":0},{"damage_healed":0,"gold_gain":75,"player_choice":"Touch","damage_taken":7,"max_hp_gain":0,"max_hp_loss":0,"event_name":"FaceTrader","floor":3,"gold_loss":0},{"damage_healed":0,"gold_gain":0,"player_choice":"Upgraded","damage_taken":0,"max_hp_gain":0,"max_hp_loss":0,"event_name":"Upgrade Shrine","floor":19,"gold_loss":0,"cards_upgraded":["Catalyst"]},{"damage_healed":0,"gold_gain":0,"player_choice":"Fight","damage_taken":0,"max_hp_gain":0,"max_hp_loss":0,"event_name":"Colosseum","floor":28,"gold_loss":0},{"damage_healed":0,"gold_gain":0,"player_choice":"Fought Nobs","damage_taken":0,"max_hp_gain":0,"max_hp_loss":0,"event_name":"Colosseum","floor":28,"gold_loss":0},{"damage_healed":0,"gold_gain":0,"player_choice":"Joined the Cult","damage_taken":6,"max_hp_gain":0,"max_hp_loss":0,"event_name":"Nest","floor":31,"gold_loss":0,"cards_obtained":["RitualDagger"]},{"damage_healed":0,"gold_gain":0,"player_choice":"Memory 2","damage_taken":5,"max_hp_gain":0,"max_hp_loss":0,"event_name":"SensoryStone","floor":36,"gold_loss":0},{"damage_healed":0,"gold_gain":0,"player_choice":"Paid","damage_taken":0,"relics_obtained":["Red Mask"],"max_hp_gain":0,"max_hp_loss":0,"event_name":"Tomb of Lord Red Mask","floor":38,"gold_loss":87},{"damage_healed":0,"gold_gain":0,"player_choice":"Fight","damage_taken":0,"max_hp_gain":0,"max_hp_loss":0,"event_name":"MindBloom","floor":39,"gold_loss":0},{"cards_removed":["Bane"],"damage_healed":0,"gold_gain":0,"player_choice":"Removed Attack","damage_taken":0,"max_hp_gain":0,"max_hp_loss":0,"event_name":"Falling","floor":45,"gold_loss":0}],"is_beta":false,"boss_relics":[{"not_picked":["Ectoplasm","Coffee Dripper"],"picked":"Pandora\u0027s Box"},{"not_picked":["Runic Dome","Orrery"],"picked":"Fusion Hammer"}],"items_purged_floors":[12,20,30,37],"is_endless":false,"potions_floor_spawned":[5,10,11,18,22,23,28,28,35,39,46,48,54],"ascension_level":2}