{"gold_per_floor":[116,136,150,75,86,118,118,135,135,147,166,116,116,135,135,233,283,295,295,210,210,120,130,144,144],"floor_reached":25,"playtime":1519,"items_purged":["Defend_B","Storm+1"],"score":259,"play_id":"d722c6f4-00cb-4e3c-a362-3c40e43775cf","local_time":"20190812064329","is_ascension_mode":true,"campfire_choices":[{"data":"Zap","floor":7,"key":"SMITH"},{"floor":15,"key":"REST"}],"neow_cost":"NONE","seed_source_timestamp":128147981390300,"circlet_count":0,"master_deck":["Strike_B+1","Strike_B+1","Defend_B","Defend_B","Zap+1","Dualcast+1","Leap+1","Gash","Leap","Gash","Reprogram","Coolheaded","Ball Lightning","Sweeping Beam","Echo Form+1","Scrape","Go for the Eyes+1","Recycle","Undo"],"relics":["Cracked Core","Smiling Mask","Frozen Egg 2","Tiny House","The Courier"],"potions_floor_usage":[5,10,18,18,23,24,24,25],"damage_taken":[{"damage":1,"enemies":"Cultist","floor":1,"turns":3},{"damage":0,"enemies":"Jaw Worm","floor":2,"turns":3},{"damage":0,"enemies":"2 Louse","floor":3,"turns":1},{"damage":0,"enemies":"Exordium Wildlife","floor":5,"turns":3},{"damage":26,"enemies":"3 Sentries","floor":6,"turns":7},{"damage":3,"enemies":"Blue Slaver","floor":8,"turns":4},{"damage":0,"enemies":"Lots of Slimes","floor":10,"turns":1},{"damage":0,"enemies":"2 Fungi Beasts","floor":11,"turns":3},{"damage":0,"enemies":"Blue Slaver","floor":14,"turns":3},{"damage":38,"enemies":"Hexaghost","floor":16,"turns":10},{"damage":2,"enemies":"2 Thieves","floor":18,"turns":3},{"damage":9,"enemies":"3 Byrds","floor":23,"turns":4},{"damage":23,"enemies":"Centurion and Healer","floor":24,"turns":5},{"damage":54,"enemies":"Slavers","floor":25,"turns":5}],"seed_played":"2624132419649567104","potions_obtained":[{"floor":1,"key":"Energy Potion"},{"floor":3,"key":"FearPotion"},{"floor":5,"key":"PowerPotion"},{"floor":16,"key":"Strength Potion"},{"floor":17,"key":"Block Potion"},{"floor":18,"key":"Energy Potion"},{"floor":24,"key":"FocusPotion"}],"is_trial":false,"path_per_floor":["M","M","M","$","M","E","R","M","T","M","M","?","?","M","R","B",null,"M","?","?","?","$","M","M","E"],"character_chosen":"DEFECT","items_purchased":["PowerPotion"],"campfire_rested":1,"item_purchase_floors":[22],"current_hp_per_floor":[74,74,74,74,74,48,48,45,45,45,45,45,30,30,52,14,65,63,80,80,80,80,71,48,0],"gold":144,"neow_bonus":"UPGRADE_CARD","is_prod":false,"is_daily":false,"chose_seed":false,"campfire_upgraded":1,"win_rate":0,"timestamp":1565617409,"path_taken":["M","M","M","$","?","E","R","M","T","M","M","?","?","M","R","BOSS","M","?","?","?","$","M","M","E"],"build_version":"2019-07-17","purchased_purges":2,"victory":false,"max_hp_per_floor":[75,75,75,75,75,75,75,75,75,75,75,75,75,75,75,75,80,80,80,80,80,80,80,80,80],"card_choices":[{"not_picked":["Reprogram","Static Discharge"],"picked":"Leap","floor":1},{"not_picked":["Heatsinks","Stack"],"picked":"Gash","floor":2},{"not_picked":["Force Field","Scrape"],"picked":"Leap","floor":3},{"not_picked":["Redo","Skim"],"picked":"Gash","floor":5},{"not_picked":["Leap","Conserve Battery"],"picked":"Reprogram","floor":6},{"not_picked":["Glacier","Double Energy","Force Field"],"picked":"SKIP","floor":8},{"not_picked":["Tempest","Turbo"],"picked":"Coolheaded","floor":10},{"not_picked":["Steam","Fusion"],"picked":"Ball Lightning","floor":11},{"not_picked":["Rebound","Lockon"],"picked":"Sweeping Beam","floor":14},{"not_picked":["Core Surge","Seek"],"picked":"Echo Form+1","floor":16},{"not_picked":["Redo","Turbo"],"picked":"Scrape","floor":17},{"not_picked":["Redo","Streamline+1"],"picked":"Go for the Eyes+1","floor":18},{"not_picked":["Redo","Compile Driver"],"picked":"Undo","floor":23},{"not_picked":["Melter+1","Streamline","Lockon"],"picked":"SKIP","floor":24}],"player_experience":309949,"relics_obtained":[{"floor":6,"key":"Smiling Mask"},{"floor":9,"key":"Frozen Egg 2"}],"event_choices":[{"cards_removed":["Strike_B"],"damage_healed":0,"gold_gain":0,"player_choice":"Card Removal","damage_taken":0,"max_hp_gain":0,"max_hp_loss":0,"event_name":"The Cleric","floor":12,"gold_loss":50},{"damage_healed":0,"gold_gain":0,"player_choice":"Entered Light","damage_taken":15,"max_hp_gain":0,"max_hp_loss":0,"event_name":"Shining Light","floor":13,"gold_loss":0,"cards_upgraded":["Strike_B","Leap"]},{"damage_healed":26,"gold_gain":0,"player_choice":"Heal","damage_taken":0,"max_hp_gain":0,"max_hp_loss":0,"event_name":"The Library","floor":19,"gold_loss":0},{"damage_healed":0,"gold_gain":0,"player_choice":"Obtained Relic","damage_taken":0,"relics_obtained":["The Courier"],"max_hp_gain":0,"max_hp_loss":0,"event_name":"Addict","floor":20,"gold_loss":85},{"damage_healed":0,"gold_gain":0,"cards_transformed":["Strike_B","Defend_B"],"player_choice":"Became Test Subject","damage_taken":0,"max_hp_gain":0,"max_hp_loss":0,"event_name":"Drug Dealer","floor":21,"gold_loss":0,"cards_obtained":["Recycle","Storm"]}],"is_beta":false,"boss_relics":[{"not_picked":["Fusion Hammer","Black Star"],"picked":"Tiny House"}],"items_purged_floors":[4,22],"is_endless":false,"potions_floor_spawned":[1,3,5,16,18,24],"killed_by":"Slavers","ascension_level":5}