{"gold_per_floor":[364,2,2,17,35,65,131,131],"floor_reached":8,"playtime":447,"items_purged":[],"score":73,"play_id":"42cf8be6-1457-41d8-9906-d061acc43ae9","local_time":"20190718225606","is_ascension_mode":true,"campfire_choices":[],"neow_cost":"PERCENT_DAMAGE","seed_source_timestamp":886350811906407,"circlet_count":0,"master_deck":["Strike_G","Strike_G","Strike_G","Strike_G","Strike_G","Defend_G","Defend_G","Defend_G","Defend_G","Defend_G","Survivor","Neutralize","Masterful Stab","Infinite Blades","Flash of Steel","Outmaneuver","Crippling Poison","Dodge and Roll"],"relics":["Ring of the Snake","ClockworkSouvenir","SsserpentHead","Matryoshka"],"potions_floor_usage":[8],"damage_taken":[{"damage":2,"enemies":"Small Slimes","floor":1,"turns":5},{"damage":0,"enemies":"Cultist","floor":4,"turns":3},{"damage":0,"enemies":"2 Louse","floor":5,"turns":2},{"damage":37,"enemies":"Lagavulin","floor":6,"turns":8},{"damage":0,"enemies":"Looter","floor":7,"turns":4},{"damage":11,"enemies":"3 Sentries","floor":8,"turns":2}],"seed_played":"-5201944251140248423","potions_obtained":[{"floor":1,"key":"Ancient Potion"},{"floor":6,"key":"AttackPotion"}],"is_trial":false,"path_per_floor":["M","$","?","M","M","E","M","E"],"character_chosen":"THE_SILENT","items_purchased":["ClockworkSouvenir","Infinite Blades","Flash of Steel"],"campfire_rested":0,"item_purchase_floors":[2,2,2],"current_hp_per_floor":[47,47,47,47,47,10,10,0],"gold":131,"neow_bonus":"TWO_FIFTY_GOLD","is_prod":false,"is_daily":false,"chose_seed":false,"campfire_upgraded":0,"win_rate":0,"timestamp":1563515766,"path_taken":["M","$","?","M","M","E","?","E"],"build_version":"2019-07-17","purchased_purges":0,"victory":false,"max_hp_per_floor":[70,70,70,70,70,70,70,70],"card_choices":[{"not_picked":["Underhanded Strike","Sucker Punch"],"picked":"Masterful Stab","floor":1},{"not_picked":["Underhanded Strike","Deadly Poison","Predator"],"picked":"SKIP","floor":4},{"not_picked":["Expertise","Poisoned Stab"],"picked":"Outmaneuver","floor":5},{"not_picked":["Underhanded Strike","All Out Attack"],"picked":"Crippling Poison","floor":6},{"not_picked":["Backstab","Choke"],"picked":"Dodge and Roll","floor":7}],"player_experience":355281,"relics_obtained":[{"floor":6,"key":"Matryoshka"}],"event_choices":[{"damage_healed":0,"gold_gain":0,"player_choice":"Trade","damage_taken":0,"relics_obtained":["SsserpentHead"],"max_hp_gain":0,"max_hp_loss":0,"event_name":"FaceTrader","floor":3,"gold_loss":0}],"is_beta":false,"boss_relics":[],"items_purged_floors":[],"is_endless":false,"potions_floor_spawned":[1,6],"killed_by":"3 Sentries","ascension_level":5}