{"gold_per_floor":[114,22,38,213,213,246,246,246,246,246,265,285,300,320,320,449,449,438,55,55,68,0,0,14,14,38,54,54,54,88,113,113,238,238,256,275,291,291,314,314,333,333,415,415,415,88,132,146,146,146],"floor_reached":50,"playtime":10498,"items_purged":[],"score":544,"play_id":"0062c9fc-0986-48c1-83b9-1dda3b8e33f7","local_time":"20190811002626","is_ascension_mode":false,"campfire_choices":[{"floor":7,"key":"REST"},{"floor":10,"key":"REST"},{"data":"Cleave","floor":15,"key":"SMITH"},{"floor":23,"key":"REST"},{"floor":25,"key":"REST"},{"floor":28,"key":"REST"},{"floor":32,"key":"REST"},{"floor":40,"key":"REST"},{"floor":42,"key":"REST"},{"floor":44,"key":"REST"},{"floor":49,"key":"REST"}],"neow_cost":"NONE","seed_source_timestamp":2432799899346800,"circlet_count":0,"master_deck":["Strike_R","Strike_R","Strike_R","Strike_R","Strike_R","Defend_R","Defend_R","Defend_R","Defend_R","Bash","Rupture","Infernal Blade","Warcry+1","Combust+1","Uppercut","Pommel Strike","Cleave+1","Impervious","Intimidate+1","Barricade+1","Hemokinesis+1","Sadistic Nature+1","Blood for Blood","Flame Barrier","Clothesline+1","Metallicize+1","Sword Boomerang+1","Iron Wave","Ghostly Armor+1","Thunderclap","Armaments+1","Impervious","Pummel+1","Entrench+1","Infernal Blade+1","Shockwave+1","Inflame+1","Intimidate+1","Feel No Pain+1","Pommel Strike+1","Dropkick","Good Instincts","Whirlwind+1","Go for the Eyes+1","Dramatic Entrance+1"],"relics":["Burning Blood","Golden Idol","Frozen Egg 2","Self Forming Clay","Black Star","War Paint","Dream Catcher","Bag of Preparation","Nunchaku","Mark of Pain","Sundial","Anchor","PrismaticShard","Question Card","Red Skull"],"potions_floor_usage":[16,30,33,39,39,48,50,50],"damage_taken":[{"damage":3,"enemies":"Small Slimes","floor":1,"turns":3},{"damage":14,"enemies":"Jaw Worm","floor":3,"turns":5},{"damage":60,"enemies":"Lagavulin","floor":6,"turns":9},{"damage":11,"enemies":"2 Louse","floor":11,"turns":3},{"damage":2,"enemies":"2 Fungi Beasts","floor":12,"turns":3},{"damage":2,"enemies":"3 Louse","floor":13,"turns":2},{"damage":7,"enemies":"Looter","floor":14,"turns":3},{"damage":36,"enemies":"The Guardian","floor":16,"turns":13},{"damage":23,"enemies":"2 Thieves","floor":18,"turns":4},{"damage":28,"enemies":"Spheric Guardian","floor":21,"turns":6},{"damage":16,"enemies":"Shelled Parasite and Fungi","floor":24,"turns":7},{"damage":24,"enemies":"Centurion and Healer","floor":27,"turns":8},{"damage":33,"enemies":"Slavers","floor":30,"turns":7},{"damage":11,"enemies":"Cultist and Chosen","floor":31,"turns":8},{"damage":56,"enemies":"Champ","floor":33,"turns":16},{"damage":32,"enemies":"3 Shapes","floor":35,"turns":5},{"damage":26,"enemies":"3 Darklings","floor":36,"turns":8},{"damage":8,"enemies":"Sphere and 2 Shapes","floor":37,"turns":6},{"damage":14,"enemies":"4 Shapes","floor":39,"turns":7},{"damage":32,"enemies":"Maw","floor":41,"turns":11},{"damage":41,"enemies":"Reptomancer","floor":47,"turns":8},{"damage":33,"enemies":"Spire Growth","floor":48,"turns":4},{"damage":46,"enemies":"Awakened One","floor":50,"turns":5}],"seed_played":"-326168051019745325","potions_obtained":[{"floor":6,"key":"Dexterity Potion"},{"floor":11,"key":"PowerPotion"},{"floor":12,"key":"SteroidPotion"},{"floor":16,"key":"FearPotion"},{"floor":27,"key":"Energy Potion"},{"floor":33,"key":"Dexterity Potion"},{"floor":37,"key":"Fire Potion"},{"floor":39,"key":"Regen Potion"},{"floor":48,"key":"PowerPotion"}],"is_trial":false,"path_per_floor":["M","$","M","?","?","E","R","?","T","R","M","M","M","M","R","B",null,"M","$","?","M","?","R","M","R","T","M","R","?","E","M","R","B",null,"M","M","M","?","M","R","M","R","T","R","T","$","E","M","R","B"],"character_chosen":"IRONCLAD","items_purchased":["Infernal Blade","Warcry","Sadistic Nature+1","War Paint","Blood for Blood","Dropkick","PrismaticShard","Good Instincts"],"campfire_rested":10,"item_purchase_floors":[2,2,19,19,19,46,46,46],"current_hp_per_floor":[88,88,80,80,80,26,50,50,50,74,69,73,77,76,76,46,81,64,64,64,42,42,66,56,80,80,62,81,81,54,49,73,23,81,55,35,33,33,25,49,23,47,47,71,71,71,36,21,45,0],"gold":146,"neow_bonus":"TEN_PERCENT_HP_BONUS","is_prod":false,"is_daily":false,"chose_seed":false,"campfire_upgraded":1,"win_rate":0.0,"timestamp":1565508386,"path_taken":["M","$","M","?","?","E","R","?","T","R","M","M","M","M","R","BOSS","M","$","?","M","?","R","M","R","T","M","R","?","E","M","R","BOSS","M","?","?","?","M","R","M","R","T","R","?","$","E","M","R","BOSS"],"build_version":"2019-07-17","purchased_purges":0,"victory":false,"max_hp_per_floor":[88,88,88,88,81,81,81,81,81,81,81,81,81,81,81,81,81,81,81,81,81,81,81,81,81,81,81,81,81,81,81,81,81,81,81,81,81,81,81,81,81,81,81,81,81,81,81,81,81,81],"card_choices":[{"not_picked":["Pommel Strike","Warcry"],"picked":"Rupture","floor":1},{"not_picked":["Twin Strike","Fire Breathing"],"picked":"Combust","floor":3},{"not_picked":["Shrug It Off","Second Wind"],"picked":"Uppercut","floor":6},{"not_picked":["Sever Soul","Clash"],"picked":"Pommel Strike","floor":11},{"not_picked":["Battle Trance","Thunderclap"],"picked":"Cleave","floor":12},{"not_picked":["Corruption+1","True Grit"],"picked":"Impervious","floor":13},{"not_picked":["Thunderclap","Power Through"],"picked":"Intimidate","floor":14},{"not_picked":["Offering","Dark Embrace+1"],"picked":"Barricade+1","floor":16},{"not_picked":["Armaments","Perfected Strike"],"picked":"Hemokinesis+1","floor":18},{"not_picked":["Clash+1","Intimidate"],"picked":"Flame Barrier","floor":21},{"not_picked":["Shrug It Off","Flex"],"picked":"Clothesline+1","floor":24},{"not_picked":["Clash","Barricade+1"],"picked":"Metallicize+1","floor":27},{"not_picked":["Warcry","Flex"],"picked":"Sword Boomerang+1","floor":28},{"not_picked":["Pommel Strike+1","Clothesline+1"],"picked":"Ghostly Armor+1","floor":30},{"not_picked":["Power Through","Clothesline"],"picked":"Thunderclap","floor":31},{"not_picked":["Feed","Headbutt"],"picked":"Armaments+1","floor":32},{"not_picked":["Barricade+1","Offering"],"picked":"Impervious","floor":33},{"not_picked":["Perfected Strike","Uppercut+1"],"picked":"Pummel+1","floor":35},{"not_picked":["Sword Boomerang+1","Fire Breathing+1"],"picked":"Entrench+1","floor":36},{"not_picked":["Perfected Strike+1","Thunderclap"],"picked":"Infernal Blade+1","floor":37},{"not_picked":["Whirlwind+1","Cleave"],"picked":"Shockwave+1","floor":39},{"not_picked":["Entrench+1","Anger"],"picked":"Inflame+1","floor":40},{"not_picked":["Armaments","Pommel Strike"],"picked":"Intimidate+1","floor":41},{"not_picked":["Dark Embrace+1","Shockwave"],"picked":"Feel No Pain+1","floor":42},{"not_picked":["Armaments","Anger"],"picked":"Pommel Strike+1","floor":44},{"not_picked":["Gash","Doom and Gloom+1"],"picked":"Whirlwind+1","floor":47},{"not_picked":["Flex+1","Sword Boomerang","Perfected Strike"],"picked":"Go for the Eyes+1","floor":48},{"not_picked":["Cold Snap+1","Barrage","Metamorphosis"],"picked":"Dramatic Entrance+1","floor":49}],"player_experience":0,"relics_obtained":[{"floor":6,"key":"Frozen Egg 2"},{"floor":9,"key":"Self Forming Clay"},{"floor":26,"key":"Dream Catcher"},{"floor":30,"key":"Bag of Preparation"},{"floor":30,"key":"Nunchaku"},{"floor":43,"key":"Sundial"},{"floor":45,"key":"Anchor"},{"floor":47,"key":"Question Card"},{"floor":47,"key":"Red Skull"}],"event_choices":[{"damage_healed":0,"gold_gain":175,"player_choice":"AGREE","damage_taken":0,"max_hp_gain":0,"max_hp_loss":0,"event_name":"Liars Game","floor":4,"gold_loss":0,"cards_obtained":["Doubt"]},{"damage_healed":0,"gold_gain":0,"player_choice":"Lose Max HP","damage_taken":0,"relics_obtained":["Golden Idol"],"max_hp_gain":0,"max_hp_loss":7,"event_name":"Golden Idol","floor":5,"gold_loss":0},{"damage_healed":0,"gold_gain":0,"player_choice":"Grow","damage_taken":0,"max_hp_gain":0,"max_hp_loss":0,"event_name":"Living Wall","floor":8,"gold_loss":0,"cards_upgraded":["Combust"]},{"damage_healed":0,"gold_gain":0,"player_choice":"Ignored","damage_taken":0,"max_hp_gain":0,"max_hp_loss":0,"event_name":"Ghosts","floor":20,"gold_loss":0},{"damage_healed":0,"gold_gain":0,"player_choice":"Paid Fearfully","damage_taken":0,"max_hp_gain":0,"max_hp_loss":0,"event_name":"Masked Bandits","floor":22,"gold_loss":68},{"cards_removed":["Doubt"],"damage_healed":0,"gold_gain":0,"player_choice":"Took Card","damage_taken":0,"max_hp_gain":0,"max_hp_loss":0,"event_name":"NoteForYourself","floor":29,"gold_loss":0,"cards_obtained":["Iron Wave"]},{"damage_healed":0,"gold_gain":0,"player_choice":"Ignored","damage_taken":0,"max_hp_gain":0,"max_hp_loss":0,"event_name":"Tomb of Lord Red Mask","floor":38,"gold_loss":0}],"is_beta":false,"boss_relics":[{"not_picked":["Runic Cube","Empty Cage"],"picked":"Black Star"},{"not_picked":["Coffee Dripper","Black Blood"],"picked":"Mark of Pain"}],"items_purged_floors":[],"is_endless":false,"potions_floor_spawned":[6,11,12,16,27,33,37,39,48],"killed_by":"Awakened One","ascension_level":0}