{"gold_per_floor":[111,61,136,61,73,106,118,144,191,210,210,110,122,134,134,233,233,249,263,263],"floor_reached":20,"playtime":898,"items_purged":["Strike_B","Strike_B"],"score":253,"play_id":"39e4c09a-63ae-41d3-b29f-705c728db9a3","local_time":"20190706213940","is_ascension_mode":true,"campfire_choices":[{"data":"Auto Shields","floor":11,"key":"SMITH"},{"floor":15,"key":"REST"}],"neow_cost":"NONE","seed_source_timestamp":104130959137637,"circlet_count":0,"master_deck":["Defend_B","Defend_B","Defend_B","Zap","Dualcast","Gash","Streamline","Gash","Auto Shields+1","White Noise","White Noise","Genetic Algorithm","Multi-Cast","Tempest","Leap+1"],"relics":["Cracked Core","NeowsBlessing","Blue Candle","DataDisk","Centennial Puzzle","Empty Cage"],"potions_floor_usage":[13,13,16,16],"damage_taken":[{"damage":0,"enemies":"2 Louse","floor":1,"turns":1},{"damage":0,"enemies":"Jaw Worm","floor":5,"turns":1},{"damage":0,"enemies":"3 Sentries","floor":6,"turns":1},{"damage":0,"enemies":"Cultist","floor":7,"turns":2},{"damage":30,"enemies":"Lagavulin","floor":8,"turns":6},{"damage":2,"enemies":"3 Louse","floor":10,"turns":3},{"damage":5,"enemies":"Gremlin Gang","floor":13,"turns":3},{"damage":3,"enemies":"Blue Slaver","floor":14,"turns":3},{"damage":14,"enemies":"Hexaghost","floor":16,"turns":8},{"damage":24,"enemies":"Shell Parasite","floor":18,"turns":5},{"damage":31,"enemies":"2 Thieves","floor":19,"turns":5},{"damage":24,"enemies":"Cultist and Chosen","floor":20,"turns":3}],"seed_played":"4581021654562092001","potions_obtained":[{"floor":1,"key":"Energy Potion"},{"floor":8,"key":"Fire Potion"},{"floor":13,"key":"Strength Potion"},{"floor":14,"key":"Dexterity Potion"},{"floor":16,"key":"SteroidPotion"}],"is_trial":false,"path_per_floor":["M","?","?","$","M","E","M","E","T","M","R","$","M","M","R","B",null,"M","M","M"],"character_chosen":"DEFECT","items_purchased":[],"campfire_rested":1,"item_purchase_floors":[],"current_hp_per_floor":[75,75,68,68,68,68,68,38,38,36,36,36,31,28,50,36,75,51,20,0],"gold":263,"neow_bonus":"THREE_ENEMY_KILL","is_prod":false,"is_daily":false,"chose_seed":false,"campfire_upgraded":1,"win_rate":0,"timestamp":1562474380,"path_taken":["M","?","?","$","M","E","M","E","T","M","R","$","M","M","R","BOSS","M","M","M"],"build_version":"2019-07-05","purchased_purges":2,"victory":false,"max_hp_per_floor":[75,75,75,75,75,75,75,75,75,75,75,75,75,75,75,75,75,75,75,75],"card_choices":[{"not_picked":["Undo","Capacitor"],"picked":"Gash","floor":1},{"not_picked":["Rebound","Leap"],"picked":"Streamline","floor":5},{"not_picked":["Glacier","Turbo"],"picked":"Gash","floor":6},{"not_picked":["Reinforced Body","Go for the Eyes"],"picked":"Auto Shields","floor":7},{"not_picked":["Cold Snap","Turbo"],"picked":"White Noise","floor":8},{"not_picked":["Rebound","Compile Driver"],"picked":"White Noise","floor":10},{"not_picked":["Rebound","Redo","Darkness"],"picked":"SKIP","floor":13},{"not_picked":["Cold Snap","Hyperbeam"],"picked":"Genetic Algorithm","floor":14},{"not_picked":["Fission","Hyperbeam"],"picked":"Multi-Cast","floor":16},{"not_picked":["Leap","Stack"],"picked":"Tempest","floor":18},{"not_picked":["Glacier","Ball Lightning"],"picked":"Leap+1","floor":19}],"player_experience":207902,"relics_obtained":[{"floor":6,"key":"Blue Candle"},{"floor":8,"key":"DataDisk"},{"floor":9,"key":"Centennial Puzzle"}],"event_choices":[{"cards_removed":["Strike_B"],"damage_healed":0,"gold_gain":0,"player_choice":"Card Removal","damage_taken":0,"max_hp_gain":0,"max_hp_loss":0,"event_name":"The Cleric","floor":2,"gold_loss":50},{"damage_healed":0,"gold_gain":75,"player_choice":"Touch","damage_taken":7,"max_hp_gain":0,"max_hp_loss":0,"event_name":"FaceTrader","floor":3,"gold_loss":0}],"is_beta":false,"boss_relics":[{"not_picked":["Sozu","Calling Bell"],"picked":"Empty Cage"}],"items_purged_floors":[4,12],"is_endless":false,"potions_floor_spawned":[1,8,13,14,16],"killed_by":"Cultist and Chosen","ascension_level":4}