{"path_per_floor":["M","?","$","$","M","E","R","M","T","M","M","E","?","M","R","B",null,"M","M","?","$","?","R","E","R","T","M","M","?","M","M","R","B",null,"M","$","M","?","M","R","?","$","T","R","T","E","M","M","R","B"],"character_chosen":"THE_SILENT","items_purchased":["Footwork","Backflip","Apotheosis","Bag of Preparation","Bag of Marbles"],"gold_per_floor":[114,64,64,29,44,74,74,89,164,179,194,224,224,243,243,368,368,387,406,406,127,127,127,165,165,190,209,228,228,247,266,266,391,391,410,260,279,279,298,298,298,48,48,48,98,136,155,174,174,174],"floor_reached":51,"campfire_rested":1,"playtime":52576,"current_hp_per_floor":[70,70,70,70,70,72,72,72,72,65,65,65,65,65,65,31,78,78,78,78,78,78,78,74,74,74,73,64,85,76,76,76,31,85,72,72,71,85,64,85,85,85,85,85,85,66,72,80,80,25],"items_purged":["Venomology","Writhe"],"gold":174,"score":785,"play_id":"8e18c093-3b27-4972-b731-13c672e23862","local_time":"20180310091219","daily_mods":["Allstar","Insanity","Lethality"],"is_prod":false,"is_daily":true,"is_ascension_mode":false,"campfire_upgraded":5,"timestamp":1520691139,"path_taken":["M","?","?","$","M","E","R","M","T","?","M","E","?","M","R","BOSS","M","M","?","$","?","R","E","R","T","M","M","?","?","M","R","BOSS","M","$","?","?","M","R","?","$","T","R","?","E","?","M","R","BOSS"],"build_version":"2018-03-09","purchased_purges":3,"victory":true,"master_deck":["Choke","Blade Dance","Bullet Time","Adrenaline","Wraith Form","Dash","Bouncing Flask","Tools of the Trade+1","Bane","Bane","Night Terror","Setup","Setup","Survivor","Doppelganger","Sucker Punch+1","After Image","Neutralize","Glass Knife","Storm of Steel","Cloak And Dagger","Accuracy","Crippling Poison","Quick Slash","Distraction","Flechettes","Dagger Throw","Glass Knife","Blade Dance","Dagger Throw","Phantasmal Killer","Storm of Steel","Strike_G","Well Laid Plans+1","Dagger Throw","Setup","Accuracy","Setup","Deadly Poison","Malaise","Reflex","Accuracy","Backstab","Choke","Sucker Punch+1","Infinite Blades","Phantasmal Killer","Well Laid Plans","Blind","Secret Weapon","Blur","Footwork","Backstab+1","Backflip","Burst","Dagger Spray+1","Die Die Die+1","Riddle With Holes+1","Backflip","Apotheosis+1","Cloak And Dagger","Terror+1","Flying Knee+1","Dash+1","Storm of Steel","Acrobatics+1","Blur+1","Riddle With Holes+1","Blur+1","Reflex+1"],"max_hp_per_floor":[70,70,70,70,70,84,84,84,84,84,84,84,78,78,78,78,78,78,78,78,78,78,78,85,85,85,85,85,85,85,85,85,85,85,85,85,85,85,85,85,85,85,85,85,85,85,87,87,87,87],"relics":["Ring of the Snake","Mango","Molten Egg 2","Tough Bandages","Golden Idol","Sozu","Strawberry","Vajra","Black Star","Bag of Preparation","Shovel","Bag of Marbles","Ginger","Bird Faced Urn","Singing Bowl","Art of War","Whetstone","Dead Branch"],"card_choices":[{"not_picked":["Dagger Spray","Quick Slash"],"picked":"Blur"},{"not_picked":["Prepared","Acrobatics"],"picked":"Backstab"},{"not_picked":["Dagger Throw","Deadly Poison"],"picked":"Backflip"},{"not_picked":["Masterful Stab","Cloak And Dagger"],"picked":"Burst"},{"not_picked":["Dodge and Roll","Acrobatics"],"picked":"Dagger Spray"},{"not_picked":["Glass Knife","A Thousand Cuts"],"picked":"Die Die Die"},{"not_picked":["Malaise","Calculated Gamble"],"picked":"Riddle With Holes"},{"not_picked":["All Out Attack","Dagger Throw"],"picked":"Cloak And Dagger"},{"not_picked":["Riddle With Holes","Accuracy"],"picked":"Terror"},{"not_picked":["Bane","All Out Attack"],"picked":"Flying Knee"},{"not_picked":["Dodge and Roll","Acrobatics"],"picked":"Dash"},{"not_picked":["Die Die Die","Bullet Time"],"picked":"Storm of Steel"},{"not_picked":["Dagger Throw","Bane"],"picked":"Acrobatics"},{"not_picked":["Quick Slash","Dagger Spray"],"picked":"Blur"},{"not_picked":["Infinite Blades","Caltrops"],"picked":"Riddle With Holes"},{"not_picked":["Backflip","Deflect"],"picked":"Blur"},{"not_picked":["Deadly Poison","Flying Knee"],"picked":"Reflex"}],"player_experience":412604,"potions_floor_usage":[10,12,12,16,24,50],"damage_taken":[{"damage":0,"enemies":"Jaw Worm","floor":1,"turns":2},{"damage":0,"enemies":"Small Slimes","floor":5,"turns":1},{"damage":12,"enemies":"3 Sentries","floor":6,"turns":4},{"damage":0,"enemies":"Cultist","floor":8,"turns":1},{"damage":7,"enemies":"Exordium Thugs","floor":10,"turns":3},{"damage":0,"enemies":"Looter","floor":11,"turns":1},{"damage":0,"enemies":"Lagavulin","floor":12,"turns":2},{"damage":0,"enemies":"Blue Slaver","floor":14,"turns":1},{"damage":40,"enemies":"The Guardian","floor":16,"turns":5},{"damage":0,"enemies":"Chosen","floor":18,"turns":3},{"damage":0,"enemies":"Spheric Guardian","floor":19,"turns":1},{"damage":11,"enemies":"Book of Stabbing","floor":24,"turns":3},{"damage":1,"enemies":"Centurion and Healer","floor":27,"turns":2},{"damage":9,"enemies":"Cultist and Chosen","floor":28,"turns":3},{"damage":9,"enemies":"3 Cultists","floor":30,"turns":3},{"damage":0,"enemies":"Sentry and Sphere","floor":31,"turns":2},{"damage":45,"enemies":"Collector","floor":33,"turns":8},{"damage":13,"enemies":"Orb Walker","floor":35,"turns":2},{"damage":1,"enemies":"3 Shapes","floor":37,"turns":3},{"damage":21,"enemies":"Sphere and 2 Shapes","floor":39,"turns":3},{"damage":21,"enemies":"Nemesis","floor":46,"turns":3},{"damage":0,"enemies":"3 Darklings","floor":47,"turns":2},{"damage":0,"enemies":"Maw","floor":48,"turns":5},{"damage":69,"enemies":"Time Eater","floor":50,"turns":7}],"event_choices":[{"event_name":"The Cleric","player_choice":"Card Removal","floor":2,"damage_taken":0},{"event_name":"Golden Idol","player_choice":"Lose Max HP","floor":13,"damage_taken":0},{"event_name":"Vampires","player_choice":"Ignored","floor":20,"damage_taken":0},{"event_name":"Beggar","player_choice":"Ignored","floor":22,"damage_taken":0},{"event_name":"The Library","player_choice":"Heal","floor":29,"damage_taken":0},{"event_name":"Winding Halls","player_choice":"Writhe","floor":38,"damage_taken":0},{"event_name":"Wheel of Change","player_choice":"Relic","floor":41,"damage_taken":0}],"boss_relics":[{"not_picked":["Runic Pyramid","Calling Bell"],"picked":"Sozu"},{"not_picked":["Snecko Eye","Tiny House"],"picked":"Black Star"}],"potions_floor_spawned":[5,11,14,16,18,19,24,27,31,33,35,46,48],"seed_played":"5908574650968865797","ascension_level":0,"is_trial":false}