{"gold_per_floor":[109,109,134,147,171,171,214,214,214,214,294,308,2,2,2,98,98,118,118,81,6,131,131,145,145,169,169,182,196,196,286,286,379,379,393,393,668,474,236,236,260,285,312,312,337,337,352,377,377,377],"floor_reached":51,"playtime":6039,"items_purged":["Strike_G","Regret","Defend_G"],"score":1141,"play_id":"6819a5f0-4c4c-462b-9a94-09c76274f86e","local_time":"20190518142405","is_ascension_mode":true,"campfire_choices":[{"data":"Neutralize","floor":6.0,"key":"SMITH"},{"data":"Crippling Poison","floor":8.0,"key":"SMITH"},{"data":"Dash","floor":10.0,"key":"SMITH"},{"data":"Apotheosis","floor":15.0,"key":"SMITH"},{"data":"Defend_G","floor":23.0,"key":"PURGE"},{"data":"Defend_G","floor":25.0,"key":"PURGE"},{"data":"Infinite Blades","floor":27.0,"key":"SMITH"},{"data":"Accuracy","floor":30.0,"key":"SMITH"},{"data":"Reflex","floor":32.0,"key":"SMITH"},{"data":"Infinite Blades","floor":40.0,"key":"SMITH"},{"data":"Glass Knife","floor":44,"key":"SMITH"},{"data":"Defend_G","floor":46,"key":"PURGE"},{"floor":49,"key":"REST"}],"neow_cost":"NONE","seed_source_timestamp":0,"circlet_count":0,"master_deck":["AscendersBane","Defend_G","Survivor","Neutralize+1","Dagger Spray","Dash+1","Backflip","Crippling Poison+1","Deadly Poison","PiercingWail","Apotheosis+1","Accuracy+1","Glass Knife+1","PiercingWail","Infinite Blades+1","Backflip","Expertise","Reflex+1","Catalyst","Night Terror","Leg Sweep","Deadly Poison","Infinite Blades+1","Acrobatics","Backflip","Cloak And Dagger","Blur+1"],"special_seed":0,"relics":["Ring of the Snake","Golden Idol","Paper Crane","Singing Bowl","HoveringKite","Peace Pipe","Meat on the Bone","Blood Vial","Sozu","Vajra"],"potions_floor_usage":[],"damage_taken":[{"damage":0.0,"enemies":"2 Louse","floor":1.0,"turns":3.0},{"damage":4.0,"enemies":"Small Slimes","floor":3.0,"turns":3.0},{"damage":4.0,"enemies":"Jaw Worm","floor":4.0,"turns":4.0},{"damage":1.0,"enemies":"Exordium Wildlife","floor":5.0,"turns":4.0},{"damage":31.0,"enemies":"Gremlin Nob","floor":7.0,"turns":6.0},{"damage":1.0,"enemies":"2 Fungi Beasts","floor":12.0,"turns":3.0},{"damage":3.0,"enemies":"The Guardian","floor":16.0,"turns":9.0},{"damage":1.0,"enemies":"3 Byrds","floor":18.0,"turns":5.0},{"damage":0.0,"enemies":"Colosseum Slavers","floor":22.0,"turns":4.0},{"damage":19.0,"enemies":"Colosseum Nobs","floor":22.0,"turns":6.0},{"damage":9.0,"enemies":"2 Thieves","floor":24.0,"turns":4.0},{"damage":9.0,"enemies":"Cultist and Chosen","floor":28.0,"turns":5.0},{"damage":0.0,"enemies":"3 Cultists","floor":29.0,"turns":5.0},{"damage":8.0,"enemies":"Automaton","floor":33.0,"turns":11.0},{"damage":14.0,"enemies":"Orb Walker","floor":35.0,"turns":5.0},{"damage":18.0,"enemies":"3 Darklings","floor":41.0,"turns":4.0},{"damage":10,"enemies":"Transient","floor":42,"turns":5},{"damage":10,"enemies":"Writhing Mass","floor":45,"turns":5},{"damage":1,"enemies":"Jaw Worm Horde","floor":47,"turns":6},{"damage":8,"enemies":"Transient","floor":48,"turns":5},{"damage":37,"enemies":"Awakened One","floor":50,"turns":12}],"seed_played":"-1259987128173133018","potions_obtained":[{"floor":3.0,"key":"SpeedPotion"},{"floor":7.0,"key":"GamblersBrew"},{"floor":12.0,"key":"SpeedPotion"},{"floor":16.0,"key":"Ancient Potion"},{"floor":18.0,"key":"Fruit Juice"},{"floor":28.0,"key":"Explosive Potion"},{"floor":29.0,"key":"PowerPotion"}],"is_trial":false,"path_per_floor":["M","?","M","M","M","R","E","R","T","R","?","M","$","?","R","B",null,"M","?","$","?","?","R","M","R","T","R","M","M","R","?","R","B",null,"M","$","?","$","$","R","M","M","T","R","M","R","M","M","R","B",null],"character_chosen":"THE_SILENT","items_purchased":["Apotheosis","Accuracy","Infinite Blades","Leg Sweep","Deadly Poison","Infinite Blades","Acrobatics"],"campfire_rested":1,"item_purchase_floors":[13,13,20,38,38,39,39],"current_hp_per_floor":[59,59,55,51,50,50,19,19,19,19,19,18,18,18,18,15,49,48,48,53,53,34,34,37,37,37,37,42,44,44,32,32,38,58,48,48,48,48,48,48,44,38,38,38,44,44,45,39,60,37],"gold":377,"neow_bonus":"REMOVE_CARD","is_prod":false,"is_daily":false,"chose_seed":false,"campfire_upgraded":9,"win_rate":0,"timestamp":1558203845,"path_taken":["M","?","M","M","M","R","E","R","T","R","?","M","$","?","R","BOSS","M","?","$","?","?","R","M","R","T","R","?","?","R","?","R","BOSS","M","$","?","?","$","R","M","?","T","R","M","R","M","M","R","BOSS"],"build_version":"2019-01-23","purchased_purges":3,"victory":true,"max_hp_per_floor":[66,60,60,60,60,60,60,60,60,60,60,60,60,60,60,60,60,60,60,65,65,65,65,65,65,65,65,65,65,65,65,65,65,65,67,67,67,67,67,67,67,69,69,69,71,71,71,71,71,71],"card_choices":[{"not_picked":["Reflex","Quick Slash"],"picked":"Dagger Spray","floor":1.0},{"not_picked":["Choke","Calculated Gamble"],"picked":"Dash","floor":3.0},{"not_picked":["Accuracy","Acrobatics"],"picked":"Backflip","floor":4.0},{"not_picked":["Underhanded Strike","Concentrate"],"picked":"Crippling Poison","floor":5.0},{"not_picked":["Flying Knee","Quick Slash"],"picked":"Deadly Poison","floor":7.0},{"not_picked":["Bane","All Out Attack"],"picked":"PiercingWail","floor":12.0},{"not_picked":["Envenom","Bullet Time"],"picked":"Glass Knife","floor":16.0},{"not_picked":["Flying Knee","Deadly Poison"],"picked":"PiercingWail","floor":18.0},{"not_picked":["Sucker Punch","Dodge and Roll"],"picked":"Backflip","floor":22.0},{"not_picked":["Riddle With Holes","Caltrops"],"picked":"Expertise","floor":24.0},{"not_picked":["Backflip+1","Outmaneuver"],"picked":"Reflex","floor":28.0},{"not_picked":["Wraith Form v2","Bane"],"picked":"Catalyst","floor":29.0},{"not_picked":["Malaise","A Thousand Cuts"],"picked":"Night Terror","floor":33.0},{"not_picked":["Dagger Throw","Acrobatics+1","Concentrate"],"picked":"Singing Bowl","floor":35.0},{"not_picked":["PiercingWail","Leg Sweep"],"picked":"Backflip","floor":41.0},{"not_picked":["Outmaneuver","Acrobatics","Poisoned Stab"],"picked":"Singing Bowl","floor":42},{"not_picked":["Prepared","Dodge and Roll","Distraction"],"picked":"Singing Bowl","floor":45},{"not_picked":["Underhanded Strike+1","Eviscerate"],"picked":"Cloak And Dagger","floor":47},{"not_picked":["Terror","Skewer+1"],"picked":"Blur+1","floor":48}],"player_experience":815502,"relics_obtained":[{"floor":7.0,"key":"Paper Crane"},{"floor":9.0,"key":"Singing Bowl"},{"floor":22.0,"key":"Peace Pipe"},{"floor":22.0,"key":"Meat on the Bone"},{"floor":26.0,"key":"Blood Vial"},{"floor":43,"key":"Vajra"}],"event_choices":[{"damage_healed":0.0,"max_hp_gain":0.0,"max_hp_loss":6.0,"gold_gain":0.0,"event_name":"Golden Idol","player_choice":"Lose Max HP","floor":2.0,"gold_loss":0.0,"damage_taken":0.0,"relics_obtained":["Golden Idol"]},{"damage_healed":0.0,"max_hp_gain":0.0,"max_hp_loss":0.0,"gold_gain":80.0,"event_name":"Golden Wing","player_choice":"Gained Gold","floor":11.0,"gold_loss":0.0,"damage_taken":0.0},{"cards_removed":["Strike_G"],"damage_healed":0.0,"max_hp_gain":0.0,"max_hp_loss":0.0,"gold_gain":0.0,"event_name":"Living Wall","player_choice":"Forget","floor":14.0,"gold_loss":0.0,"damage_taken":0.0},{"cards_removed":["Strike_G"],"damage_healed":0.0,"max_hp_gain":0.0,"max_hp_loss":0.0,"gold_gain":0.0,"event_name":"Back to Basics","player_choice":"Elegance","floor":19.0,"gold_loss":0.0,"damage_taken":0.0},{"cards_removed":["Strike_G"],"damage_healed":0.0,"max_hp_gain":0.0,"max_hp_loss":0.0,"gold_gain":0.0,"event_name":"Beggar","player_choice":"Gave Gold","floor":21.0,"gold_loss":75.0,"damage_taken":0.0},{"damage_healed":0.0,"max_hp_gain":0.0,"max_hp_loss":0.0,"gold_gain":0.0,"event_name":"Colosseum","player_choice":"Fight","floor":22.0,"gold_loss":0.0,"damage_taken":0.0},{"damage_healed":0.0,"max_hp_gain":0.0,"max_hp_loss":0.0,"gold_gain":0.0,"event_name":"Colosseum","player_choice":"Fought Nobs","floor":22.0,"gold_loss":0.0,"damage_taken":0.0},{"damage_healed":0.0,"max_hp_gain":0.0,"max_hp_loss":0.0,"gold_gain":90.0,"event_name":"Knowing Skull","player_choice":"GOLD ","floor":31.0,"potions_obtained":[],"gold_loss":0.0,"damage_taken":12.0,"cards_obtained":[]},{"damage_healed":0.0,"max_hp_gain":0.0,"max_hp_loss":0.0,"gold_gain":275.0,"event_name":"Golden Shrine","player_choice":"Desecrate","floor":37.0,"gold_loss":0.0,"damage_taken":0.0,"cards_obtained":["Regret"]}],"is_beta":false,"boss_relics":[{"not_picked":["Astrolabe","White Beast Statue"],"picked":"HoveringKite"},{"not_picked":["Orrery","Black Star"],"picked":"Sozu"}],"items_purged_floors":[13,38,39],"is_endless":false,"potions_floor_spawned":[3,7,12,16,18,28,29,41,42],"ascension_level":16}