{"gold_per_floor":[117,135,151,164,89,118,118,130,130,146,179,179,197,197,197,197],"floor_reached":16,"playtime":670,"items_purged":["Strike_R"],"score":114,"play_id":"5aa2090b-dc39-4e41-8c85-7fe32afd9d4e","local_time":"20190105224127","is_ascension_mode":false,"campfire_choices":[{"data":"Armaments","floor":7.0,"key":"SMITH"},{"floor":12,"key":"REST"},{"data":"Bash","floor":15,"key":"SMITH"}],"neow_cost":"NONE","seed_source_timestamp":0,"circlet_count":0,"master_deck":["Strike_R","Strike_R","Strike_R","Strike_R","Defend_R","Defend_R","Defend_R","Defend_R","Bash+1","Shrug It Off","Armaments+1","Rage","Evolve"],"special_seed":0,"relics":["Mark of Pain","Happy Flower","Pear","Dodecahedron"],"potions_floor_usage":[10,13],"damage_taken":[{"damage":1.0,"enemies":"Jaw Worm","floor":1.0,"turns":4.0},{"damage":4.0,"enemies":"2 Louse","floor":2.0,"turns":3.0},{"damage":0.0,"enemies":"Small Slimes","floor":3.0,"turns":4.0},{"damage":0.0,"enemies":"2 Fungi Beasts","floor":4.0,"turns":4.0},{"damage":19.0,"enemies":"Lagavulin","floor":6.0,"turns":8.0},{"damage":21.0,"enemies":"Exordium Thugs","floor":8.0,"turns":6.0},{"damage":0,"enemies":"Lots of Slimes","floor":10,"turns":4},{"damage":36,"enemies":"Gremlin Nob","floor":11,"turns":6},{"damage":5,"enemies":"Looter","floor":13,"turns":2},{"damage":26,"enemies":"The Guardian","floor":16,"turns":9}],"seed_played":"2411331270587327141","potions_obtained":[{"floor":2.0,"key":"SteroidPotion"},{"floor":3.0,"key":"SkillPotion"},{"floor":6.0,"key":"FearPotion"}],"is_trial":false,"path_per_floor":["M","M","M","M","$","E","R","M","T","M","E","R","M","?","R","B"],"character_chosen":"IRONCLAD","items_purchased":[],"campfire_rested":1,"item_purchase_floors":[],"current_hp_per_floor":[79,75,75,75,75,56,56,35,45,45,9,36,31,31,31,5],"gold":197,"neow_bonus":"BOSS_RELIC","is_prod":false,"is_daily":false,"chose_seed":false,"campfire_upgraded":2,"win_rate":0,"timestamp":1546746087,"path_taken":["M","M","M","M","$","E","R","M","T","M","E","R","M","?","R","BOSS"],"build_version":"2019-01-03v4","purchased_purges":1,"victory":false,"max_hp_per_floor":[80,80,80,80,80,80,80,80,90,90,90,90,90,90,90,90],"card_choices":[{"not_picked":["True Grit","Iron Wave"],"picked":"Shrug It Off","floor":1.0},{"not_picked":["Havoc","Cleave","Intimidate"],"picked":"SKIP","floor":2.0},{"not_picked":["Combust","Perfected Strike","Sword Boomerang"],"picked":"SKIP","floor":3.0},{"not_picked":["Anger","Wild Strike"],"picked":"Armaments","floor":4.0},{"not_picked":["Cleave","Exhume"],"picked":"Rage","floor":6.0},{"not_picked":["Intimidate","Rupture","Thunderclap"],"picked":"SKIP","floor":8.0},{"not_picked":["Armaments","Clothesline","Twin Strike"],"picked":"SKIP","floor":10},{"not_picked":["Sword Boomerang","Pummel"],"picked":"Evolve","floor":11},{"not_picked":["Second Wind","Thunderclap","Juggernaut"],"picked":"SKIP","floor":13}],"player_experience":679455,"relics_obtained":[{"floor":6.0,"key":"Happy Flower"},{"floor":9.0,"key":"Pear"},{"floor":11,"key":"Dodecahedron"}],"event_choices":[{"damage_healed":0,"gold_gain":0,"player_choice":"Ignored","damage_taken":0,"max_hp_gain":0,"max_hp_loss":0,"event_name":"Liars Game","floor":14,"gold_loss":0}],"is_beta":false,"boss_relics":[],"items_purged_floors":[5],"is_endless":false,"potions_floor_spawned":[2,3,6],"killed_by":"The Guardian","ascension_level":0}