{"path_per_floor":["M","?","$","?","?","E","M","M","T","M","?","?","R","M","R","B",null,"M","?","$","M","$"],"character_chosen":"IRONCLAD","items_purchased":["Armaments","Apotheosis"],"gold_per_floor":[110,110,35,35,35,61,73,88,88,98,98,98,98,118,118,247,247,232,482,333,351,35],"floor_reached":23,"campfire_rested":2,"playtime":1982,"current_hp_per_floor":[75,81,81,69,69,42,47,47,47,43,43,43,67,57,80,26,80,68,74,74,76,76],"items_purged":["Pain","Regret","Defend_R"],"gold":35,"play_id":"d2afeb81-130d-4116-8aed-14ffe04c5811","is_prod":false,"is_daily":false,"campfire_rituals":0,"campfire_upgraded":0,"is_hardmode":false,"path_taken":["M","?","$","?","?","E","?","M","T","M","?","?","R","M","R","BOSS","M","?","$","M","$","E"],"build_version":"2018-01-18-PROD4","purchased_purges":3,"victory":false,"master_deck":["Strike_R","Strike_R","Strike_R","Strike_R","Strike_R","Defend_R","Defend_R","Defend_R","Bash","Heavy Blade","Heavy Blade","Metallicize","Shrug It Off","Impervious","Metallicize","Armaments","Apotheosis"],"max_hp_per_floor":[80,86,86,86,86,86,86,86,86,86,80,80,80,80,80,80,80,80,86,86,86,86],"relics":["Burning Blood","Du-Vu Doll","Darkstone Periapt","Toolbox","Dream Catcher","Toxic Egg","Golden Idol","Black Star"],"campfire_meditates":0,"card_choices":[{"not_picked":["Burning Pact","Twin Strike"],"picked":"Heavy Blade"},{"not_picked":["Body Slam","Iron Wave"],"picked":"Heavy Blade"},{"not_picked":["Sever Soul","Heavy Blade"],"picked":"Metallicize"},{"not_picked":["Iron Wave","Anger"],"picked":"Shrug It Off"},{"not_picked":["Offering","Feed"],"picked":"Impervious"},{"not_picked":["Heavy Blade","Twin Strike"],"picked":"Metallicize"}],"player_experience":47652,"potions_floor_usage":[6,16,16,21,23],"damage_taken":[{"damage":11,"enemies":"2 Louse","floor":1,"turns":2},{"damage":33,"enemies":"Lagavulin","floor":6,"turns":8},{"damage":1,"enemies":"Cultist","floor":7,"turns":3},{"damage":6,"enemies":"Jaw Worm","floor":8,"turns":2},{"damage":10,"enemies":"Looter","floor":10,"turns":2},{"damage":16,"enemies":"Exordium Wildlife","floor":14,"turns":7},{"damage":60,"enemies":"The Guardian","floor":16,"turns":17},{"damage":18,"enemies":"2 Thieves","floor":18,"turns":4},{"damage":4,"enemies":"Chosen","floor":21,"turns":7},{"damage":82,"enemies":"Slavers","floor":23,"turns":7}],"event_choices":[{"event_name":"Big Fish","player_choice":"Box","floor":2,"damage_taken":0},{"event_name":"Scrap Ooze","player_choice":"success","floor":4,"damage_taken":12},{"event_name":"Living Wall","player_choice":"Forget","floor":5,"damage_taken":0},{"event_name":"Golden Idol","player_choice":"Lose Max HP","floor":11,"damage_taken":0},{"event_name":"Dead Adventurer","player_choice":"Searched \u00271\u0027 times","floor":12,"damage_taken":0},{"event_name":"Golden Shrine","player_choice":"Desecrate","floor":19,"damage_taken":0}],"boss_relics":[{"not_picked":["Snecko Eye","Astrolabe"],"picked":"Black Star"}],"potions_floor_spawned":[1,8,10,14,21],"seed_played":"-1812599231649225544","killed_by":"Slavers","is_trial":false}