{"gold_per_floor":[109,59,59,59,134,134,148,172,197,240,240],"floor_reached":11,"playtime":2694,"items_purged":[],"score":75,"play_id":"071cefb2-efbb-44d2-a7cb-4c958449fc71","local_time":"20190303185212","is_ascension_mode":true,"campfire_choices":[{"data":"Dualcast","floor":6,"key":"SMITH"}],"neow_cost":"NONE","seed_source_timestamp":227006819644448,"circlet_count":0,"master_deck":["Strike_B","Strike_B","Strike_B","Defend_B","Defend_B","Defend_B","Defend_B","Zap","Dualcast+1","Redo","Streamline","Steam Power","Genetic Algorithm"],"relics":["Cracked Core","Bag of Marbles","Golden Idol","Bottled Flame"],"potions_floor_usage":[10],"damage_taken":[{"damage":0,"enemies":"Small Slimes","floor":1,"turns":2},{"damage":0,"enemies":"2 Louse","floor":7,"turns":2},{"damage":0,"enemies":"Cultist","floor":8,"turns":2},{"damage":38,"enemies":"Lagavulin","floor":10,"turns":4},{"damage":12,"enemies":"Red Slaver","floor":11,"turns":1}],"seed_played":"7064260916184792751","potions_obtained":[{"floor":1,"key":"GamblersBrew"},{"floor":10,"key":"Strength Potion"}],"is_trial":false,"path_per_floor":["M","?","?","$","?","R","M","M","T","E","M"],"character_chosen":"DEFECT","items_purchased":[],"campfire_rested":0,"item_purchase_floors":[],"current_hp_per_floor":[75,75,57,57,50,50,50,50,50,12,0],"gold":240,"neow_bonus":"RANDOM_COMMON_RELIC","is_prod":false,"is_daily":false,"chose_seed":false,"campfire_upgraded":1,"win_rate":0,"timestamp":1551667932,"path_taken":["M","?","?","$","?","R","M","?","T","E","M"],"build_version":"2019-01-23","purchased_purges":0,"victory":false,"max_hp_per_floor":[75,75,75,75,75,75,75,75,75,75,75],"card_choices":[{"not_picked":["Self Repair","Sweeping Beam"],"picked":"Redo","floor":1},{"not_picked":["Chill","Recycle"],"picked":"Streamline","floor":7},{"not_picked":["Chill","Steam"],"picked":"Steam Power","floor":8},{"not_picked":["Compile Driver","Storm"],"picked":"Genetic Algorithm","floor":10}],"player_experience":69894,"relics_obtained":[{"floor":10,"key":"Bottled Flame"}],"event_choices":[{"cards_removed":["Strike_B"],"damage_healed":0,"gold_gain":0,"player_choice":"Card Removal","damage_taken":0,"max_hp_gain":0,"max_hp_loss":0,"event_name":"The Cleric","floor":2,"gold_loss":50},{"damage_healed":0,"gold_gain":0,"player_choice":"Take Damage","damage_taken":18,"relics_obtained":["Golden Idol"],"max_hp_gain":0,"max_hp_loss":0,"event_name":"Golden Idol","floor":3,"gold_loss":0},{"damage_healed":0,"gold_gain":75,"player_choice":"Touch","damage_taken":7,"max_hp_gain":0,"max_hp_loss":0,"event_name":"FaceTrader","floor":5,"gold_loss":0}],"is_beta":false,"boss_relics":[],"items_purged_floors":[],"is_endless":false,"potions_floor_spawned":[1,10],"killed_by":"Red Slaver","ascension_level":1}