{"gold_per_floor":[114,39,55,55,73,73,85,118,143,143,175,185,185,211,211,312,312,322,341,351,362,382,382,382],"floor_reached":24,"playtime":1759,"items_purged":["Strike_R"],"score":264,"play_id":"b609f9f6-ca4f-43d5-b99a-2ade047e7698","local_time":"20190313125218","is_ascension_mode":true,"campfire_choices":[{"data":"Heavy Blade","floor":6,"key":"SMITH"},{"floor":15,"key":"REST"},{"floor":23,"key":"REST"}],"neow_cost":"NONE","seed_source_timestamp":52959103013465,"circlet_count":0,"master_deck":["Strike_R","Strike_R","Strike_R","Defend_R","Defend_R","Defend_R","Defend_R","Bash","Madness","Spot Weakness","Armaments","Heavy Blade+1","Cleave","Warcry","Burning Pact","Offering","Exhume","Sentinel","Shrug It Off+1","Battle Trance","Sentinel+1"],"relics":["Burning Blood","Orichalcum","Bag of Marbles","Ancient Tea Set","Pen Nib","Runic Pyramid"],"potions_floor_usage":[5,8,11,19,21],"damage_taken":[{"damage":18,"enemies":"Jaw Worm","floor":1,"turns":4},{"damage":12,"enemies":"2 Louse","floor":3,"turns":2},{"damage":1,"enemies":"Cultist","floor":5,"turns":4},{"damage":11,"enemies":"2 Fungi Beasts","floor":7,"turns":5},{"damage":30,"enemies":"3 Sentries","floor":8,"turns":6},{"damage":26,"enemies":"Gremlin Nob","floor":11,"turns":4},{"damage":9,"enemies":"3 Louse","floor":12,"turns":3},{"damage":28,"enemies":"Lagavulin","floor":14,"turns":8},{"damage":26,"enemies":"Hexaghost","floor":16,"turns":7},{"damage":8,"enemies":"Chosen","floor":18,"turns":4},{"damage":6,"enemies":"Shell Parasite","floor":19,"turns":1},{"damage":30,"enemies":"Centurion and Healer","floor":20,"turns":5},{"damage":22,"enemies":"Cultist and Chosen","floor":21,"turns":8},{"damage":39,"enemies":"Snecko","floor":22,"turns":6},{"damage":39,"enemies":"Slavers","floor":24,"turns":3}],"seed_played":"6998417583950207754","potions_obtained":[{"floor":1,"key":"FearPotion"},{"floor":3,"key":"Fire Potion"},{"floor":7,"key":"Regen Potion"},{"floor":11,"key":"Ancient Potion"},{"floor":18,"key":"SteroidPotion"},{"floor":20,"key":"SkillPotion"}],"is_trial":false,"path_per_floor":["M","$","M","?","M","R","M","E","T","?","E","M","?","E","R","B",null,"M","M","M","M","M","R","E"],"character_chosen":"IRONCLAD","items_purchased":[],"campfire_rested":2,"item_purchase_floors":[],"current_hp_per_floor":[68,68,62,67,72,72,67,57,57,57,37,34,34,12,37,17,85,83,83,59,43,10,35,0],"gold":382,"neow_bonus":"RANDOM_COLORLESS","is_prod":false,"is_daily":false,"chose_seed":false,"campfire_upgraded":1,"win_rate":0,"timestamp":1552506738,"path_taken":["M","$","M","?","M","R","M","E","T","?","E","M","?","E","R","BOSS","M","?","M","M","M","R","E"],"build_version":"2019-01-23","purchased_purges":1,"victory":false,"max_hp_per_floor":[80,80,80,85,85,85,85,85,85,85,85,85,85,85,85,85,85,85,85,85,85,85,85,85],"card_choices":[{"not_picked":["Thunderclap","Clash"],"picked":"Spot Weakness","floor":1},{"not_picked":["Thunderclap","Fire Breathing"],"picked":"Armaments","floor":3},{"not_picked":["Headbutt","Thunderclap"],"picked":"Heavy Blade","floor":5},{"not_picked":["Intimidate","Heavy Blade"],"picked":"Cleave","floor":7},{"not_picked":["Wild Strike","Perfected Strike"],"picked":"Warcry","floor":8},{"not_picked":["Perfected Strike","Carnage","Feel No Pain"],"picked":"SKIP","floor":11},{"not_picked":["Power Through","Reckless Charge"],"picked":"Burning Pact","floor":12},{"not_picked":["Intimidate","Berserk"],"picked":"Offering","floor":14},{"not_picked":["Fiend Fire","Offering"],"picked":"Exhume","floor":16},{"not_picked":["Second Wind","Heavy Blade+1"],"picked":"Sentinel","floor":18},{"not_picked":["Pommel Strike+1","Thunderclap+1"],"picked":"Shrug It Off+1","floor":19},{"not_picked":["Pommel Strike","Perfected Strike"],"picked":"Battle Trance","floor":20},{"not_picked":["Clash","Berserk","Flex"],"picked":"SKIP","floor":21},{"not_picked":["Rampage","Armaments"],"picked":"Sentinel+1","floor":22}],"player_experience":149694,"relics_obtained":[{"floor":8,"key":"Orichalcum"},{"floor":9,"key":"Bag of Marbles"},{"floor":11,"key":"Ancient Tea Set"},{"floor":14,"key":"Pen Nib"}],"event_choices":[{"damage_healed":0,"gold_gain":0,"player_choice":"Donut","damage_taken":0,"max_hp_gain":5,"max_hp_loss":0,"event_name":"Big Fish","floor":4,"gold_loss":0},{"cards_removed":["Strike_R"],"damage_healed":0,"gold_gain":0,"player_choice":"Forget","damage_taken":0,"max_hp_gain":0,"max_hp_loss":0,"event_name":"Living Wall","floor":10,"gold_loss":0},{"damage_healed":0,"gold_gain":0,"player_choice":"0 cards matched","damage_taken":0,"max_hp_gain":0,"max_hp_loss":0,"event_name":"Match and Keep!","floor":13,"gold_loss":0,"cards_obtained":[]}],"is_beta":false,"boss_relics":[{"not_picked":["White Beast Statue","Snecko Eye"],"picked":"Runic Pyramid"}],"items_purged_floors":[2],"is_endless":false,"potions_floor_spawned":[1,3,7,11,18,20],"killed_by":"Slavers","ascension_level":4}