{"gold_per_floor":[119,119,135,153,153,179,198,218,242,276,296,323,336,336,336,440,440,453,467,483,498,513,546,571,586,666,666,683,683,694,721,721,721],"floor_reached":33,"playtime":2599,"items_purged":[],"score":390,"play_id":"cfbd951a-32bf-4ada-8c78-c80a577f7bdb","local_time":"20190705101330","is_ascension_mode":false,"campfire_choices":[{"data":"Inflame","floor":15,"key":"SMITH"},{"data":"Armaments","floor":27,"key":"SMITH"},{"floor":29,"key":"RECALL"},{"data":"Rage","floor":32,"key":"SMITH"}],"neow_cost":"NONE","seed_source_timestamp":0,"circlet_count":0,"master_deck":["Strike_R","Strike_R+1","Strike_R","Strike_R+1","Strike_R","Defend_R","Defend_R","Defend_R","Defend_R","Bash","Anger","Shrug It Off","Mind Blast+1","Thunderclap","Inflame+1","Body Slam","Anger+1","Infernal Blade+1","Anger","Metallicize","Perfected Strike","Dropkick","Demon Form","Parasite","Regret","Injury","Shrug It Off+1","Flame Barrier","Armaments+1","Inflame+1","Disarm","Rage+1","Blood for Blood","Cleave","Spot Weakness","Warcry+1"],"special_seed":0,"relics":["Burning Blood","NeowsBlessing","Ancient Tea Set","Bronze Scales","Strawberry","Boot","Calling Bell","Bag of Marbles","Meat on the Bone","Magic Flower","Whetstone","Red Mask","Omamori"],"potions_floor_usage":[10,12,22,23,23,33,33,33],"damage_taken":[{"damage":0.0,"enemies":"2 Louse","floor":1.0,"turns":1.0},{"damage":0.0,"enemies":"Cultist","floor":3.0,"turns":1.0},{"damage":0.0,"enemies":"Small Slimes","floor":4.0,"turns":1.0},{"damage":37.0,"enemies":"Lagavulin","floor":6.0,"turns":6.0},{"damage":0.0,"enemies":"2 Fungi Beasts","floor":7.0,"turns":2.0},{"damage":18.0,"enemies":"Exordium Wildlife","floor":8.0,"turns":3.0},{"damage":18,"enemies":"3 Sentries","floor":10,"turns":6},{"damage":0,"enemies":"Large Slime","floor":11,"turns":3},{"damage":12,"enemies":"Lagavulin","floor":12,"turns":6},{"damage":8,"enemies":"Gremlin Gang","floor":13,"turns":3},{"damage":0,"enemies":"Slime Boss","floor":16,"turns":6},{"damage":0,"enemies":"Chosen","floor":18,"turns":2},{"damage":17,"enemies":"Shell Parasite","floor":19,"turns":3},{"damage":18,"enemies":"Snecko","floor":20,"turns":5},{"damage":5,"enemies":"Snake Plant","floor":21,"turns":2},{"damage":1,"enemies":"Cultist and Chosen","floor":22,"turns":5},{"damage":40,"enemies":"Gremlin Leader","floor":23,"turns":10},{"damage":0,"enemies":"Masked Bandits","floor":24,"turns":2},{"damage":15,"enemies":"Shelled Parasite and Fungi","floor":25,"turns":5},{"damage":4,"enemies":"Snake Plant","floor":28,"turns":2},{"damage":14,"enemies":"Sentry and Sphere","floor":30,"turns":5},{"damage":25,"enemies":"Slavers","floor":31,"turns":3},{"damage":78,"enemies":"Collector","floor":33,"turns":6}],"seed_played":"-8105239949531059516","potions_obtained":[{"floor":1.0,"key":"BloodPotion"},{"floor":3.0,"key":"Ancient Potion"},{"floor":6.0,"key":"SpeedPotion"},{"floor":8.0,"key":"FearPotion"},{"floor":12,"key":"AttackPotion"},{"floor":20,"key":"EssenceOfSteel"},{"floor":21,"key":"Energy Potion"},{"floor":22,"key":"EssenceOfSteel"},{"floor":24,"key":"Explosive Potion"},{"floor":25,"key":"Poison Potion"}],"is_trial":false,"path_per_floor":["M","?","M","M","?","E","M","M","T","E","M","E","M","?","R","B",null,"M","M","M","M","M","E","?","M","T","R","M","R","M","E","R","B"],"character_chosen":"IRONCLAD","items_purchased":[],"campfire_rested":0,"item_purchase_floors":[],"current_hp_per_floor":[80,80,80,80,80,49,55,43,43,58,64,58,56,39,39,45,87,87,79,70,74,82,69,78,72,72,72,77,77,72,56,56,0],"gold":721,"neow_bonus":"THREE_ENEMY_KILL","is_prod":false,"is_daily":false,"chose_seed":false,"campfire_upgraded":3,"win_rate":0,"timestamp":1562346810,"path_taken":["M","?","?","?","?","E","?","M","T","E","M","E","M","?","R","BOSS","M","M","M","M","M","E","?","M","T","R","M","R","M","E","R","BOSS"],"build_version":"2019-07-01","purchased_purges":0,"victory":false,"max_hp_per_floor":[80,80,80,80,80,80,80,80,80,87,87,87,87,87,87,87,87,87,87,87,87,87,87,87,87,87,87,87,87,87,87,87,87],"card_choices":[{"not_picked":["Spot Weakness","Sword Boomerang"],"picked":"Anger","floor":1.0},{"not_picked":["Clothesline","Corruption"],"picked":"Thunderclap","floor":3.0},{"not_picked":["Searing Blow","Anger"],"picked":"Inflame","floor":4.0},{"not_picked":["Combust","Bloodletting"],"picked":"Body Slam","floor":6.0},{"not_picked":["Pummel","Intimidate"],"picked":"Anger","floor":7.0},{"not_picked":["Thunderclap","Impervious"],"picked":"Infernal Blade","floor":8.0},{"not_picked":["Sentinel","Heavy Blade"],"picked":"Anger","floor":10},{"not_picked":["Clothesline","Searing Blow"],"picked":"Metallicize","floor":11},{"not_picked":["Carnage","Bludgeon"],"picked":"Perfected Strike","floor":12},{"not_picked":["Clothesline","Pommel Strike"],"picked":"Dropkick","floor":13},{"not_picked":["Barricade","Fiend Fire"],"picked":"Demon Form","floor":16},{"not_picked":["Seeing Red","Sword Boomerang+1"],"picked":"Shrug It Off+1","floor":18},{"not_picked":["Thunderclap","Uppercut"],"picked":"Flame Barrier","floor":19},{"not_picked":["Fire Breathing+1","Clothesline"],"picked":"Armaments","floor":20},{"not_picked":["Pommel Strike","Cleave+1"],"picked":"Inflame+1","floor":21},{"not_picked":["Warcry","Twin Strike"],"picked":"Disarm","floor":22},{"not_picked":["Thunderclap","Iron Wave"],"picked":"Rage","floor":23},{"not_picked":["Thunderclap","Anger"],"picked":"Blood for Blood","floor":25},{"not_picked":["Reckless Charge+1","Sentinel"],"picked":"Cleave","floor":28},{"not_picked":["Infernal Blade","Intimidate+1"],"picked":"Spot Weakness","floor":30},{"not_picked":["Dark Embrace","Perfected Strike+1"],"picked":"Warcry+1","floor":31}],"player_experience":169203,"relics_obtained":[{"floor":6.0,"key":"Ancient Tea Set"},{"floor":9,"key":"Bronze Scales"},{"floor":10,"key":"Strawberry"},{"floor":12,"key":"Boot"},{"floor":17,"key":"Bag of Marbles"},{"floor":17,"key":"Meat on the Bone"},{"floor":17,"key":"Magic Flower"},{"floor":23,"key":"Whetstone"},{"floor":24,"key":"Red Mask"},{"floor":31,"key":"Omamori"}],"event_choices":[{"damage_healed":0.0,"max_hp_gain":0.0,"max_hp_loss":0.0,"gold_gain":0.0,"event_name":"Match and Keep!","player_choice":"2 cards matched","floor":2.0,"gold_loss":0.0,"damage_taken":0.0,"cards_obtained":["Shrug It Off","Mind Blast"]},{"damage_healed":0.0,"max_hp_gain":0.0,"max_hp_loss":0.0,"gold_gain":0.0,"event_name":"Upgrade Shrine","player_choice":"Upgraded","floor":5.0,"gold_loss":0.0,"damage_taken":0.0,"cards_upgraded":["Mind Blast"]},{"damage_healed":0,"gold_gain":0,"player_choice":"Entered Light","damage_taken":17,"max_hp_gain":0,"max_hp_loss":0,"event_name":"Shining Light","floor":14,"gold_loss":0,"cards_upgraded":["Infernal Blade","Strike_R"]},{"damage_healed":0,"gold_gain":0,"player_choice":"Fought Bandits","damage_taken":0,"max_hp_gain":0,"max_hp_loss":0,"event_name":"Masked Bandits","floor":24,"gold_loss":0}],"is_beta":false,"boss_relics":[{"not_picked":["Snecko Eye","White Beast Statue"],"picked":"Calling Bell"}],"items_purged_floors":[],"is_endless":false,"potions_floor_spawned":[1,3,6,8,12,20,21,22,24,25,28],"killed_by":"Collector","ascension_level":0}