{"gold_per_floor":[119,133,152,171,188,188,188,188,215,215,232,262,320,338,338,437,437,456,468,171,184,196,196,222,124,124,152,152,227,227,245,245,342,342,358,375,402,312,312,344,265,277,349,349,367,367,367,36,36,36],"floor_reached":51,"playtime":13385,"items_purged":["Strike_G"],"score":932,"play_id":"b5ad72ca-9ead-440a-b735-5485fa4f0a73","local_time":"20190301114057","is_ascension_mode":true,"campfire_choices":[{"data":"Venomology","floor":6.0,"key":"SMITH"},{"data":"Predator","floor":8.0,"key":"SMITH"},{"data":"Cloak And Dagger","floor":10.0,"key":"SMITH"},{"floor":15.0,"key":"REST"},{"data":"Venomology","floor":23.0,"key":"SMITH"},{"data":"Night Terror","floor":30.0,"key":"SMITH"},{"data":"Tools of the Trade","floor":32.0,"key":"SMITH"},{"data":"Well Laid Plans","floor":44.0,"key":"SMITH"},{"floor":47.0,"key":"REST"},{"floor":49.0,"key":"REST"}],"neow_cost":"PERCENT_DAMAGE","seed_source_timestamp":0,"circlet_count":0,"master_deck":["Defend_G","Defend_G","Defend_G","Defend_G","Defend_G","Strike_G+1","Strike_G","Survivor","Neutralize","Venomology+1","Backflip","Cloak And Dagger+1","Predator+1","Accuracy","Dagger Spray","Venomology+1","Deadly Poison","Night Terror+1","Reflex+1","Blade Dance+1","Poisoned Stab+1","Dramatic Entrance","Slice+1","Tools of the Trade+1","Corpse Explosion","Acrobatics+1","Predator+1","Well Laid Plans+1","PiercingWail+1","Violence","Chrysalis","Apotheosis","Sucker Punch+1"],"special_seed":0,"relics":["Ring of the Snake","Anchor","Blood Vial","Bronze Scales","WristBlade","Bag of Preparation","Lantern","Ninja Scroll","Molten Egg 2","Letter Opener","Juzu Bracelet","Philosopher\u0027s Stone","Centennial Puzzle","Happy Flower","Bottled Flame"],"potions_floor_usage":[50,50,50,50,50],"damage_taken":[{"damage":4.0,"enemies":"Jaw Worm","floor":1.0,"turns":6.0},{"damage":0.0,"enemies":"Small Slimes","floor":2.0,"turns":4.0},{"damage":0.0,"enemies":"2 Louse","floor":3.0,"turns":4.0},{"damage":0.0,"enemies":"Red Slaver","floor":4.0,"turns":6.0},{"damage":10.0,"enemies":"Exordium Wildlife","floor":5.0,"turns":7.0},{"damage":0.0,"enemies":"Lots of Slimes","floor":11.0,"turns":5.0},{"damage":2.0,"enemies":"Lagavulin","floor":12.0,"turns":6.0},{"damage":0.0,"enemies":"3 Louse","floor":14.0,"turns":3.0},{"damage":0.0,"enemies":"Slime Boss","floor":16.0,"turns":7.0},{"damage":13.0,"enemies":"Spheric Guardian","floor":18.0,"turns":4.0},{"damage":2.0,"enemies":"3 Byrds","floor":19.0,"turns":4.0},{"damage":1.0,"enemies":"Snecko","floor":21.0,"turns":4.0},{"damage":1.0,"enemies":"Snake Plant","floor":22.0,"turns":4.0},{"damage":1.0,"enemies":"Book of Stabbing","floor":24.0,"turns":3.0},{"damage":1.0,"enemies":"Slavers","floor":27.0,"turns":4.0},{"damage":1.0,"enemies":"Centurion and Healer","floor":31.0,"turns":4.0},{"damage":17.0,"enemies":"Automaton","floor":33.0,"turns":7.0},{"damage":0.0,"enemies":"3 Shapes","floor":35.0,"turns":2.0},{"damage":17.0,"enemies":"3 Darklings","floor":36.0,"turns":4.0},{"damage":9.0,"enemies":"Giant Head","floor":40.0,"turns":4.0},{"damage":16.0,"enemies":"Maw","floor":42.0,"turns":4.0},{"damage":12.0,"enemies":"Transient","floor":45.0,"turns":5.0},{"damage":33,"enemies":"Time Eater","floor":50,"turns":11}],"seed_played":"8575785383311900740","potions_obtained":[{"floor":2.0,"key":"Weak Potion"},{"floor":3.0,"key":"SpeedPotion"},{"floor":4.0,"key":"SpeedPotion"},{"floor":5.0,"key":"Block Potion"},{"floor":12.0,"key":"AttackPotion"},{"floor":16.0,"key":"Ancient Potion"},{"floor":18.0,"key":"PowerPotion"},{"floor":22.0,"key":"PowerPotion"},{"floor":27.0,"key":"AttackPotion"},{"floor":36.0,"key":"SkillPotion"},{"floor":40.0,"key":"GamblersBrew"},{"floor":45.0,"key":"SneckoOil"}],"is_trial":false,"path_per_floor":["M","M","M","M","M","R","?","R","T","R","M","E","?","M","R","B",null,"M","M","$","M","M","R","E","$","T","E","?","?","R","M","R","B",null,"M","M","T","?","?","E","$","M","T","R","M","?","R","$","R","B",null],"character_chosen":"THE_SILENT","items_purchased":["Bag of Preparation","Lantern","Dramatic Entrance","Well Laid Plans","Apotheosis","Sucker Punch+1","SpeedPotion"],"campfire_rested":3,"item_purchase_floors":[20,20,25,41,48,48,48],"current_hp_per_floor":[41,41,41,41,31,31,19,19,19,19,21,21,21,23,44,61,68,57,57,57,58,59,59,60,60,60,61,61,54,54,55,55,40,63,65,50,50,50,50,43,43,34,34,34,24,14,35,35,56,25],"gold":36,"neow_bonus":"THREE_RARE_CARDS","is_prod":false,"is_daily":false,"chose_seed":false,"campfire_upgraded":7,"win_rate":0,"timestamp":1551458457,"path_taken":["M","M","M","M","M","R","?","R","T","R","M","E","?","M","R","BOSS","M","M","$","M","M","R","E","$","T","E","?","?","R","M","R","BOSS","M","M","?","?","?","E","$","M","T","R","M","?","R","$","R","BOSS"],"build_version":"2019-01-23","purchased_purges":1,"victory":true,"max_hp_per_floor":[70,70,70,70,70,70,70,70,70,70,70,70,70,70,70,70,70,70,70,70,70,70,70,70,70,70,70,70,70,70,70,70,70,70,70,70,70,70,70,70,70,70,70,70,70,70,70,70,70,70],"card_choices":[{"not_picked":["Corpse Explosion","Malaise"],"picked":"Venomology","floor":0.0},{"not_picked":["Blade Dance","Dodge and Roll"],"picked":"Backflip","floor":1.0},{"not_picked":["Reflex","Finisher"],"picked":"Cloak And Dagger","floor":2.0},{"not_picked":["Caltrops","Corpse Explosion"],"picked":"Predator","floor":3.0},{"not_picked":["Dodge and Roll","Infinite Blades","Underhanded Strike"],"picked":"SKIP","floor":4.0},{"not_picked":["Underhanded Strike","Tactician"],"picked":"Accuracy","floor":5.0},{"not_picked":["Prepared","Endless Agony"],"picked":"Dagger Spray","floor":11.0},{"not_picked":["Underhanded Strike","Flying Knee"],"picked":"Venomology","floor":12.0},{"not_picked":["Dodge and Roll","Deflect"],"picked":"Deadly Poison","floor":14.0},{"not_picked":["Wraith Form v2","Malaise"],"picked":"Night Terror","floor":16.0},{"not_picked":["Expertise","Deflect"],"picked":"Reflex+1","floor":18.0},{"not_picked":["Poisoned Stab","Noxious Fumes"],"picked":"Blade Dance+1","floor":19.0},{"not_picked":["Deadly Poison","Riddle With Holes"],"picked":"Poisoned Stab+1","floor":21.0},{"not_picked":["All Out Attack+1","Underhanded Strike","Dodge and Roll+1"],"picked":"SKIP","floor":22.0},{"not_picked":["Escape Plan","Poisoned Stab","Prepared"],"picked":"SKIP","floor":24.0},{"not_picked":["Bane+1","Predator+1"],"picked":"Slice+1","floor":27.0},{"not_picked":["Flying Knee+1","Dagger Throw+1"],"picked":"Tools of the Trade","floor":31.0},{"not_picked":["Night Terror","Venomology"],"picked":"Corpse Explosion","floor":33.0},{"not_picked":["Distraction","Heel Hook+1"],"picked":"Acrobatics+1","floor":35.0},{"not_picked":["Dodge and Roll+1","All Out Attack+1","Prepared"],"picked":"SKIP","floor":36.0},{"not_picked":["Acrobatics+1","PiercingWail"],"picked":"Predator+1","floor":40.0},{"not_picked":["Prepared+1","Endless Agony+1"],"picked":"PiercingWail+1","floor":42.0},{"not_picked":["Reflex","Acrobatics","Bane+1"],"picked":"SKIP","floor":45.0},{"not_picked":["Magnetism","Mind Blast+1"],"picked":"Violence","floor":46.0},{"not_picked":["Swift Strike+1","Dark Shackles"],"picked":"Chrysalis","floor":46.0}],"player_experience":710861,"relics_obtained":[{"floor":9.0,"key":"Blood Vial"},{"floor":12.0,"key":"Bronze Scales"},{"floor":24.0,"key":"Ninja Scroll"},{"floor":26.0,"key":"Molten Egg 2"},{"floor":27.0,"key":"Letter Opener"},{"floor":37.0,"key":"Centennial Puzzle"},{"floor":40.0,"key":"Happy Flower"},{"floor":43.0,"key":"Bottled Flame"}],"event_choices":[{"damage_healed":0.0,"max_hp_gain":0.0,"max_hp_loss":0.0,"gold_gain":0.0,"event_name":"Scrap Ooze","player_choice":"Success","floor":7.0,"gold_loss":0.0,"damage_taken":12.0,"relics_obtained":["Anchor"]},{"damage_healed":0.0,"max_hp_gain":0.0,"max_hp_loss":0.0,"gold_gain":58.0,"event_name":"Golden Wing","player_choice":"Gained Gold","floor":13.0,"gold_loss":0.0,"damage_taken":0.0},{"damage_healed":0.0,"max_hp_gain":0.0,"max_hp_loss":0.0,"gold_gain":0.0,"event_name":"The Mausoleum","player_choice":"Opened","floor":28.0,"gold_loss":0.0,"damage_taken":0.0,"relics_obtained":["Juzu Bracelet"]},{"damage_healed":0.0,"max_hp_gain":0.0,"max_hp_loss":0.0,"gold_gain":75.0,"event_name":"FaceTrader","player_choice":"Touch","floor":29.0,"gold_loss":0.0,"damage_taken":7.0},{"cards_removed":["Strike_G"],"damage_healed":0.0,"max_hp_gain":0.0,"max_hp_loss":0.0,"gold_gain":0.0,"event_name":"Designer","player_choice":"Upgrade and Remove","floor":38.0,"gold_loss":90.0,"damage_taken":0.0,"cards_upgraded":["Strike_G"]},{"cards_removed":["Strike_G"],"damage_healed":0.0,"max_hp_gain":0.0,"max_hp_loss":0.0,"gold_gain":0.0,"event_name":"Falling","player_choice":"Removed Attack","floor":39.0,"gold_loss":0.0,"damage_taken":0.0},{"damage_healed":0.0,"max_hp_gain":0.0,"max_hp_loss":0.0,"gold_gain":0.0,"event_name":"SensoryStone","player_choice":"Memory 3","floor":46.0,"gold_loss":0.0,"damage_taken":10.0}],"is_beta":false,"boss_relics":[{"not_picked":["Lizard Tail","White Beast Statue"],"picked":"WristBlade"},{"not_picked":["HoveringKite","Astrolabe"],"picked":"Philosopher\u0027s Stone"}],"items_purged_floors":[48],"is_endless":false,"potions_floor_spawned":[2,3,4,5,12,16,18,22,27,36,40,45],"ascension_level":6}