{"gold_per_floor":[110,285,305,274,345,345,364,184,184,194,194,226,238,268,268,373,373,383,383,283,300,21,347,347,412,436,436,436,468,95,115,115,215,215,231,105,105,205,222,249,74,108,131,150,150,179,193,205,205,205,205,205,5,36,36],"floor_reached":56,"playtime":7981,"items_purged":["Doubt","Strike_G","Strike_G","Strike_G","Defend_G","Defend_G"],"score":1560,"play_id":"e1d512c0-5340-4091-b734-03d03a647f4b","local_time":"20190630165916","is_ascension_mode":true,"campfire_choices":[{"data":"Cloak And Dagger","floor":6,"key":"SMITH"},{"data":"Distraction","floor":11,"key":"SMITH"},{"floor":15,"key":"REST"},{"floor":24,"key":"RECALL"},{"data":"After Image","floor":32,"key":"SMITH"},{"data":"Well Laid Plans","floor":45,"key":"SMITH"},{"data":"1","floor":49,"key":"LIFT"},{"data":"2","floor":52,"key":"LIFT"}],"neow_cost":"NONE","seed_source_timestamp":371277867986901,"circlet_count":0,"master_deck":["Defend_G","Survivor","Neutralize+1","Cloak And Dagger+1","Die Die Die+1","Terror","Footwork","Distraction+1","Cloak And Dagger","Escape Plan","Blade Dance","Cloak And Dagger","After Image+1","Phantasmal Killer+1","Cloak And Dagger+1","Blade Dance+1","Slice+1","Endless Agony","Outmaneuver","Ghostly","Ghostly","Ghostly","Ghostly","Ghostly","Footwork","Venomology","Dodge and Roll+1","Well Laid Plans+1","Slice","Acrobatics+1","Backflip+1","Infinite Blades+1","Flying Knee+1","Accuracy+1"],"relics":["Ring of the Serpent","Pantograph","Bronze Scales","Lantern","Astrolabe","Happy Flower","Boot","Old Coin","Tiny Chest","Juzu Bracelet","MutagenicStrength","Omamori","Whetstone","Tough Bandages","Ice Cream","Ancient Tea Set","Frozen Egg 2","Girya","Sundial"],"potions_floor_usage":[14,14,23,33,38,42,44,50,54,55,55,55,55],"damage_taken":[{"damage":1,"enemies":"Jaw Worm","floor":1,"turns":8},{"damage":0,"enemies":"2 Louse","floor":3,"turns":4},{"damage":0,"enemies":"Cultist","floor":7,"turns":4},{"damage":1,"enemies":"Exordium Thugs","floor":10,"turns":3},{"damage":19,"enemies":"Lagavulin","floor":12,"turns":7},{"damage":0,"enemies":"2 Fungi Beasts","floor":13,"turns":3},{"damage":28,"enemies":"Gremlin Nob","floor":14,"turns":4},{"damage":19,"enemies":"The Guardian","floor":16,"turns":10},{"damage":0,"enemies":"2 Thieves","floor":18,"turns":4},{"damage":0,"enemies":"3 Byrds","floor":21,"turns":3},{"damage":1,"enemies":"Slavers","floor":23,"turns":4},{"damage":0,"enemies":"Gremlin Leader","floor":25,"turns":5},{"damage":0,"enemies":"Book of Stabbing","floor":29,"turns":5},{"damage":0,"enemies":"Snecko","floor":31,"turns":2},{"damage":2,"enemies":"Collector","floor":33,"turns":10},{"damage":0,"enemies":"3 Darklings","floor":35,"turns":5},{"damage":0,"enemies":"Mind Bloom Boss Battle","floor":38,"turns":8},{"damage":0,"enemies":"Orb Walker","floor":39,"turns":5},{"damage":0,"enemies":"Nemesis","floor":40,"turns":6},{"damage":0,"enemies":"Giant Head","floor":42,"turns":9},{"damage":0,"enemies":"Transient","floor":44,"turns":5},{"damage":0,"enemies":"Nemesis","floor":46,"turns":6},{"damage":0,"enemies":"Writhing Mass","floor":47,"turns":7},{"damage":7,"enemies":"3 Darklings","floor":48,"turns":5},{"damage":0,"enemies":"Donu and Deca","floor":50,"turns":11},{"damage":0,"enemies":"Shield and Spear","floor":54,"turns":7},{"damage":12,"enemies":"The Heart","floor":55,"turns":9}],"seed_played":"-4960579562081225408","potions_obtained":[{"floor":3,"key":"Ancient Potion"},{"floor":7,"key":"GamblersBrew"},{"floor":10,"key":"PowerPotion"},{"floor":14,"key":"Explosive Potion"},{"floor":21,"key":"Regen Potion"},{"floor":23,"key":"Energy Potion"},{"floor":29,"key":"SteroidPotion"},{"floor":42,"key":"Energy Potion"},{"floor":46,"key":"Block Potion"},{"floor":47,"key":"Energy Potion"},{"floor":48,"key":"Strength Potion"},{"floor":54,"key":"Weak Potion"}],"is_trial":false,"path_per_floor":["M","?","M","?","T","R","M","$","T","M","R","E","M","E","R","B",null,"M","T","$","M","$","E","R","E","T","?","?","E","$","M","R","B",null,"M","$","?","?","M","E","$","E","T","M","R","E","M","M","R","B",null,"R","$","E","B",null],"character_chosen":"THE_SILENT","items_purchased":["Footwork","Distraction","Boot","Footwork","Whetstone","Well Laid Plans","Slice"],"campfire_rested":1,"item_purchase_floors":[8,8,22,30,30,36,36],"current_hp_per_floor":[69,69,69,69,69,69,69,69,69,68,68,49,49,21,42,48,70,70,70,70,70,70,69,69,69,69,69,35,35,35,35,35,33,35,35,35,35,35,35,35,35,35,35,35,35,35,35,28,28,35,35,35,35,35,35],"gold":36,"neow_bonus":"REMOVE_CARD","is_prod":false,"is_daily":false,"chose_seed":false,"campfire_upgraded":4,"win_rate":0,"timestamp":1561939156,"path_taken":["M","?","M","?","?","R","M","$","T","M","R","E","M","E","R","BOSS","M","?","?","M","$","E","R","E","T","?","?","E","$","M","R","BOSS","M","$","?","?","M","E","?","E","T","M","R","E","M","M","R","BOSS","R","$","E","BOSS"],"build_version":"2019-01-23","purchased_purges":6,"victory":true,"max_hp_per_floor":[70,70,70,70,70,70,70,70,70,70,70,70,70,70,70,70,70,70,70,70,70,70,70,70,70,70,70,35,35,35,35,35,35,35,35,35,35,35,35,35,35,35,35,35,35,35,35,35,35,35,35,35,35,35,35],"card_choices":[{"not_picked":["Outmaneuver","Bane"],"picked":"Cloak And Dagger","floor":1},{"not_picked":["Reflex","Catalyst"],"picked":"Die Die Die","floor":3},{"not_picked":["All Out Attack","Leg Sweep"],"picked":"Terror","floor":7},{"not_picked":["Bane","Poisoned Stab"],"picked":"Cloak And Dagger","floor":10},{"not_picked":["Dagger Throw","Quick Slash"],"picked":"Escape Plan","floor":12},{"not_picked":["Dagger Throw","Dodge and Roll"],"picked":"Blade Dance","floor":13},{"not_picked":["Wraith Form v2","Quick Slash"],"picked":"Cloak And Dagger","floor":14},{"not_picked":["Venomology","Phantasmal Killer"],"picked":"After Image","floor":16},{"not_picked":["Dodge and Roll","Flechettes"],"picked":"Slice+1","floor":18},{"not_picked":["Quick Slash","Deflect"],"picked":"Endless Agony","floor":21},{"not_picked":["Prepared","Bane","Deflect"],"picked":"SKIP","floor":23},{"not_picked":["Prepared","Bane","Deflect"],"picked":"SKIP","floor":23},{"not_picked":["Crippling Poison","Blade Dance"],"picked":"Outmaneuver","floor":25},{"not_picked":["Heel Hook","Bane"],"picked":"Tools of the Trade","floor":29},{"not_picked":["Bouncing Flask","Dagger Spray","Quick Slash"],"picked":"SKIP","floor":31},{"not_picked":["Storm of Steel","Doppelganger"],"picked":"Venomology","floor":33},{"not_picked":["Dagger Spray+1","Outmaneuver+1"],"picked":"Dodge and Roll+1","floor":35},{"not_picked":["Underhanded Strike+1","Dodge and Roll+1"],"picked":"Acrobatics+1","floor":38},{"not_picked":["PiercingWail","Sucker Punch","Prepared"],"picked":"SKIP","floor":39},{"not_picked":["Dash","Blade Dance+1","Skewer+1"],"picked":"SKIP","floor":40},{"not_picked":["Bullet Time","Dagger Throw"],"picked":"Backflip+1","floor":42},{"not_picked":["All Out Attack","Bane","Crippling Poison+1"],"picked":"SKIP","floor":44},{"not_picked":["Calculated Gamble+1","Blur"],"picked":"Infinite Blades+1","floor":46},{"not_picked":["Bane+1","Backflip"],"picked":"Flying Knee+1","floor":47},{"not_picked":["Quick Slash","Underhanded Strike+1","Flying Knee"],"picked":"SKIP","floor":48},{"not_picked":["Poisoned Stab","Quick Slash+1"],"picked":"Accuracy+1","floor":54}],"player_experience":94793,"relics_obtained":[{"floor":9,"key":"Pantograph"},{"floor":12,"key":"Bronze Scales"},{"floor":14,"key":"Lantern"},{"floor":19,"key":"Happy Flower"},{"floor":23,"key":"Old Coin"},{"floor":25,"key":"Tiny Chest"},{"floor":26,"key":"Juzu Bracelet"},{"floor":29,"key":"Omamori"},{"floor":38,"key":"Tough Bandages"},{"floor":40,"key":"Ice Cream"},{"floor":42,"key":"Ancient Tea Set"},{"floor":43,"key":"Frozen Egg 2"},{"floor":46,"key":"Girya"},{"floor":54,"key":"Sundial"}],"event_choices":[{"damage_healed":0,"gold_gain":175,"player_choice":"AGREE","damage_taken":0,"max_hp_gain":0,"max_hp_loss":0,"event_name":"Liars Game","floor":2,"gold_loss":0,"cards_obtained":["Doubt"]},{"damage_healed":0,"gold_gain":0,"player_choice":"Left Gold","damage_taken":0,"max_hp_gain":0,"max_hp_loss":0,"event_name":"World of Goop","floor":4,"gold_loss":31},{"damage_healed":0,"gold_gain":0,"player_choice":"Inject Mutagens","damage_taken":0,"relics_obtained":["MutagenicStrength"],"max_hp_gain":0,"max_hp_loss":0,"event_name":"Drug Dealer","floor":27,"gold_loss":0},{"damage_healed":0,"gold_gain":0,"player_choice":"Became a Ghost","damage_taken":0,"max_hp_gain":0,"max_hp_loss":35,"event_name":"Ghosts","floor":28,"gold_loss":0,"cards_obtained":["Ghostly","Ghostly","Ghostly","Ghostly","Ghostly"]},{"cards_removed":["Tools of the Trade"],"damage_healed":0,"gold_gain":0,"player_choice":"Removed Power","damage_taken":0,"max_hp_gain":0,"max_hp_loss":0,"event_name":"Falling","floor":37,"gold_loss":0},{"damage_healed":0,"gold_gain":0,"player_choice":"Fight","damage_taken":0,"max_hp_gain":0,"max_hp_loss":0,"event_name":"MindBloom","floor":38,"gold_loss":0}],"is_beta":false,"boss_relics":[{"not_picked":["Tiny House","Black Star"],"picked":"Astrolabe"},{"not_picked":["HoveringKite","Lizard Tail"],"picked":"Ring of the Serpent"}],"items_purged_floors":[8,20,22,30,41,53],"is_endless":false,"potions_floor_spawned":[3,7,10,14,21,23,29,40,42,46,47,48,54],"ascension_level":1}