{"gold_per_floor":[113,123,123,123,142,142,172,172,172,184,211,136,136,149,149,254,254,268,285,116,126,225,225,254,254,254,280,299,317,328,348,348,451,451,462,462,462,481,152,152,152,170,170,186,198,215,215,229,229,229],"floor_reached":50,"playtime":3725,"items_purged":["Strike_G","Strike_G","Strike_G"],"score":601,"play_id":"3b9fe7ef-ab57-4f48-b369-2eea0614c4fc","local_time":"20181011101136","is_ascension_mode":true,"campfire_choices":[{"data":"Terror","floor":6.0,"key":"SMITH"},{"floor":13.0,"key":"REST"},{"data":"Corpse Explosion","floor":15.0,"key":"SMITH"},{"data":"Bullet Time","floor":23.0,"key":"SMITH"},{"data":"Neutralize","floor":25.0,"key":"SMITH"},{"floor":32.0,"key":"REST"},{"data":"Expertise","floor":40.0,"key":"SMITH"},{"floor":49,"key":"REST"}],"neow_cost":"NONE","seed_source_timestamp":24996779288545,"circlet_count":0,"master_deck":["Defend_G","Defend_G","Defend_G","Defend_G","Defend_G","Strike_G","Survivor","Neutralize+1","Terror+1","Dagger Spray","All Out Attack+1","Slice+1","Quick Slash+1","Corpse Explosion+1","Bullet Time+1","Dash+1","Dash+1","Quick Slash+1","Acrobatics","Footwork","Die Die Die+1","Outmaneuver+1","Expertise+1","Prepared+1","Decay"],"special_seed":0,"relics":["Ring of the Snake","Bag of Marbles","Molten Egg 2","Strawberry","Turnip","Bottled Flame","Cursed Key","PreservedInsect","Blood Vial","Snecko Eye","Nunchaku","TwistedFunnel"],"potions_floor_usage":[50,50],"damage_taken":[{"damage":0.0,"enemies":"2 Louse","floor":1.0,"turns":3.0},{"damage":1.0,"enemies":"Jaw Worm","floor":2.0,"turns":5.0},{"damage":0.0,"enemies":"Small Slimes","floor":5.0,"turns":1.0},{"damage":12.0,"enemies":"3 Sentries","floor":7.0,"turns":5.0},{"damage":0.0,"enemies":"Gremlin Gang","floor":10.0,"turns":2.0},{"damage":25.0,"enemies":"Lagavulin","floor":11.0,"turns":4.0},{"damage":1.0,"enemies":"Red Slaver","floor":14.0,"turns":5.0},{"damage":25.0,"enemies":"The Guardian","floor":16.0,"turns":9.0},{"damage":9.0,"enemies":"Shell Parasite","floor":18.0,"turns":5.0},{"damage":9.0,"enemies":"Spheric Guardian","floor":19.0,"turns":4.0},{"damage":0.0,"enemies":"Cultist and Chosen","floor":21.0,"turns":4.0},{"damage":0.0,"enemies":"Slavers","floor":24.0,"turns":2.0},{"damage":18.0,"enemies":"Gremlin Leader","floor":27.0,"turns":3.0},{"damage":11.0,"enemies":"Snake Plant","floor":28.0,"turns":3.0},{"damage":0.0,"enemies":"Chosen and Byrds","floor":29.0,"turns":3.0},{"damage":0.0,"enemies":"Centurion and Healer","floor":30.0,"turns":1.0},{"damage":8.0,"enemies":"Snake Plant","floor":31.0,"turns":3.0},{"damage":43.0,"enemies":"Automaton","floor":33.0,"turns":11.0},{"damage":0.0,"enemies":"Orb Walker","floor":35.0,"turns":2.0},{"damage":17.0,"enemies":"Mind Bloom Boss Battle","floor":36.0,"turns":7.0},{"damage":6.0,"enemies":"3 Shapes","floor":38.0,"turns":2.0},{"damage":25.0,"enemies":"3 Darklings","floor":42.0,"turns":2.0},{"damage":0,"enemies":"4 Shapes","floor":44,"turns":1},{"damage":13,"enemies":"Maw","floor":45,"turns":7},{"damage":0,"enemies":"Reptomancer","floor":46,"turns":4},{"damage":1,"enemies":"4 Shapes","floor":48,"turns":3},{"damage":61,"enemies":"Time Eater","floor":50,"turns":7}],"seed_played":"6486887536560016878","potions_obtained":[{"floor":2.0,"key":"SpeedPotion"},{"floor":10.0,"key":"AttackPotion"},{"floor":16.0,"key":"SpeedPotion"},{"floor":18.0,"key":"Explosive Potion"},{"floor":19.0,"key":"SpeedPotion"},{"floor":27.0,"key":"SpeedPotion"},{"floor":28.0,"key":"Explosive Potion"},{"floor":29.0,"key":"SpeedPotion"},{"floor":38.0,"key":"Ancient Potion"},{"floor":42.0,"key":"AttackPotion"},{"floor":44,"key":"GhostInAJar"}],"is_trial":false,"path_per_floor":["M","M","?","?","M","R","E","?","T","M","E","$","R","M","R","B",null,"M","M","$","M","?","R","E","R","T","E","M","M","M","M","R","B",null,"M","?","?","M","$","R","?","M","T","M","M","M","?","M","R"],"character_chosen":"THE_SILENT","items_purchased":["Dash+1","TwistedFunnel"],"campfire_rested":3,"item_purchase_floors":[20,39],"current_hp_per_floor":[70,69,74,74,74,74,69,62,62,62,37,37,61,60,60,35,82,73,64,64,64,64,64,64,64,64,46,37,39,41,35,59,18,82,82,65,65,61,61,61,61,38,38,40,29,31,31,32,56,0],"gold":229,"neow_bonus":"RANDOM_COMMON_RELIC","is_prod":false,"is_daily":false,"chose_seed":false,"campfire_upgraded":5,"win_rate":0,"timestamp":1539267096,"path_taken":["M","M","?","?","?","R","E","?","T","?","E","?","R","M","R","BOSS","M","M","$","M","?","R","E","R","T","E","?","M","M","?","R","BOSS","M","?","?","?","$","R","?","M","T","M","M","M","?","M","R","BOSS"],"build_version":"2018-10-04v2","purchased_purges":3,"victory":false,"max_hp_per_floor":[70,70,75,75,75,75,82,82,82,82,82,82,82,82,82,82,82,82,82,82,82,82,82,82,82,82,82,82,82,82,82,82,82,82,82,82,82,82,82,82,82,82,82,82,82,82,82,82,82,82],"card_choices":[{"not_picked":["Deflect","Acrobatics"],"picked":"Terror","floor":1.0},{"not_picked":["Dodge and Roll","Blade Dance"],"picked":"Dagger Spray","floor":2.0},{"not_picked":["Dodge and Roll","Endless Agony+1"],"picked":"All Out Attack+1","floor":5.0},{"not_picked":["Expertise","Doppelganger","Underhanded Strike+1"],"picked":"SKIP","floor":7.0},{"not_picked":["Cloak And Dagger","Noxious Fumes"],"picked":"Slice+1","floor":10.0},{"not_picked":["Calculated Gamble","Prepared"],"picked":"Quick Slash+1","floor":11.0},{"not_picked":["Slice+1","Bane+1"],"picked":"Corpse Explosion","floor":14.0},{"not_picked":["Venomology","After Image"],"picked":"Bullet Time","floor":16.0},{"not_picked":["Crippling Poison+1","Backstab+1","Poisoned Stab+1"],"picked":"SKIP","floor":18.0},{"not_picked":["Choke+1","Slice+1"],"picked":"Dash+1","floor":19.0},{"not_picked":["Blade Dance","Dagger Spray+1","PiercingWail"],"picked":"SKIP","floor":21.0},{"not_picked":["Prepared","Infinite Blades","Underhanded Strike+1"],"picked":"SKIP","floor":24.0},{"not_picked":["Dagger Spray+1","Bane+1","Terror"],"picked":"SKIP","floor":27.0},{"not_picked":["Riddle With Holes+1","Dagger Throw+1"],"picked":"Quick Slash+1","floor":28.0},{"not_picked":["Dagger Throw+1","Wraith Form v2","Skewer+1"],"picked":"SKIP","floor":29.0},{"not_picked":["Predator+1","Bane+1"],"picked":"Acrobatics","floor":30.0},{"not_picked":["Slice+1","Deflect+1"],"picked":"Footwork","floor":31.0},{"not_picked":["Corpse Explosion","Venomology"],"picked":"Die Die Die+1","floor":33.0},{"not_picked":["Poisoned Stab+1","Acrobatics+1"],"picked":"Outmaneuver+1","floor":35.0},{"not_picked":["Underhanded Strike+1","Slice+1"],"picked":"Expertise","floor":36.0},{"not_picked":["Dagger Spray+1","Finisher+1","Bane+1"],"picked":"SKIP","floor":38.0},{"not_picked":["Dodge and Roll","Choke+1"],"picked":"Prepared+1","floor":42.0},{"not_picked":["Endless Agony+1","Bane+1","All Out Attack+1"],"picked":"SKIP","floor":44},{"not_picked":["Deflect+1","Escape Plan+1","Masterful Stab+1"],"picked":"SKIP","floor":45},{"not_picked":["Choke+1","Flechettes+1","Acrobatics+1"],"picked":"SKIP","floor":46},{"not_picked":["Concentrate+1","Acrobatics","Bullet Time"],"picked":"SKIP","floor":48}],"player_experience":480162,"relics_obtained":[{"floor":4.0,"key":"Molten Egg 2"},{"floor":7.0,"key":"Strawberry"},{"floor":9.0,"key":"Turnip"},{"floor":11.0,"key":"Bottled Flame"},{"floor":24.0,"key":"PreservedInsect"},{"floor":27.0,"key":"Blood Vial"},{"floor":36.0,"key":"Nunchaku"}],"event_choices":[{"event_name":"Big Fish","player_choice":"Donut","floor":3.0,"damage_taken":0.0},{"event_name":"Wheel of Change","player_choice":"Relic","floor":4.0,"damage_taken":0.0},{"event_name":"Golden Wing","player_choice":"Card Removal","floor":8.0,"damage_taken":0.0},{"event_name":"Nest","player_choice":"Stole From Cult","floor":22.0,"damage_taken":0.0},{"event_name":"MindBloom","player_choice":"Fight","floor":36.0,"damage_taken":0.0},{"event_name":"Tomb of Lord Red Mask","player_choice":"Ignored","floor":37.0,"damage_taken":0.0},{"event_name":"SensoryStone","player_choice":"Memory 1","floor":41.0,"damage_taken":0.0},{"event_name":"Wheel of Change","player_choice":"Curse","floor":47,"damage_taken":0}],"is_beta":false,"boss_relics":[{"not_picked":["Philosopher\u0027s Stone","Astrolabe"],"picked":"Cursed Key"},{"not_picked":["Calling Bell","Sozu"],"picked":"Snecko Eye"}],"items_purged_floors":[12,20,39],"is_endless":false,"potions_floor_spawned":[2,10,16,18,19,27,28,29,38,42,44,48],"killed_by":"Time Eater","ascension_level":3}