{"gold_per_floor":[20,35,51,61,61,61,73,73,73,86,120,133,133,133,133,206,206,219,237,287,300,310,310,310],"floor_reached":24,"playtime":1575,"items_purged":[],"score":374,"play_id":"8a50aee6-9243-4706-b639-8ade1a5a1dd0","local_time":"20181226160117","is_ascension_mode":true,"campfire_choices":[{"data":"Bash","floor":6.0,"key":"SMITH"},{"data":"Whirlwind","floor":8.0,"key":"SMITH"},{"floor":15.0,"key":"REST"},{"floor":23.0,"key":"REST"}],"neow_cost":"NO_GOLD","seed_source_timestamp":0,"circlet_count":0,"master_deck":["AscendersBane","Strike_R+1","Strike_R","Strike_R","Defend_R","Defend_R","Defend_R","Defend_R","Bash+1","Heavy Blade+1","Flex","Whirlwind+1","Spot Weakness","Double Tap","Limit Break"],"special_seed":0,"relics":["Burning Blood","Gremlin Horn","Meat on the Bone","Potion Belt","Busted Crown"],"potions_floor_usage":[],"damage_taken":[{"damage":15.0,"enemies":"Small Slimes","floor":1.0,"turns":5.0},{"damage":3.0,"enemies":"2 Louse","floor":2.0,"turns":2.0},{"damage":2.0,"enemies":"Jaw Worm","floor":3.0,"turns":3.0},{"damage":12.0,"enemies":"Blue Slaver","floor":4.0,"turns":4.0},{"damage":0.0,"enemies":"Looter","floor":7.0,"turns":1.0},{"damage":9.0,"enemies":"Red Slaver","floor":10.0,"turns":4.0},{"damage":28.0,"enemies":"3 Sentries","floor":11.0,"turns":6.0},{"damage":12.0,"enemies":"Exordium Thugs","floor":12.0,"turns":4.0},{"damage":34.0,"enemies":"The Guardian","floor":16.0,"turns":10.0},{"damage":23.0,"enemies":"2 Thieves","floor":18.0,"turns":3.0},{"damage":30.0,"enemies":"Shell Parasite","floor":19.0,"turns":3.0},{"damage":34.0,"enemies":"Snake Plant","floor":21.0,"turns":4.0},{"damage":9.0,"enemies":"Centurion and Healer","floor":22.0,"turns":6.0},{"damage":63,"enemies":"Chosen and Byrds","floor":24,"turns":5}],"seed_played":"6168033251211793698","potions_obtained":[{"floor":2.0,"key":"Poison Potion"},{"floor":3.0,"key":"Weak Potion"},{"floor":4.0,"key":"SkillPotion"},{"floor":10.0,"key":"Dexterity Potion"},{"floor":16.0,"key":"Dexterity Potion"},{"floor":21.0,"key":"EssenceOfSteel"},{"floor":22.0,"key":"EssenceOfSteel"}],"is_trial":false,"path_per_floor":["M","M","M","M","?","R","M","R","T","M","E","M","?","T","R","B",null,"M","M","?","M","M","R","M"],"character_chosen":"IRONCLAD","items_purchased":[],"campfire_rested":2,"item_purchase_floors":[],"current_hp_per_floor":[59,62,66,60,37,37,43,43,43,40,18,24,24,24,46,30,64,47,35,35,19,28,50,0],"gold":310,"neow_bonus":"TRANSFORM_TWO_CARDS","is_prod":false,"is_daily":false,"chose_seed":false,"campfire_upgraded":2,"win_rate":0,"timestamp":1545858077,"path_taken":["M","M","M","M","?","R","M","R","T","M","E","M","?","?","R","BOSS","M","M","?","M","M","R","M"],"build_version":"2018-12-20","purchased_purges":0,"victory":false,"max_hp_per_floor":[75,75,75,75,75,75,75,75,75,75,75,75,75,75,75,75,75,75,75,75,75,75,75,75],"card_choices":[{"not_picked":["Cleave","Combust"],"picked":"Whirlwind","floor":1.0},{"not_picked":["Cleave","Heavy Blade"],"picked":"Spot Weakness","floor":2.0},{"not_picked":["Dual Wield","Thunderclap","Clothesline"],"picked":"SKIP","floor":3.0},{"not_picked":["Clash","Ghostly Armor","Pommel Strike"],"picked":"SKIP","floor":4.0},{"not_picked":["Clothesline","Blood for Blood","Wild Strike"],"picked":"SKIP","floor":7.0},{"not_picked":["Flex","Cleave","Warcry"],"picked":"SKIP","floor":10.0},{"not_picked":["Pommel Strike","Ghostly Armor"],"picked":"Double Tap","floor":11.0},{"not_picked":["Havoc","Searing Blow","Clothesline"],"picked":"SKIP","floor":12.0},{"not_picked":["Brutality","Immolate"],"picked":"Limit Break","floor":16.0},{"not_picked":["Dropkick"],"picked":"SKIP","floor":18.0},{"not_picked":["Inflame"],"picked":"SKIP","floor":19.0},{"not_picked":["Heavy Blade"],"picked":"SKIP","floor":21.0},{"not_picked":["Flex"],"picked":"SKIP","floor":22.0}],"player_experience":628907,"relics_obtained":[{"floor":9.0,"key":"Gremlin Horn"},{"floor":11.0,"key":"Meat on the Bone"},{"floor":14.0,"key":"Potion Belt"}],"event_choices":[{"damage_healed":0.0,"max_hp_gain":0.0,"max_hp_loss":0.0,"gold_gain":0.0,"event_name":"Shining Light","player_choice":"Entered Light","floor":5.0,"gold_loss":0.0,"damage_taken":23.0,"cards_upgraded":["Heavy Blade","Strike_R"]},{"damage_healed":0.0,"max_hp_gain":0.0,"max_hp_loss":0.0,"gold_gain":0.0,"event_name":"Dead Adventurer","player_choice":"Searched \u00270\u0027 times","floor":13.0,"gold_loss":0.0,"damage_taken":0.0},{"damage_healed":0.0,"max_hp_gain":0.0,"max_hp_loss":0.0,"gold_gain":50.0,"event_name":"Nest","player_choice":"Stole From Cult","floor":20.0,"gold_loss":0.0,"damage_taken":0.0}],"is_beta":false,"boss_relics":[{"not_picked":["Runic Pyramid","Pandora\u0027s Box"],"picked":"Busted Crown"}],"items_purged_floors":[],"is_endless":false,"potions_floor_spawned":[2,3,4,10,16,21,22],"killed_by":"Chosen and Byrds","ascension_level":17}