{"gold_per_floor":[109,126,51,63,75,75,103,122,122,122,122,135,35,46,46,46],"floor_reached":16,"playtime":1183,"items_purged":["Strike_G","Strike_G"],"score":130,"play_id":"e09a37a2-f471-48db-9f07-18dbc208c4cd","local_time":"20190316211713","is_ascension_mode":true,"campfire_choices":[{"data":"Neutralize","floor":6,"key":"SMITH"},{"floor":10,"key":"REST"},{"data":"Bouncing Flask","floor":15,"key":"SMITH"}],"neow_cost":"NONE","seed_source_timestamp":343032781317906,"circlet_count":0,"master_deck":["Defend_G","Defend_G","Defend_G","Defend_G","Defend_G+1","Strike_G","Strike_G","Survivor","Neutralize+1","Bouncing Flask+1","Calculated Gamble+1","Deflect","Backflip","Quick Slash","Infinite Blades","Accuracy","Dagger Spray"],"relics":["Ring of the Snake","War Paint","Ninja Scroll"],"potions_floor_usage":[16],"damage_taken":[{"damage":6,"enemies":"2 Louse","floor":1,"turns":3},{"damage":0,"enemies":"Cultist","floor":2,"turns":3},{"damage":0,"enemies":"Jaw Worm","floor":4,"turns":3},{"damage":12,"enemies":"Exordium Thugs","floor":5,"turns":5},{"damage":35,"enemies":"3 Sentries","floor":7,"turns":12},{"damage":1,"enemies":"Blue Slaver","floor":8,"turns":3},{"damage":0,"enemies":"2 Fungi Beasts","floor":12,"turns":5},{"damage":4,"enemies":"Looter","floor":14,"turns":2},{"damage":44,"enemies":"Slime Boss","floor":16,"turns":9}],"seed_played":"1506258420634151880","potions_obtained":[{"floor":2,"key":"Weak Potion"},{"floor":14,"key":"Ancient Potion"}],"is_trial":false,"path_per_floor":["M","M","$","M","M","R","E","M","T","R","?","M","$","M","R","B"],"character_chosen":"THE_SILENT","items_purchased":[],"campfire_rested":1,"item_purchase_floors":[],"current_hp_per_floor":[71,71,71,71,59,59,24,23,23,46,46,46,46,42,42,0],"gold":46,"neow_bonus":"TEN_PERCENT_HP_BONUS","is_prod":false,"is_daily":false,"chose_seed":false,"campfire_upgraded":2,"win_rate":0,"timestamp":1552796233,"path_taken":["M","M","$","M","M","R","E","M","T","R","?","M","$","?","R","BOSS"],"build_version":"2019-01-23","purchased_purges":2,"victory":false,"max_hp_per_floor":[77,77,77,77,77,77,77,77,77,77,77,77,77,77,77,77],"card_choices":[{"not_picked":["Quick Slash","All Out Attack"],"picked":"Bouncing Flask","floor":1},{"not_picked":["Underhanded Strike","Reflex"],"picked":"Calculated Gamble","floor":2},{"not_picked":["Finisher","Poisoned Stab"],"picked":"Deflect","floor":4},{"not_picked":["PiercingWail","Endless Agony"],"picked":"Backflip","floor":5},{"not_picked":["Dodge and Roll","Blade Dance"],"picked":"Quick Slash","floor":7},{"not_picked":["Bullet Time","Deflect"],"picked":"Infinite Blades","floor":8},{"not_picked":["Skewer","Poisoned Stab"],"picked":"Accuracy","floor":12},{"not_picked":["Backflip","Dash"],"picked":"Dagger Spray","floor":14}],"player_experience":157322,"relics_obtained":[{"floor":7,"key":"War Paint"},{"floor":9,"key":"Ninja Scroll"}],"event_choices":[{"cards_removed":["Strike_G"],"damage_healed":0,"gold_gain":0,"player_choice":"Purged","damage_taken":0,"max_hp_gain":0,"max_hp_loss":0,"event_name":"Purifier","floor":11,"gold_loss":0}],"is_beta":false,"boss_relics":[],"items_purged_floors":[3,13],"is_endless":false,"potions_floor_spawned":[2,14],"killed_by":"Slime Boss","ascension_level":5}