{"gold_per_floor":[116,41,41,51,51,51,79,99,99,124,124,136,136,136,136,136],"floor_reached":16,"playtime":886,"items_purged":["Strike_R"],"score":140,"play_id":"40bad4d3-b1a1-4f02-a171-53c87334f3da","local_time":"20180926175542","is_ascension_mode":true,"campfire_choices":[{"data":"Heavy Blade","floor":6,"key":"SMITH"},{"floor":11,"key":"REST"},{"data":"Flex","floor":15,"key":"SMITH"}],"neow_cost":"NONE","seed_source_timestamp":1300209295303020,"circlet_count":0,"master_deck":["Strike_R","Strike_R+1","Strike_R","Strike_R+1","Defend_R","Defend_R","Defend_R","Defend_R","Bash","Heavy Blade+1","Battle Trance","Twin Strike","Flex+1"],"relics":["Burning Blood","Shuriken","Dodecahedron","Whetstone","Anchor","Golden Idol"],"potions_floor_usage":[10,16],"damage_taken":[{"damage":3,"enemies":"2 Louse","floor":1,"turns":3},{"damage":1,"enemies":"Small Slimes","floor":4,"turns":4},{"damage":32,"enemies":"Gremlin Nob","floor":7,"turns":4},{"damage":12,"enemies":"Jaw Worm","floor":8,"turns":2},{"damage":31,"enemies":"Lagavulin","floor":10,"turns":4},{"damage":20,"enemies":"2 Fungi Beasts","floor":12,"turns":3},{"damage":44,"enemies":"Hexaghost","floor":16,"turns":9}],"seed_played":"272565373730710224","potions_obtained":[{"floor":4,"key":"Ancient Potion"},{"floor":8,"key":"SkillPotion"},{"floor":12,"key":"Dexterity Potion"}],"is_trial":false,"path_per_floor":["M","$","?","M","T","R","E","M","T","E","R","M","?","?","R"],"character_chosen":"IRONCLAD","items_purchased":[],"campfire_rested":1,"item_purchase_floors":[],"current_hp_per_floor":[83,83,83,88,88,88,62,56,56,31,57,43,43,43,43,0],"gold":136,"neow_bonus":"TEN_PERCENT_HP_BONUS","is_prod":false,"is_daily":false,"chose_seed":false,"campfire_upgraded":2,"win_rate":0,"timestamp":1537998942,"path_taken":["M","$","?","M","?","R","E","M","T","E","R","M","?","?","R","BOSS"],"build_version":"2018-09-20","purchased_purges":1,"victory":false,"max_hp_per_floor":[88,88,88,88,88,88,88,88,88,88,88,88,81,81,81,81],"card_choices":[{"not_picked":["Clash","Armaments"],"picked":"Heavy Blade","floor":1},{"not_picked":["Wild Strike","Body Slam"],"picked":"Battle Trance","floor":4},{"not_picked":["Intimidate","Combust"],"picked":"Twin Strike","floor":7},{"not_picked":["Sword Boomerang","Bloodletting"],"picked":"Flex","floor":8},{"not_picked":["Clothesline","Havoc","Carnage"],"picked":"SKIP","floor":10},{"not_picked":["Anger","Perfected Strike","Exhume"],"picked":"SKIP","floor":12}],"player_experience":405824,"relics_obtained":[{"floor":5,"key":"Shuriken"},{"floor":7,"key":"Dodecahedron"},{"floor":9,"key":"Whetstone"},{"floor":10,"key":"Anchor"}],"event_choices":[{"event_name":"The Cleric","player_choice":"Leave","floor":3,"damage_taken":0},{"event_name":"Golden Idol","player_choice":"Lose Max HP","floor":13,"damage_taken":0},{"event_name":"WeMeetAgain","player_choice":"Attack","floor":14,"damage_taken":0}],"is_beta":false,"boss_relics":[],"items_purged_floors":[2],"is_endless":false,"potions_floor_spawned":[4,8,12],"killed_by":"Hexaghost","ascension_level":6}