{"gold_per_floor":[113,113,113,26,26,26,54,66,66,77,2,29,29,49,49,127,127,140,40,40,50,50,70,83,83,83,83,83,83,133,143,143,143],"floor_reached":33,"playtime":1665,"items_purged":["Strike_B","Dualcast"],"score":523,"play_id":"87c0022f-ccae-41d7-8ffa-09a920308fac","local_time":"20190723130207","is_ascension_mode":true,"campfire_choices":[{"data":"Zap","floor":6,"key":"SMITH"},{"data":"Biased Cognition","floor":13,"key":"SMITH"},{"floor":15,"key":"REST"},{"floor":32,"key":"REST"}],"neow_cost":"NONE","seed_source_timestamp":89552339430588,"circlet_count":0,"master_deck":["AscendersBane","Zap+1","Rebound+1","Gash+1","Biased Cognition+1","Ball Lightning+1","Sunder+1","Lockon+1","Core Surge+1","Stack","Capacitor","Seek","Reboot","Compile Driver+1","Compile Driver+1","Auto Shields","Shame"],"relics":["Cracked Core","NeowsBlessing","Molten Egg 2","Regal Pillow","Du-Vu Doll","Odd Mushroom","Pandora\u0027s Box","Singing Bowl","StoneCalendar"],"potions_floor_usage":[18,23,24,24],"damage_taken":[{"damage":0,"enemies":"Small Slimes","floor":1,"turns":1},{"damage":0,"enemies":"3 Sentries","floor":7,"turns":1},{"damage":0,"enemies":"Cultist","floor":8,"turns":1},{"damage":10,"enemies":"2 Louse","floor":10,"turns":2},{"damage":4,"enemies":"The Mushroom Lair","floor":12,"turns":2},{"damage":0,"enemies":"2 Fungi Beasts","floor":14,"turns":2},{"damage":18,"enemies":"Slime Boss","floor":16,"turns":6},{"damage":23,"enemies":"Shell Parasite","floor":18,"turns":3},{"damage":11,"enemies":"Spheric Guardian","floor":21,"turns":3},{"damage":0,"enemies":"Chosen and Byrds","floor":23,"turns":3},{"damage":5,"enemies":"Snake Plant","floor":24,"turns":2},{"damage":12,"enemies":"3 Cultists","floor":31,"turns":4},{"damage":63,"enemies":"Collector","floor":33,"turns":6}],"seed_played":"9016315858851396039","potions_obtained":[{"floor":10,"key":"Energy Potion"},{"floor":14,"key":"Block Potion"},{"floor":21,"key":"GamblersBrew"},{"floor":23,"key":"LiquidBronze"}],"is_trial":false,"path_per_floor":["M","?","?","$","?","R","E","M","T","M","$","?","R","M","R","B",null,"M","$","?","M","$","M","M","?","T","?","?","$","?","M","R","B"],"character_chosen":"DEFECT","items_purchased":["Rebound+1","Gash+1"],"campfire_rested":2,"item_purchase_floors":[4,4],"current_hp_per_floor":[64,59,59,59,59,59,59,59,59,49,49,45,45,45,71,53,67,44,44,44,33,33,33,28,28,28,28,28,28,28,18,54,0],"gold":143,"neow_bonus":"THREE_ENEMY_KILL","is_prod":false,"is_daily":false,"chose_seed":false,"campfire_upgraded":2,"win_rate":0,"timestamp":1563901327,"path_taken":["M","?","?","$","?","R","E","M","T","?","$","?","R","M","R","BOSS","M","$","?","M","$","M","M","?","T","?","?","$","?","M","R","BOSS"],"build_version":"2019-07-17","purchased_purges":2,"victory":false,"max_hp_per_floor":[71,71,71,71,71,71,71,71,71,71,71,71,71,71,71,71,71,71,71,71,71,71,71,71,71,71,71,71,71,71,73,73,73],"card_choices":[{"not_picked":["Redo","Gash"],"picked":"Rip and Tear","floor":1},{"not_picked":["Melter+1","Streamline+1","Barrage+1"],"picked":"SKIP","floor":7},{"not_picked":["Reprogram","Leap"],"picked":"Ball Lightning+1","floor":8},{"not_picked":["Undo","Rebound+1"],"picked":"Sunder+1","floor":10},{"not_picked":["Chaos","Go for the Eyes+1"],"picked":"Lockon+1","floor":12},{"not_picked":["Steam","Rebound+1","Barrage+1"],"picked":"SKIP","floor":14},{"not_picked":["Rainbow","Buffer"],"picked":"Core Surge+1","floor":16},{"not_picked":["Go for the Eyes+1","Rip and Tear+1","Lockon+1"],"picked":"SKIP","floor":18},{"not_picked":["Rip and Tear+1","Go for the Eyes+1"],"picked":"Auto Shields","floor":21},{"not_picked":["Aggregate+1","Go for the Eyes+1","Rebound+1"],"picked":"SKIP","floor":23},{"not_picked":["Stack","Redo","Gash+1"],"picked":"SKIP","floor":24},{"not_picked":["Sweeping Beam+1","Double Energy","Storm+1"],"picked":"Singing Bowl","floor":31}],"player_experience":914568,"relics_obtained":[{"floor":7,"key":"Regal Pillow"},{"floor":9,"key":"Du-Vu Doll"},{"floor":12,"key":"Odd Mushroom"},{"floor":26,"key":"StoneCalendar"}],"event_choices":[{"damage_healed":0,"gold_gain":0,"player_choice":"Success","damage_taken":5,"relics_obtained":["Molten Egg 2"],"max_hp_gain":0,"max_hp_loss":0,"event_name":"Scrap Ooze","floor":2,"gold_loss":0},{"cards_removed":["Strike_B"],"damage_healed":0,"gold_gain":0,"player_choice":"Forget","damage_taken":0,"max_hp_gain":0,"max_hp_loss":0,"event_name":"Living Wall","floor":3,"gold_loss":0},{"damage_healed":0,"gold_gain":0,"cards_transformed":["Strike_B"],"player_choice":"Transformed","damage_taken":0,"max_hp_gain":0,"max_hp_loss":0,"event_name":"Transmorgrifier","floor":5,"gold_loss":0,"cards_obtained":["Biased Cognition"]},{"damage_healed":0,"gold_gain":0,"player_choice":"Fought Mushrooms","damage_taken":0,"max_hp_gain":0,"max_hp_loss":0,"event_name":"Mushrooms","floor":12,"gold_loss":0},{"damage_healed":0,"gold_gain":0,"cards_transformed":["Aggregate","Rip and Tear"],"player_choice":"Became Test Subject","damage_taken":0,"max_hp_gain":0,"max_hp_loss":0,"event_name":"Drug Dealer","floor":20,"gold_loss":0,"cards_obtained":["Compile Driver","Compile Driver"]},{"damage_healed":0,"gold_gain":0,"player_choice":"Stole Relic","damage_taken":0,"relics_obtained":["Singing Bowl"],"max_hp_gain":0,"max_hp_loss":0,"event_name":"Addict","floor":25,"gold_loss":0,"cards_obtained":["Shame"]},{"damage_healed":0,"gold_gain":0,"player_choice":"Ignored","damage_taken":0,"max_hp_gain":0,"max_hp_loss":0,"event_name":"Vampires","floor":27,"gold_loss":0},{"damage_healed":0,"gold_gain":0,"player_choice":"Ignored","damage_taken":0,"max_hp_gain":0,"max_hp_loss":0,"event_name":"Ghosts","floor":28,"gold_loss":0},{"damage_healed":0,"gold_gain":50,"player_choice":"Stole From Cult","damage_taken":0,"max_hp_gain":0,"max_hp_loss":0,"event_name":"Nest","floor":30,"gold_loss":0}],"is_beta":false,"boss_relics":[{"not_picked":["Coffee Dripper","Black Star"],"picked":"Pandora\u0027s Box"}],"items_purged_floors":[11,19],"is_endless":false,"potions_floor_spawned":[10,14,16,21,23],"killed_by":"Collector","ascension_level":19}