{"gold_per_floor":[119,133,147,147,72,72,88,88,88,88,98,112,126,126,126,226,226,226,226,58,58,58,58,58,58,58,58,58,58,58,58,58,58,58,58,58,58,58,58,58,58,58,58,58,58,58,58,58,58,58],"floor_reached":51,"playtime":1481,"items_purged":["Strike_R","Strike_R"],"score":715,"play_id":"0d6d7d3c-de0c-4c4a-817e-26d0dcd63dd9","local_time":"20190107024611","is_ascension_mode":false,"campfire_choices":[{"data":"Armaments","floor":6,"key":"SMITH"},{"data":"True Grit","floor":8,"key":"SMITH"},{"data":"Bash","floor":10,"key":"SMITH"},{"data":"Body Slam","floor":15,"key":"SMITH"},{"data":"Bludgeon","floor":24,"key":"SMITH"},{"data":"Spot Weakness","floor":28,"key":"SMITH"},{"data":"Ghostly Armor","floor":30,"key":"SMITH"},{"data":"Shrug It Off","floor":32,"key":"SMITH"},{"data":"Barricade","floor":40,"key":"SMITH"},{"data":"Shrug It Off","floor":42,"key":"SMITH"},{"data":"Shrug It Off","floor":47,"key":"SMITH"},{"data":"Shrug It Off","floor":49,"key":"SMITH"}],"neow_cost":"NONE","seed_source_timestamp":145947963665977,"circlet_count":0,"master_deck":["Strike_R","Strike_R","Strike_R","Defend_R","Defend_R","Defend_R","Defend_R","Bash+1","Armaments+1","True Grit+1","Shrug It Off+1","Headbutt","Shrug It Off+1","Body Slam+1","Bludgeon+1","Ghostly Armor+1","Spot Weakness+1","Evolve+1","Shrug It Off+1","Barricade+1","Shrug It Off+1","Shrug It Off+1"],"relics":["Burning Blood","NeowsBlessing","Ancient Tea Set","Ectoplasm","Singing Bowl","Magic Flower","Mark of Pain","Self Forming Clay"],"potions_floor_usage":[12,13,16,18,19,23,23,29,29,33,45,50,50],"damage_taken":[{"damage":0,"enemies":"Cultist","floor":1,"turns":1},{"damage":0,"enemies":"2 Louse","floor":2,"turns":1},{"damage":0,"enemies":"Jaw Worm","floor":3,"turns":1},{"damage":10,"enemies":"Exordium Thugs","floor":7,"turns":6},{"damage":5,"enemies":"3 Louse","floor":11,"turns":3},{"damage":0,"enemies":"Exordium Wildlife","floor":12,"turns":5},{"damage":1,"enemies":"2 Fungi Beasts","floor":13,"turns":4},{"damage":55,"enemies":"Hexaghost","floor":16,"turns":11},{"damage":0,"enemies":"Spheric Guardian","floor":18,"turns":4},{"damage":7,"enemies":"Shell Parasite","floor":19,"turns":3},{"damage":2,"enemies":"Snecko","floor":21,"turns":4},{"damage":6,"enemies":"Snake Plant","floor":22,"turns":4},{"damage":12,"enemies":"Book of Stabbing","floor":23,"turns":6},{"damage":4,"enemies":"3 Cultists","floor":25,"turns":4},{"damage":1,"enemies":"Cultist and Chosen","floor":29,"turns":5},{"damage":18,"enemies":"Shelled Parasite and Fungi","floor":31,"turns":4},{"damage":68,"enemies":"Champ","floor":33,"turns":12},{"damage":2,"enemies":"Orb Walker","floor":35,"turns":2},{"damage":10,"enemies":"3 Shapes","floor":38,"turns":5},{"damage":46,"enemies":"3 Darklings","floor":39,"turns":8},{"damage":0,"enemies":"Maw","floor":41,"turns":8},{"damage":0,"enemies":"Sphere and 2 Shapes","floor":45,"turns":5},{"damage":4,"enemies":"Jaw Worm Horde","floor":48,"turns":7},{"damage":87,"enemies":"Time Eater","floor":50,"turns":15}],"seed_played":"-6740303642000793378","potions_obtained":[{"floor":2,"key":"Regen Potion"},{"floor":3,"key":"AttackPotion"},{"floor":11,"key":"FearPotion"},{"floor":16,"key":"EntropicBrew"},{"floor":23,"key":"EssenceOfSteel"},{"floor":25,"key":"Regen Potion"},{"floor":31,"key":"FearPotion"},{"floor":38,"key":"Strength Potion"},{"floor":41,"key":"Fruit Juice"},{"floor":45,"key":"Dexterity Potion"}],"is_trial":false,"path_per_floor":["M","M","M","?","$","R","M","R","T","R","M","M","M","?","R","B",null,"M","M","$","M","M","E","R","M","T","?","R","M","R","M","R","B",null,"M","$","?","M","M","R","M","R","T","?","M","$","R","M","R","B",null],"character_chosen":"IRONCLAD","items_purchased":["Spot Weakness"],"campfire_rested":0,"item_purchase_floors":[20],"current_hp_per_floor":[80,80,80,85,85,85,81,81,81,81,82,85,85,85,85,51,85,85,84,84,85,85,79,79,83,83,83,83,89,89,82,82,23,91,93,93,88,89,54,54,63,63,63,65,84,84,84,89,89,11],"gold":58,"neow_bonus":"THREE_ENEMY_KILL","is_prod":false,"is_daily":false,"chose_seed":false,"campfire_upgraded":12,"win_rate":0,"timestamp":1546847171,"path_taken":["M","M","?","?","$","R","M","R","T","R","M","M","M","?","R","BOSS","M","M","$","M","M","E","R","M","T","?","R","M","R","M","R","BOSS","M","$","?","M","M","R","M","R","T","?","M","?","R","M","R","BOSS"],"build_version":"2019-01-03v4","purchased_purges":2,"victory":true,"max_hp_per_floor":[80,80,80,85,85,85,85,85,85,85,85,85,85,85,85,85,85,85,85,85,85,85,85,85,87,87,87,87,89,89,91,91,91,91,93,93,88,90,92,92,92,92,92,94,101,101,101,101,101,101],"card_choices":[{"not_picked":["Clash","Sentinel"],"picked":"Armaments","floor":1},{"not_picked":["Seeing Red","Sentinel","Havoc"],"picked":"SKIP","floor":2},{"not_picked":["Sever Soul","Armaments"],"picked":"True Grit","floor":3},{"not_picked":["Armaments","Wild Strike"],"picked":"Shrug It Off","floor":7},{"not_picked":["Second Wind","Disarm"],"picked":"Headbutt","floor":11},{"not_picked":["Cleave","Armaments"],"picked":"Shrug It Off","floor":12},{"not_picked":["Anger","Headbutt"],"picked":"Body Slam","floor":13},{"not_picked":["Double Tap","Exhume"],"picked":"Bludgeon","floor":16},{"not_picked":["Clash","Iron Wave","Sword Boomerang"],"picked":"SKIP","floor":18},{"not_picked":["Searing Blow","Rupture"],"picked":"Ghostly Armor","floor":19},{"not_picked":["Combust","Thunderclap+1","Armaments+1"],"picked":"SKIP","floor":21},{"not_picked":["Brutality","Anger+1","Perfected Strike"],"picked":"SKIP","floor":22},{"not_picked":["Rupture+1","Reckless Charge+1"],"picked":"Evolve+1","floor":23},{"not_picked":["Ghostly Armor","Inflame","Havoc"],"picked":"Singing Bowl","floor":25},{"not_picked":["Disarm","Rupture+1","Seeing Red+1"],"picked":"Singing Bowl","floor":29},{"not_picked":["Wild Strike","Sentinel","Clash+1"],"picked":"Singing Bowl","floor":31},{"not_picked":["Dark Embrace","Berserk"],"picked":"Barricade","floor":33},{"not_picked":["Corruption+1","Perfected Strike+1","Flex+1"],"picked":"Singing Bowl","floor":35},{"not_picked":["Sever Soul+1","Rage+1","Bloodletting"],"picked":"Singing Bowl","floor":38},{"not_picked":["Havoc+1","Corruption","Blood for Blood"],"picked":"Singing Bowl","floor":39},{"not_picked":["Warcry","Flame Barrier"],"picked":"Shrug It Off+1","floor":41},{"not_picked":["Panacea","Enlightenment","The Bomb"],"picked":"Singing Bowl","floor":44},{"not_picked":["Iron Wave","Armaments+1","Wild Strike"],"picked":"Singing Bowl","floor":45},{"not_picked":["Thunderclap+1","Pommel Strike+1"],"picked":"Shrug It Off","floor":48}],"player_experience":683773,"relics_obtained":[{"floor":9,"key":"Ancient Tea Set"},{"floor":23,"key":"Singing Bowl"},{"floor":26,"key":"Magic Flower"},{"floor":43,"key":"Self Forming Clay"}],"event_choices":[{"damage_healed":0,"gold_gain":0,"player_choice":"Donut","damage_taken":0,"max_hp_gain":5,"max_hp_loss":0,"event_name":"Big Fish","floor":4,"gold_loss":0},{"damage_healed":0,"gold_gain":0,"player_choice":"Ignored","damage_taken":0,"max_hp_gain":0,"max_hp_loss":0,"event_name":"Liars Game","floor":14,"gold_loss":0},{"damage_healed":0,"gold_gain":0,"player_choice":"Copied","damage_taken":0,"max_hp_gain":0,"max_hp_loss":0,"event_name":"Duplicator","floor":27,"gold_loss":0,"cards_obtained":["Shrug It Off"]},{"damage_healed":0,"gold_gain":0,"player_choice":"Max HP","damage_taken":0,"max_hp_gain":0,"max_hp_loss":5,"event_name":"Winding Halls","floor":37,"gold_loss":0},{"damage_healed":0,"gold_gain":0,"player_choice":"Memory 1","damage_taken":0,"max_hp_gain":0,"max_hp_loss":0,"event_name":"SensoryStone","floor":44,"gold_loss":0}],"is_beta":false,"boss_relics":[{"not_picked":["Snecko Eye","White Beast Statue"],"picked":"Ectoplasm"},{"not_picked":["Coffee Dripper","Runic Pyramid"],"picked":"Mark of Pain"}],"items_purged_floors":[5,20],"is_endless":false,"potions_floor_spawned":[2,3,11,16,23,25,31,38,41,45],"ascension_level":0}