{"path_per_floor":["M","?","M","M","$","R","E","R","T","M","M","M","R","?","R","B",null,"M","?","M","?","M"],"character_chosen":"IRONCLAD","items_purchased":[],"gold_per_floor":[119,69,82,100,25,25,51,51,78,96,109,126,126,156,156,257,257,268,268,287,287,305],"floor_reached":23,"campfire_rested":0,"playtime":1437,"current_hp_per_floor":[78,78,80,80,80,80,54,54,54,53,53,50,50,50,50,37,75,66,66,52,36,30],"items_purged":["Defend_R"],"gold":305,"score":261,"play_id":"fea17b4d-b04d-4364-bde6-f76e9b0dd79f","is_prod":false,"is_daily":false,"is_ascension_mode":true,"campfire_upgraded":4,"path_taken":["M","?","M","?","$","R","E","R","T","M","M","M","R","?","R","BOSS","M","?","M","?","M","E"],"build_version":"2018-02-15-PROD1","purchased_purges":2,"victory":false,"master_deck":["Strike_R","Strike_R","Strike_R","Defend_R","Defend_R","Defend_R","Bash","True Grit+1","Feel No Pain","Armaments+1","Entrench+1","Body Slam+1","Juggernaut","Metallicize","Body Slam","Necronomicurse","Whirlwind+1"],"max_hp_per_floor":[80,80,80,80,80,80,87,87,87,87,87,87,87,87,87,87,87,87,87,87,87,87],"relics":["Burning Blood","Strawberry","Lantern","Matryoshka","Question Card","Necronomicon"],"card_choices":[{"not_picked":["Carnage","Warcry"],"picked":"True Grit"},{"not_picked":["Hemokinesis","Headbutt"],"picked":"Feel No Pain"},{"not_picked":["Iron Wave","Shockwave"],"picked":"Armaments"},{"not_picked":["Seeing Red","True Grit"],"picked":"Entrench"},{"not_picked":["Corruption","Thunderclap"],"picked":"Body Slam"},{"not_picked":["Bludgeon","Feed"],"picked":"Juggernaut"},{"not_picked":["Wild Strike","Flex","Fire Breathing"],"picked":"Metallicize"},{"not_picked":["Second Wind","Perfected Strike","Carnage"],"picked":"Body Slam"},{"not_picked":["Body Slam","True Grit","Warcry"],"picked":"Whirlwind"}],"player_experience":238398,"potions_floor_usage":[23],"damage_taken":[{"damage":0.0,"enemies":"Small Slimes","floor":1.0,"turns":3.0},{"damage":3.0,"enemies":"2 Louse","floor":3.0,"turns":3.0},{"damage":0.0,"enemies":"Cultist","floor":4.0,"turns":4.0},{"damage":39.0,"enemies":"Lagavulin","floor":7.0,"turns":10.0},{"damage":7.0,"enemies":"3 Louse","floor":10.0,"turns":5.0},{"damage":6.0,"enemies":"Looter","floor":11.0,"turns":3.0},{"damage":9.0,"enemies":"Large Slime","floor":12.0,"turns":8.0},{"damage":19.0,"enemies":"Slime Boss","floor":16.0,"turns":17.0},{"damage":15.0,"enemies":"Shell Parasite","floor":18.0,"turns":9.0},{"damage":20.0,"enemies":"Chosen","floor":20.0,"turns":6.0},{"damage":12.0,"enemies":"Snecko","floor":22.0,"turns":6.0},{"damage":35,"enemies":"Book of Stabbing","floor":23,"turns":6}],"event_choices":[{"event_name":"The Cleric","player_choice":"Card Removal","floor":2.0,"damage_taken":0.0},{"event_name":"Dead Adventurer","player_choice":"Searched \u00273\u0027 times","floor":14.0,"damage_taken":0.0},{"event_name":"Back to Basics","player_choice":"Elegance","floor":19.0,"damage_taken":0.0},{"event_name":"Cursed Tome","player_choice":"Obtained Book","floor":21.0,"damage_taken":0.0}],"boss_relics":[],"potions_floor_spawned":[1,12,20,22],"seed_played":"-7754717006378866845","killed_by":"Book of Stabbing","ascension_level":7,"is_trial":false}