{"gold_per_floor":[367,367,367,11,22,57,19,83,162,193,11,40,51,70,70,169,219,232,232,251,261,7,41,41,71,95,128,128,139,139,150,150,246,246,258,276,17,17,117,117,117,151,151,177,177],"floor_reached":45,"playtime":2734,"items_purged":["Injury"],"score":834,"play_id":"57f8d91a-0f7c-49bb-9c80-2bea2109bf1d","local_time":"20190711085050","is_ascension_mode":true,"campfire_choices":[{"data":"Armaments","floor":15,"key":"SMITH"},{"floor":24,"key":"REST"},{"floor":32,"key":"REST"},{"floor":41,"key":"REST"}],"neow_cost":"CURSE","seed_source_timestamp":228546387021171,"circlet_count":0,"master_deck":["Strike_R+1","Strike_R","Strike_R+1","Defend_R","Defend_R","Defend_R+1","Bash+1","Cleave","Whirlwind","Thunderclap+1","Fire Breathing+1","Feel No Pain+1","True Grit","Panacea","True Grit","Berserk+1","Armaments+1","Anger","Limit Break","Heavy Blade","Uppercut","Mayhem+1","Metallicize+1","Flex","Feed","Flex+1","RitualDagger","Iron Wave","Juggernaut+1","Impervious","Rupture+1","Fire Breathing+1","Rage+1","Battle Trance+1","Power Through+1","Apotheosis","Flash of Steel","Heavy Blade"],"relics":["Burning Blood","Bronze Scales","PreservedInsect","Brimstone","Frozen Egg 2","Ornamental Fan","Bottled Flame","Regal Pillow","Oddly Smooth Stone","Tiny House","Whetstone","Blood Vial","Vajra","Juzu Bracelet","Bag of Preparation","Astrolabe","FossilizedHelix","Calipers","Pantograph","Orichalcum"],"potions_floor_usage":[10,16,21,23,25,27,29,31,40,44],"damage_taken":[{"damage":6,"enemies":"Cultist","floor":1,"turns":4},{"damage":3,"enemies":"Jaw Worm","floor":5,"turns":3},{"damage":0,"enemies":"Gremlin Nob","floor":6,"turns":2},{"damage":0,"enemies":"Gremlin Nob","floor":8,"turns":2},{"damage":5,"enemies":"Lagavulin","floor":10,"turns":3},{"damage":15,"enemies":"Gremlin Nob","floor":12,"turns":3},{"damage":0,"enemies":"Small Slimes","floor":13,"turns":2},{"damage":6,"enemies":"Blue Slaver","floor":14,"turns":2},{"damage":17,"enemies":"The Guardian","floor":16,"turns":6},{"damage":9,"enemies":"Chosen","floor":18,"turns":4},{"damage":20,"enemies":"Spheric Guardian","floor":20,"turns":4},{"damage":10,"enemies":"Cultist and Chosen","floor":21,"turns":4},{"damage":41,"enemies":"Book of Stabbing","floor":23,"turns":3},{"damage":17,"enemies":"Slavers","floor":25,"turns":3},{"damage":40,"enemies":"Book of Stabbing","floor":27,"turns":4},{"damage":22,"enemies":"Chosen and Byrds","floor":29,"turns":4},{"damage":0,"enemies":"Sentry and Sphere","floor":31,"turns":3},{"damage":27,"enemies":"Champ","floor":33,"turns":7},{"damage":34,"enemies":"3 Darklings","floor":35,"turns":6},{"damage":8,"enemies":"Orb Walker","floor":36,"turns":2},{"damage":35,"enemies":"Mind Bloom Boss Battle","floor":39,"turns":5},{"damage":16,"enemies":"Nemesis","floor":40,"turns":3},{"damage":41,"enemies":"Giant Head","floor":42,"turns":6},{"damage":28,"enemies":"Reptomancer","floor":44,"turns":5},{"damage":29,"enemies":"Transient","floor":45,"turns":3}],"seed_played":"-7956773206929174615","potions_obtained":[{"floor":5,"key":"Block Potion"},{"floor":6,"key":"Swift Potion"},{"floor":8,"key":"Swift Potion"},{"floor":12,"key":"GamblersBrew"},{"floor":14,"key":"EssenceOfSteel"},{"floor":17,"key":"Weak Potion"},{"floor":23,"key":"Fire Potion"},{"floor":25,"key":"BloodPotion"},{"floor":29,"key":"BloodPotion"},{"floor":33,"key":"Ancient Potion"},{"floor":35,"key":"SmokeBomb"},{"floor":39,"key":"FearPotion"}],"is_trial":false,"path_per_floor":["M","?","?","$","M","E","$","?","T","E","$","E","M","M","R","B",null,"M","?","M","M","$","E","R","E","T","E","?","M","T","M","R","B",null,"M","M","$","?","?","E","R","E","T","E","M"],"character_chosen":"IRONCLAD","items_purchased":["PreservedInsect","Brimstone","Fire Breathing+1","Panacea","True Grit","Mayhem+1","Metallicize+1","Apotheosis","Flash of Steel"],"campfire_rested":3,"item_purchase_floors":[4,4,7,11,11,22,22,37,37],"current_hp_per_floor":[80,73,57,57,60,66,66,72,72,73,73,64,70,70,70,59,80,77,61,47,43,43,8,50,39,39,29,23,12,12,43,85,66,86,60,60,60,60,33,25,67,34,34,14,0],"gold":177,"neow_bonus":"TWO_FIFTY_GOLD","is_prod":false,"is_daily":false,"chose_seed":false,"campfire_upgraded":1,"win_rate":0,"timestamp":1562860250,"path_taken":["M","?","?","$","M","E","$","?","T","E","?","E","M","?","R","BOSS","M","?","M","M","$","E","R","E","T","E","?","M","?","M","R","BOSS","M","M","$","?","?","E","R","E","T","E","M"],"build_version":"2019-07-05","purchased_purges":1,"victory":false,"max_hp_per_floor":[80,80,80,80,80,80,80,80,80,80,80,80,80,80,80,80,85,85,90,90,90,90,90,90,90,90,90,90,93,93,93,93,93,93,93,93,93,93,93,93,93,93,93,93,93],"card_choices":[{"not_picked":["Uppercut","Fire Breathing"],"picked":"Cleave","floor":1},{"not_picked":["Sword Boomerang","Reckless Charge"],"picked":"Whirlwind","floor":5},{"not_picked":["Pommel Strike","Exhume"],"picked":"Thunderclap","floor":6},{"not_picked":["Havoc","Body Slam"],"picked":"Feel No Pain+1","floor":8},{"not_picked":["Offering","Headbutt"],"picked":"True Grit","floor":10},{"not_picked":["Blood for Blood","Ghostly Armor"],"picked":"Berserk+1","floor":12},{"not_picked":["Disarm","Uppercut"],"picked":"Armaments","floor":13},{"not_picked":["Bloodletting","Clothesline"],"picked":"Anger","floor":14},{"not_picked":["Reaper","Berserk+1"],"picked":"Limit Break","floor":16},{"not_picked":["Clash","Havoc"],"picked":"Heavy Blade","floor":17},{"not_picked":["Warcry","Thunderclap","Wild Strike"],"picked":"SKIP","floor":18},{"not_picked":["Thunderclap","Cleave"],"picked":"Heavy Blade","floor":20},{"not_picked":["Twin Strike","Evolve+1"],"picked":"Uppercut","floor":21},{"not_picked":["Cleave","Anger"],"picked":"Flex","floor":23},{"not_picked":["Second Wind+1","Entrench"],"picked":"Feed","floor":25},{"not_picked":["Iron Wave","Bloodletting"],"picked":"Flex+1","floor":27},{"not_picked":["Carnage","Combust+1"],"picked":"Iron Wave","floor":29},{"not_picked":["Searing Blow","Second Wind"],"picked":"Juggernaut+1","floor":31},{"not_picked":["Fiend Fire","Brutality+1"],"picked":"Impervious","floor":33},{"not_picked":["Pommel Strike+1","Perfected Strike"],"picked":"Battle Trance+1","floor":35},{"not_picked":["Combust+1","Perfected Strike"],"picked":"Power Through+1","floor":36},{"not_picked":["Pommel Strike","Cleave"],"picked":"Heavy Blade","floor":39},{"not_picked":["Feed","Cleave+1","True Grit"],"picked":"SKIP","floor":42},{"not_picked":["Warcry","Second Wind+1","Evolve+1"],"picked":"SKIP","floor":44}],"player_experience":252895,"relics_obtained":[{"floor":6,"key":"Frozen Egg 2"},{"floor":8,"key":"Ornamental Fan"},{"floor":9,"key":"Bottled Flame"},{"floor":10,"key":"Regal Pillow"},{"floor":12,"key":"Oddly Smooth Stone"},{"floor":23,"key":"Whetstone"},{"floor":25,"key":"Blood Vial"},{"floor":26,"key":"Vajra"},{"floor":27,"key":"Juzu Bracelet"},{"floor":30,"key":"Bag of Preparation"},{"floor":39,"key":"FossilizedHelix"},{"floor":42,"key":"Calipers"},{"floor":43,"key":"Pantograph"},{"floor":44,"key":"Orichalcum"}],"event_choices":[{"damage_healed":0,"gold_gain":0,"player_choice":"Success","damage_taken":7,"relics_obtained":["Bronze Scales"],"max_hp_gain":0,"max_hp_loss":0,"event_name":"Scrap Ooze","floor":2,"gold_loss":0},{"damage_healed":0,"gold_gain":0,"player_choice":"Entered Light","damage_taken":16,"max_hp_gain":0,"max_hp_loss":0,"event_name":"Shining Light","floor":3,"gold_loss":0,"cards_upgraded":["Bash","Strike_R"]},{"damage_healed":0,"gold_gain":30,"player_choice":"Searched \u00272\u0027 times","damage_taken":0,"max_hp_gain":0,"max_hp_loss":0,"event_name":"Dead Adventurer","floor":8,"gold_loss":0},{"damage_healed":0,"gold_gain":0,"player_choice":"Shed Blood","damage_taken":21,"max_hp_gain":5,"max_hp_loss":0,"event_name":"Forgotten Altar","floor":19,"gold_loss":0},{"damage_healed":0,"gold_gain":0,"player_choice":"Joined the Cult","damage_taken":6,"max_hp_gain":0,"max_hp_loss":0,"event_name":"Nest","floor":28,"gold_loss":0,"cards_obtained":["RitualDagger"]},{"cards_removed":["Heavy Blade"],"damage_healed":0,"gold_gain":0,"player_choice":"Removed Attack","damage_taken":0,"max_hp_gain":0,"max_hp_loss":0,"event_name":"Falling","floor":38,"gold_loss":0},{"damage_healed":0,"gold_gain":0,"player_choice":"Fight","damage_taken":0,"max_hp_gain":0,"max_hp_loss":0,"event_name":"MindBloom","floor":39,"gold_loss":0}],"is_beta":false,"boss_relics":[{"not_picked":["Ectoplasm","Calling Bell"],"picked":"Tiny House"},{"not_picked":["Black Blood","Snecko Eye"],"picked":"Astrolabe"}],"items_purged_floors":[11],"is_endless":false,"potions_floor_spawned":[5,6,8,12,14,18,23,25,29,33,35,39],"killed_by":"Transient","ascension_level":5}