{"gold_per_floor":[17,37,50,50,50,89,89,129,129,142,67,92,92,65,65,194,194,210,234,134,154,29,29,154,154,154,192,228,78,93,113,113,237,237,261,261,276,120,186,186,11,51,78,78,78,96,32,47,47,47,47,47,47,86,86],"floor_reached":56,"playtime":5700,"items_purged":["Strike_R","Strike_R","Defend_R","Defend_R","Strike_R"],"score":1258,"play_id":"3a7ef3e6-b0b2-4a5f-8f29-d9d8f733ff75","local_time":"20181205201041","is_ascension_mode":false,"campfire_choices":[{"floor":7.0,"key":"RECALL"},{"data":"Bash","floor":13.0,"key":"SMITH"},{"data":"True Grit","floor":15.0,"key":"SMITH"},{"data":"Disarm","floor":23.0,"key":"SMITH"},{"floor":25.0,"key":"REST"},{"data":"Offering","floor":32.0,"key":"SMITH"},{"data":"Inflame","floor":40.0,"key":"SMITH"},{"data":"Dropkick","floor":44.0,"key":"SMITH"},{"data":"Dropkick","floor":49.0,"key":"SMITH"},{"data":"Defend_R","floor":52.0,"key":"SMITH"}],"neow_cost":"NO_GOLD","seed_source_timestamp":0,"circlet_count":0,"master_deck":["Defend_R","Defend_R+1","Bash+1","Dropkick+1","Disarm+1","True Grit+1","Offering+1","Inflame+1","Double Tap+1","Dropkick+1","Offering+1"],"special_seed":0,"relics":["Burning Blood","Golden Idol","Meat on the Bone","Centennial Puzzle","Philosopher\u0027s Stone","StoneCalendar","Toxic Egg 2","Strawberry","Red Mask","Sundial","Sozu","Bag of Preparation","FossilizedHelix","Frozen Egg 2","Art of War","The Courier","Boot"],"potions_floor_usage":[],"damage_taken":[{"damage":3.0,"enemies":"Small Slimes","floor":1.0,"turns":4.0},{"damage":6.0,"enemies":"Jaw Worm","floor":2.0,"turns":3.0},{"damage":6.0,"enemies":"Cultist","floor":3.0,"turns":3.0},{"damage":11.0,"enemies":"Gremlin Nob","floor":6.0,"turns":4.0},{"damage":77.0,"enemies":"3 Sentries","floor":8.0,"turns":19.0},{"damage":1.0,"enemies":"Exordium Wildlife","floor":10.0,"turns":4.0},{"damage":5.0,"enemies":"Looter","floor":12.0,"turns":4.0},{"damage":44.0,"enemies":"Slime Boss","floor":16.0,"turns":14.0},{"damage":15.0,"enemies":"Chosen","floor":18.0,"turns":6.0},{"damage":11.0,"enemies":"Shell Parasite","floor":19.0,"turns":3.0},{"damage":12.0,"enemies":"Snake Plant","floor":21.0,"turns":5.0},{"damage":6.0,"enemies":"Colosseum Slavers","floor":24.0,"turns":4.0},{"damage":37.0,"enemies":"Colosseum Nobs","floor":24.0,"turns":5.0},{"damage":17.0,"enemies":"Masked Bandits","floor":27.0,"turns":7.0},{"damage":23.0,"enemies":"Gremlin Leader","floor":28.0,"turns":5.0},{"damage":6.0,"enemies":"3 Cultists","floor":30.0,"turns":2.0},{"damage":6.0,"enemies":"Cultist and Chosen","floor":31.0,"turns":2.0},{"damage":6.0,"enemies":"Automaton","floor":33.0,"turns":2.0},{"damage":13.0,"enemies":"3 Shapes","floor":35.0,"turns":4.0},{"damage":6.0,"enemies":"3 Darklings","floor":37.0,"turns":1.0},{"damage":6.0,"enemies":"2 Orb Walkers","floor":39.0,"turns":1.0},{"damage":0.0,"enemies":"Nemesis","floor":42.0,"turns":1.0},{"damage":0.0,"enemies":"Spire Growth","floor":46.0,"turns":2.0},{"damage":6.0,"enemies":"Sphere and 2 Shapes","floor":48.0,"turns":2.0},{"damage":24.0,"enemies":"Time Eater","floor":50.0,"turns":3.0},{"damage":14.0,"enemies":"Shield and Spear","floor":54.0,"turns":2.0},{"damage":55,"enemies":"The Heart","floor":55,"turns":4}],"seed_played":"-8852284779692758042","potions_obtained":[{"floor":1.0,"key":"FairyPotion"},{"floor":2.0,"key":"Swift Potion"},{"floor":16.0,"key":"Ancient Potion"},{"floor":18.0,"key":"Poison Potion"},{"floor":19.0,"key":"Regen Potion"},{"floor":27.0,"key":"Strength Potion"},{"floor":30.0,"key":"Fire Potion"},{"floor":31.0,"key":"LiquidBronze"},{"floor":33.0,"key":"Energy Potion"}],"is_trial":false,"path_per_floor":["M","M","M","?","$","E","R","E","T","M","$","M","R","$","R","B",null,"M","M","$","M","$","R","?","R","T","?","E","$","M","M","R","B",null,"M","?","M","$","?","R","$","E","T","R","$","M","?","M","R","B",null,"R","$","E","B",null],"character_chosen":"IRONCLAD","items_purchased":["True Grit","Bag of Preparation"],"campfire_rested":1,"item_purchase_floors":[14,38],"current_hp_per_floor":[80,80,80,74,74,69,69,25,25,42,42,55,55,55,55,29,74,65,60,60,68,68,68,49,71,78,67,50,50,50,50,50,50,81,74,74,74,74,74,74,74,80,80,80,80,81,81,81,81,63,81,81,81,73,36],"gold":86,"neow_bonus":"REMOVE_TWO","is_prod":false,"is_daily":false,"chose_seed":false,"campfire_upgraded":8,"win_rate":0,"timestamp":1544058641,"path_taken":["M","M","M","?","?","E","R","E","T","M","$","M","R","$","R","BOSS","M","M","$","M","$","R","?","R","T","?","E","$","M","M","R","BOSS","M","?","M","$","?","R","$","E","T","R","?","M","?","M","R","BOSS","R","$","E","BOSS"],"build_version":"2018-11-15","purchased_purges":5,"victory":true,"max_hp_per_floor":[80,80,80,74,74,74,74,74,74,74,74,74,74,74,74,74,74,74,74,74,74,74,74,74,74,81,81,81,81,81,81,81,81,81,81,81,81,81,81,81,81,81,81,81,81,81,81,81,81,81,81,81,81,81,81],"card_choices":[{"not_picked":["Burning Pact","Clothesline"],"picked":"Dropkick","floor":1.0},{"not_picked":["Sword Boomerang","Reckless Charge","Headbutt"],"picked":"SKIP","floor":2.0},{"not_picked":["Burning Pact","Flame Barrier","Armaments"],"picked":"SKIP","floor":3.0},{"not_picked":["Twin Strike","Sword Boomerang","Dual Wield"],"picked":"SKIP","floor":6.0},{"not_picked":["Twin Strike","Sword Boomerang","Dual Wield"],"picked":"SKIP","floor":6.0},{"not_picked":["Cleave","Pommel Strike","Headbutt"],"picked":"SKIP","floor":8.0},{"not_picked":["Clothesline","Bloodletting"],"picked":"Disarm","floor":10.0},{"not_picked":["Dark Embrace","Shrug It Off","Power Through"],"picked":"SKIP","floor":12.0},{"not_picked":["Dark Embrace","Impervious"],"picked":"Offering","floor":16.0},{"not_picked":["Thunderclap","Fire Breathing+1"],"picked":"Inflame","floor":18.0},{"not_picked":["Sword Boomerang","Havoc","Flame Barrier+1"],"picked":"SKIP","floor":19.0},{"not_picked":["Second Wind","Thunderclap","True Grit"],"picked":"SKIP","floor":21.0},{"not_picked":["Perfected Strike","Feel No Pain"],"picked":"Double Tap+1","floor":28.0},{"not_picked":["Clash","Pommel Strike","Body Slam+1"],"picked":"SKIP","floor":30.0},{"not_picked":["Clash","Wild Strike"],"picked":"Dropkick","floor":31.0},{"not_picked":["Clash+1","Hemokinesis+1","Rampage"],"picked":"SKIP","floor":35.0},{"not_picked":["Wild Strike","Armaments+1","Corruption+1"],"picked":"SKIP","floor":37.0},{"not_picked":["Iron Wave+1","Second Wind+1","Twin Strike+1"],"picked":"SKIP","floor":42.0},{"not_picked":["Clash","Feel No Pain+1"],"picked":"Offering+1","floor":46.0},{"not_picked":["Shrug It Off+1","Fire Breathing+1","Flex+1"],"picked":"SKIP","floor":48.0},{"not_picked":["Second Wind+1","Shrug It Off+1","Thunderclap+1"],"picked":"SKIP","floor":54.0}],"player_experience":592502,"relics_obtained":[{"floor":6.0,"key":"Meat on the Bone"},{"floor":8.0,"key":"Centennial Puzzle"},{"floor":24.0,"key":"StoneCalendar"},{"floor":24.0,"key":"Toxic Egg 2"},{"floor":26.0,"key":"Strawberry"},{"floor":27.0,"key":"Red Mask"},{"floor":28.0,"key":"Sundial"},{"floor":39.0,"key":"FossilizedHelix"},{"floor":42.0,"key":"Frozen Egg 2"},{"floor":43.0,"key":"Art of War"},{"floor":54.0,"key":"Boot"}],"event_choices":[{"damage_healed":0.0,"max_hp_gain":0.0,"max_hp_loss":6.0,"gold_gain":0.0,"event_name":"Golden Idol","player_choice":"Lose Max HP","floor":4.0,"gold_loss":0.0,"damage_taken":0.0,"relics_obtained":["Golden Idol"]},{"damage_healed":0.0,"max_hp_gain":0.0,"max_hp_loss":0.0,"gold_gain":0.0,"event_name":"Colosseum","player_choice":"Fight","floor":24.0,"gold_loss":0.0,"damage_taken":0.0},{"damage_healed":0.0,"max_hp_gain":0.0,"max_hp_loss":0.0,"gold_gain":0.0,"event_name":"Colosseum","player_choice":"Fought Nobs","floor":24.0,"gold_loss":0.0,"damage_taken":0.0},{"damage_healed":0.0,"max_hp_gain":0.0,"max_hp_loss":0.0,"gold_gain":0.0,"event_name":"Masked Bandits","player_choice":"Fought Bandits","floor":27.0,"gold_loss":0.0,"damage_taken":0.0},{"damage_healed":0.0,"max_hp_gain":0.0,"max_hp_loss":0.0,"gold_gain":0.0,"event_name":"SensoryStone","player_choice":"Memory 1","floor":36.0,"gold_loss":0.0,"damage_taken":0.0},{"damage_healed":0.0,"max_hp_gain":0.0,"max_hp_loss":0.0,"gold_gain":0.0,"event_name":"Mysterious Sphere","player_choice":"Fight","floor":39.0,"gold_loss":0.0,"damage_taken":0.0},{"damage_healed":0.0,"max_hp_gain":0.0,"max_hp_loss":0.0,"gold_gain":0.0,"event_name":"WeMeetAgain","player_choice":"Paid Gold","floor":47.0,"gold_loss":64.0,"damage_taken":0.0,"relics_obtained":["The Courier"]}],"is_beta":false,"boss_relics":[{"not_picked":["Pandora\u0027s Box","Astrolabe"],"picked":"Philosopher\u0027s Stone"},{"not_picked":["White Beast Statue","Calling Bell"],"picked":"Sozu"}],"items_purged_floors":[11,20,22,29,41],"is_endless":false,"potions_floor_spawned":[1,2,16,18,19,27,30,31,33,37,39,42,48],"ascension_level":0}