{"gold_per_floor":[113,38,49,49,66,66,94,94,151,202,202,225,75,98,98,219,219,238,254,254,275,275],"floor_reached":22,"playtime":2827,"items_purged":["Strike_G","Strike_G"],"score":186,"play_id":"765fa92a-9485-449a-88e6-1615623ef378","local_time":"20190629124112","is_ascension_mode":false,"campfire_choices":[{"data":"Envenom","floor":6,"key":"SMITH"},{"data":"Blur","floor":8,"key":"SMITH"},{"data":"Neutralize","floor":15,"key":"SMITH"}],"neow_cost":"PERCENT_DAMAGE","seed_source_timestamp":274577987357837,"circlet_count":0,"master_deck":["Defend_G","Defend_G","Defend_G","Defend_G","Strike_G","Strike_G","Survivor","Neutralize+1","Dagger Throw","Envenom+1","Sucker Punch","Dagger Spray","Blur+1","Dagger Spray","Flying Knee","Envenom","Shame","Doubt","Clumsy","Bane"],"relics":["Ring of the Snake","Anchor","Tiny Chest","Golden Idol","Calling Bell","Pocketwatch","Kunai","Ancient Tea Set"],"potions_floor_usage":[7,16,16,19],"damage_taken":[{"damage":0,"enemies":"Cultist","floor":1,"turns":4},{"damage":1,"enemies":"2 Louse","floor":3,"turns":3},{"damage":0,"enemies":"Small Slimes","floor":5,"turns":3},{"damage":10,"enemies":"Lagavulin","floor":7,"turns":7},{"damage":0,"enemies":"Exordium Wildlife","floor":12,"turns":5},{"damage":0,"enemies":"3 Louse","floor":14,"turns":2},{"damage":18,"enemies":"Hexaghost","floor":16,"turns":9},{"damage":15,"enemies":"Chosen","floor":18,"turns":8},{"damage":10,"enemies":"Shell Parasite","floor":19,"turns":9},{"damage":9,"enemies":"Shelled Parasite and Fungi","floor":21,"turns":9},{"damage":17,"enemies":"Colosseum Slavers","floor":22,"turns":7},{"damage":39,"enemies":"Colosseum Nobs","floor":22,"turns":5}],"seed_played":"3582053732158860687","potions_obtained":[{"floor":3,"key":"EssenceOfSteel"},{"floor":12,"key":"Poison Potion"},{"floor":14,"key":"Ancient Potion"},{"floor":18,"key":"Regen Potion"}],"is_trial":false,"path_per_floor":["M","$","M","$","M","R","E","R","T","T","?","M","$","M","R","B",null,"M","M","?","M","?"],"character_chosen":"THE_SILENT","items_purchased":["Flying Knee"],"campfire_rested":0,"item_purchase_floors":[13],"current_hp_per_floor":[49,49,48,48,48,48,38,38,38,38,38,38,38,38,38,20,65,50,55,55,46,0],"gold":275,"neow_bonus":"TRANSFORM_TWO_CARDS","is_prod":false,"is_daily":false,"chose_seed":false,"campfire_upgraded":3,"win_rate":0,"timestamp":1561837272,"path_taken":["M","$","M","$","M","R","E","R","T","?","?","M","$","M","R","BOSS","M","M","?","M","?"],"build_version":"2019-01-23","purchased_purges":2,"victory":false,"max_hp_per_floor":[70,70,70,70,70,70,70,70,70,70,65,65,65,65,65,65,65,65,65,65,65,65],"card_choices":[{"not_picked":["Prepared","Terror"],"picked":"Sucker Punch","floor":1},{"not_picked":["Flying Knee","Acrobatics"],"picked":"Dagger Spray","floor":3},{"not_picked":["Acrobatics","Backstab","Prepared"],"picked":"SKIP","floor":5},{"not_picked":["Eviscerate","Dagger Throw"],"picked":"Blur","floor":7},{"not_picked":["Slice","Finisher"],"picked":"Dagger Spray","floor":12},{"not_picked":["Outmaneuver","Bullet Time","Cloak And Dagger"],"picked":"SKIP","floor":14},{"not_picked":["Unload","A Thousand Cuts"],"picked":"Envenom","floor":16},{"not_picked":["Well Laid Plans","Cloak And Dagger"],"picked":"Bane","floor":18},{"not_picked":["Acrobatics","Expertise+1","Skewer"],"picked":"SKIP","floor":19},{"not_picked":["Cloak And Dagger","Backflip","Reflex"],"picked":"SKIP","floor":21}],"player_experience":60511,"relics_obtained":[{"floor":7,"key":"Anchor"},{"floor":9,"key":"Tiny Chest"},{"floor":17,"key":"Pocketwatch"},{"floor":17,"key":"Kunai"},{"floor":17,"key":"Ancient Tea Set"}],"event_choices":[{"damage_healed":0,"gold_gain":0,"player_choice":"Lose Max HP","damage_taken":0,"relics_obtained":["Golden Idol"],"max_hp_gain":0,"max_hp_loss":5,"event_name":"Golden Idol","floor":11,"gold_loss":0},{"damage_healed":0,"gold_gain":0,"player_choice":"Ignored","damage_taken":0,"max_hp_gain":0,"max_hp_loss":0,"event_name":"The Mausoleum","floor":20,"gold_loss":0},{"damage_healed":0,"gold_gain":0,"player_choice":"Fight","damage_taken":0,"max_hp_gain":0,"max_hp_loss":0,"event_name":"Colosseum","floor":22,"gold_loss":0},{"damage_healed":0,"gold_gain":0,"player_choice":"Fought Nobs","damage_taken":0,"max_hp_gain":0,"max_hp_loss":0,"event_name":"Colosseum","floor":22,"gold_loss":0}],"is_beta":false,"boss_relics":[{"not_picked":["Runic Dome","Snecko Eye"],"picked":"Calling Bell"}],"items_purged_floors":[2,13],"is_endless":false,"potions_floor_spawned":[3,12,14,18,22],"killed_by":"Colosseum Nobs","ascension_level":0}