{"gold_per_floor":[114,114,130,130,143,187,187,187,256,274,299,79,79,79,79,210,210,223,298,312,312,58,58],"floor_reached":23,"playtime":1238,"items_purged":["Strike_G+1"],"score":265,"play_id":"83238e3f-897a-4a03-83ac-abbe29f75bd3","local_time":"20190806234110","is_ascension_mode":true,"campfire_choices":[{"data":"Neutralize","floor":7,"key":"SMITH"},{"floor":13,"key":"REST"},{"data":"Malaise","floor":15,"key":"SMITH"}],"neow_cost":"NONE","seed_source_timestamp":139462076035458,"circlet_count":0,"master_deck":["Strike_G","Strike_G","Strike_G","Defend_G","Defend_G","Defend_G","Defend_G+1","Survivor","Neutralize+1","Backstab","Flying Knee","Deflect","Blade Dance","Flying Knee","Regret","Slice","Malaise+1","Cloak And Dagger","Infinite Blades","Envenom","Shame","Decay","Regret","Dodge and Roll","Heel Hook","Doppelganger","Die Die Die","Accuracy","Blade Dance"],"relics":["Ring of the Snake","Golden Idol","Orichalcum","Blood Vial","Sundial","Bird Faced Urn","Calling Bell","Ancient Tea Set","Darkstone Periapt","Nunchaku","Vajra"],"potions_floor_usage":[16,20,23,23],"damage_taken":[{"damage":0,"enemies":"Small Slimes","floor":1,"turns":3},{"damage":1,"enemies":"Jaw Worm","floor":3,"turns":3},{"damage":0,"enemies":"2 Louse","floor":5,"turns":2},{"damage":23,"enemies":"3 Sentries","floor":6,"turns":11},{"damage":7,"enemies":"Exordium Thugs","floor":10,"turns":4},{"damage":4,"enemies":"Blue Slaver","floor":11,"turns":2},{"damage":24,"enemies":"Hexaghost","floor":16,"turns":15},{"damage":11,"enemies":"Chosen","floor":18,"turns":6},{"damage":16,"enemies":"Shell Parasite","floor":20,"turns":8},{"damage":40,"enemies":"Gremlin Leader","floor":23,"turns":6}],"seed_played":"-7906790958062189753","potions_obtained":[{"floor":6,"key":"Ancient Potion"},{"floor":11,"key":"SneckoOil"},{"floor":18,"key":"SteroidPotion"},{"floor":20,"key":"Explosive Potion"}],"is_trial":false,"path_per_floor":["M","?","M","?","M","E","R","?","T","M","M","$","R","?","R","B",null,"M","?","M","?","$","E"],"character_chosen":"THE_SILENT","items_purchased":["Cloak And Dagger","Infinite Blades","Block Potion","Accuracy","Vajra","Blade Dance"],"campfire_rested":1,"item_purchase_floors":[12,12,12,22,22,22],"current_hp_per_floor":[63,49,48,48,48,25,25,25,25,20,18,18,37,37,37,17,53,48,42,32,32,32,0],"gold":58,"neow_bonus":"THREE_CARDS","is_prod":false,"is_daily":false,"chose_seed":false,"campfire_upgraded":2,"win_rate":0,"timestamp":1565160070,"path_taken":["M","?","M","?","M","E","R","?","T","M","?","$","R","?","R","BOSS","M","?","?","?","$","E"],"build_version":"2019-07-17","purchased_purges":1,"victory":false,"max_hp_per_floor":[70,70,70,65,65,65,65,65,65,65,65,65,65,65,65,65,65,65,65,65,65,65,65],"card_choices":[{"not_picked":["Leg Sweep","Outmaneuver"],"picked":"Backstab","floor":0},{"not_picked":["Outmaneuver","Acrobatics"],"picked":"Flying Knee","floor":1},{"not_picked":["Terror","Quick Slash"],"picked":"Deflect","floor":3},{"not_picked":["Underhanded Strike","All Out Attack"],"picked":"Blade Dance","floor":5},{"not_picked":["Underhanded Strike","Outmaneuver"],"picked":"Flying Knee","floor":6},{"not_picked":["Dagger Spray","Outmaneuver"],"picked":"Slice","floor":10},{"not_picked":["Prepared","Eviscerate"],"picked":"Malaise","floor":11},{"not_picked":["Corpse Explosion","Venomology"],"picked":"Envenom","floor":16},{"not_picked":["Outmaneuver","Flying Knee"],"picked":"Dodge and Roll","floor":18},{"not_picked":["Deflect","Dagger Throw+1"],"picked":"Heel Hook","floor":20}],"player_experience":500227,"relics_obtained":[{"floor":6,"key":"Orichalcum"},{"floor":9,"key":"Sundial"},{"floor":17,"key":"Ancient Tea Set"},{"floor":17,"key":"Darkstone Periapt"},{"floor":17,"key":"Nunchaku"}],"event_choices":[{"damage_healed":0,"gold_gain":0,"player_choice":"Entered Light","damage_taken":14,"max_hp_gain":0,"max_hp_loss":0,"event_name":"Shining Light","floor":2,"gold_loss":0,"cards_upgraded":["Defend_G","Strike_G"]},{"damage_healed":0,"gold_gain":0,"player_choice":"Lose Max HP","damage_taken":0,"relics_obtained":["Golden Idol"],"max_hp_gain":0,"max_hp_loss":5,"event_name":"Golden Idol","floor":4,"gold_loss":0},{"damage_healed":0,"gold_gain":0,"player_choice":"Box","damage_taken":0,"relics_obtained":["Blood Vial"],"max_hp_gain":0,"max_hp_loss":0,"event_name":"Big Fish","floor":8,"gold_loss":0,"cards_obtained":["Regret"]},{"damage_healed":0,"gold_gain":0,"player_choice":"Searched \u00271\u0027 times","damage_taken":0,"relics_obtained":["Bird Faced Urn"],"max_hp_gain":0,"max_hp_loss":0,"event_name":"Dead Adventurer","floor":14,"gold_loss":0},{"damage_healed":0,"gold_gain":75,"player_choice":"Touch","damage_taken":6,"max_hp_gain":0,"max_hp_loss":0,"event_name":"FaceTrader","floor":19,"gold_loss":0},{"damage_healed":0,"gold_gain":0,"cards_transformed":["Strike_G","Defend_G"],"player_choice":"Became Test Subject","damage_taken":0,"max_hp_gain":0,"max_hp_loss":0,"event_name":"Drug Dealer","floor":21,"gold_loss":0,"cards_obtained":["Doppelganger","Die Die Die"]}],"is_beta":false,"boss_relics":[{"not_picked":["Eternal Feather","Empty Cage"],"picked":"Calling Bell"}],"items_purged_floors":[12],"is_endless":false,"potions_floor_spawned":[6,11,18,20],"killed_by":"Gremlin Leader","ascension_level":8}