{"gold_per_floor":[116,136,136,147,32,67,67,100,180,180,199,217,230,294,294,389,389,407,421,421,434,434,459,471,471,471,486,21,39,39,54,54,158,158,170,170,270,270,270,270,23,37,86,86,86,111,111],"floor_reached":47,"playtime":4161,"items_purged":["Strike_B","Defend_B"],"score":709,"play_id":"78914f1d-a5d3-41da-9c80-dd845e1ca38a","local_time":"20190703171422","is_ascension_mode":true,"campfire_choices":[{"data":"White Noise","floor":7,"key":"SMITH"},{"floor":10,"key":"REST"},{"data":"Fusion","floor":15,"key":"SMITH"},{"floor":25,"key":"REST"},{"floor":30,"key":"REST"},{"data":"Heatsinks","floor":32,"key":"SMITH"},{"data":"Zap","floor":40,"key":"SMITH"},{"floor":45,"key":"RECALL"}],"neow_cost":"NONE","seed_source_timestamp":32865833178932,"circlet_count":0,"master_deck":["Strike_B","Defend_B","Defend_B+1","Zap+1","Dualcast+1","Cold Snap","Chaos","White Noise+1","Fusion+1","FTL","Go for the Eyes","All For One","Heatsinks+1","Sweeping Beam","Skim","Coolheaded","All For One","Redo+1","Hyperbeam+1","Reinforced Body+1","Beam Cell+1","Steam+1","Heatsinks","RitualDagger","Gash","FTL+1","Steam","Redo+1","Core Surge","Force Field","Madness","Madness","Reprogram+1","Stack+1","Stack+1","White Noise+1","Scrape+1"],"relics":["Cracked Core","Nunchaku","Bronze Scales","Bottled Flame","Tiny Chest","Astrolabe","Mummified Hand","Dream Catcher","Anchor","Incense Burner","Black Star","Prayer Wheel","Toxic Egg 2","Sling","Kunai","Bag of Preparation"],"potions_floor_usage":[4,16,16,19,23,23,33,33,33],"damage_taken":[{"damage":2,"enemies":"Jaw Worm","floor":1,"turns":3},{"damage":0,"enemies":"Small Slimes","floor":2,"turns":3},{"damage":0,"enemies":"2 Louse","floor":4,"turns":3},{"damage":8,"enemies":"Lagavulin","floor":6,"turns":7},{"damage":38,"enemies":"Gremlin Nob","floor":8,"turns":6},{"damage":1,"enemies":"2 Fungi Beasts","floor":11,"turns":2},{"damage":3,"enemies":"Looter","floor":12,"turns":2},{"damage":4,"enemies":"3 Louse","floor":13,"turns":2},{"damage":3,"enemies":"3 Sentries","floor":14,"turns":4},{"damage":22,"enemies":"The Guardian","floor":16,"turns":11},{"damage":16,"enemies":"3 Byrds","floor":18,"turns":4},{"damage":16,"enemies":"Shell Parasite","floor":19,"turns":3},{"damage":0,"enemies":"Sentry and Sphere","floor":21,"turns":3},{"damage":7,"enemies":"Gremlin Leader","floor":23,"turns":3},{"damage":20,"enemies":"Chosen and Byrds","floor":24,"turns":7},{"damage":0,"enemies":"Snecko","floor":27,"turns":2},{"damage":7,"enemies":"Centurion and Healer","floor":29,"turns":4},{"damage":0,"enemies":"Sentry and Sphere","floor":31,"turns":3},{"damage":0,"enemies":"Champ","floor":33,"turns":6},{"damage":12,"enemies":"Orb Walker","floor":35,"turns":3},{"damage":21,"enemies":"Mind Bloom Boss Battle","floor":37,"turns":5},{"damage":0,"enemies":"3 Darklings","floor":42,"turns":3},{"damage":8,"enemies":"Reptomancer","floor":46,"turns":4},{"damage":26,"enemies":"Writhing Mass","floor":47,"turns":1}],"seed_played":"8928382409250744886","potions_obtained":[{"floor":1,"key":"EssenceOfSteel"},{"floor":6,"key":"Ancient Potion"},{"floor":11,"key":"SneckoOil"},{"floor":12,"key":"SmokeBomb"},{"floor":16,"key":"FocusPotion"},{"floor":19,"key":"PowerPotion"},{"floor":21,"key":"FearPotion"},{"floor":24,"key":"EssenceOfSteel"},{"floor":29,"key":"PowerPotion"},{"floor":35,"key":"SteroidPotion"}],"is_trial":false,"path_per_floor":["M","M","?","M","$","E","R","E","T","R","M","M","M","E","R","B",null,"M","M","?","M","?","E","M","R","T","M","$","M","R","M","R","B",null,"M","?","?","T","?","R","$","M","T","?","R","E","M"],"character_chosen":"DEFECT","items_purchased":["FTL","Incense Burner","Ancient Potion","Sling","Stack+1"],"campfire_rested":3,"item_purchase_floors":[5,28,28,41,41],"current_hp_per_floor":[73,73,58,58,58,50,50,12,12,34,33,30,26,23,23,1,75,59,43,43,43,37,30,10,32,32,32,32,25,47,47,47,47,75,63,54,33,33,33,33,33,33,33,33,33,25,0],"gold":111,"neow_bonus":"THREE_CARDS","is_prod":false,"is_daily":false,"chose_seed":false,"campfire_upgraded":4,"win_rate":0,"timestamp":1562199262,"path_taken":["M","M","?","M","$","E","R","E","T","R","M","M","M","E","R","BOSS","M","M","?","M","?","E","M","R","T","M","$","M","R","M","R","BOSS","M","?","?","?","?","R","$","M","T","?","R","E","?"],"build_version":"2019-07-01","purchased_purges":2,"victory":false,"max_hp_per_floor":[75,75,75,75,75,75,75,75,75,75,75,75,75,75,75,75,75,75,75,75,75,75,75,75,75,75,75,75,75,75,75,75,75,75,75,75,75,75,75,75,75,75,75,75,75,75,75],"card_choices":[{"not_picked":["Barrage","Streamline"],"picked":"Cold Snap","floor":0},{"not_picked":["Redo","Sweeping Beam"],"picked":"Chaos","floor":1},{"not_picked":["Force Field","Gash"],"picked":"White Noise","floor":2},{"not_picked":["Steam","BootSequence"],"picked":"Fusion","floor":4},{"not_picked":["Fusion","Fission"],"picked":"Go for the Eyes","floor":6},{"not_picked":["Steam","Steam Power"],"picked":"All For One","floor":8},{"not_picked":["Darkness","Consume"],"picked":"Heatsinks","floor":11},{"not_picked":["Cold Snap","Double Energy"],"picked":"Sweeping Beam","floor":12},{"not_picked":["Redo","Cold Snap"],"picked":"Skim","floor":13},{"not_picked":["Turbo","Glacier"],"picked":"Coolheaded","floor":14},{"not_picked":["Seek","Biased Cognition"],"picked":"All For One","floor":16},{"not_picked":["Cold Snap","Ball Lightning"],"picked":"Beam Cell+1","floor":18},{"not_picked":["Stack","Sweeping Beam+1"],"picked":"Steam+1","floor":19},{"not_picked":["Auto Shields","BootSequence+1"],"picked":"Heatsinks","floor":21},{"not_picked":["Hello World+1","Doom and Gloom"],"picked":"Gash","floor":23},{"not_picked":["Blizzard","Turbo+1"],"picked":"FTL+1","floor":24},{"not_picked":["Rebound","Turbo"],"picked":"Echo Form","floor":27},{"not_picked":["Rebound+1","Hello World"],"picked":"Steam","floor":29},{"not_picked":["Leap","Steam"],"picked":"Redo+1","floor":31},{"not_picked":["Meteor Strike","Biased Cognition"],"picked":"Core Surge","floor":33},{"not_picked":["Barrage","Streamline+1"],"picked":"Force Field","floor":35},{"not_picked":["Reinforced Body+1","Turbo+1"],"picked":"Reprogram+1","floor":37},{"not_picked":["Rip and Tear","Streamline+1"],"picked":"Stack+1","floor":42},{"not_picked":["Coolheaded+1","Cold Snap+1"],"picked":"White Noise+1","floor":42},{"not_picked":["Hologram+1","Ball Lightning"],"picked":"Scrape+1","floor":46}],"player_experience":152869,"relics_obtained":[{"floor":6,"key":"Nunchaku"},{"floor":8,"key":"Bronze Scales"},{"floor":9,"key":"Bottled Flame"},{"floor":14,"key":"Tiny Chest"},{"floor":23,"key":"Dream Catcher"},{"floor":26,"key":"Anchor"},{"floor":37,"key":"Prayer Wheel"},{"floor":38,"key":"Toxic Egg 2"},{"floor":46,"key":"Kunai"},{"floor":46,"key":"Bag of Preparation"}],"event_choices":[{"damage_healed":0,"gold_gain":0,"player_choice":"Entered Light","damage_taken":15,"max_hp_gain":0,"max_hp_loss":0,"event_name":"Shining Light","floor":3,"gold_loss":0,"cards_upgraded":["Defend_B","Dualcast"]},{"damage_healed":0,"gold_gain":0,"player_choice":"Opened","damage_taken":0,"relics_obtained":["Mummified Hand"],"max_hp_gain":0,"max_hp_loss":0,"event_name":"The Mausoleum","floor":20,"gold_loss":0},{"damage_healed":0,"gold_gain":0,"player_choice":"Joined the Cult","damage_taken":6,"max_hp_gain":0,"max_hp_loss":0,"event_name":"Nest","floor":22,"gold_loss":0,"cards_obtained":["RitualDagger"]},{"damage_healed":0,"gold_gain":0,"player_choice":"Embrace Madness","damage_taken":9,"max_hp_gain":0,"max_hp_loss":0,"event_name":"Winding Halls","floor":36,"gold_loss":0,"cards_obtained":["Madness","Madness"]},{"damage_healed":0,"gold_gain":0,"player_choice":"Fight","damage_taken":0,"max_hp_gain":0,"max_hp_loss":0,"event_name":"MindBloom","floor":37,"gold_loss":0},{"damage_healed":0,"gold_gain":0,"player_choice":"Ignored","damage_taken":0,"max_hp_gain":0,"max_hp_loss":0,"event_name":"Mysterious Sphere","floor":39,"gold_loss":0},{"cards_removed":["Echo Form"],"damage_healed":0,"gold_gain":0,"player_choice":"Removed Power","damage_taken":0,"max_hp_gain":0,"max_hp_loss":0,"event_name":"Falling","floor":44,"gold_loss":0}],"is_beta":false,"boss_relics":[{"not_picked":["Sozu","Orrery"],"picked":"Astrolabe"},{"not_picked":["Nuclear Battery","Cursed Key"],"picked":"Black Star"}],"items_purged_floors":[5,28],"is_endless":false,"potions_floor_spawned":[1,6,11,12,16,19,21,24,29,35],"killed_by":"Writhing Mass","ascension_level":4}