{"gold_per_floor":[109,109,109,121,133,133,158,158,185,185,360,310,335,335,335,335],"floor_reached":16,"playtime":1012,"items_purged":[],"score":148,"play_id":"991e49bd-a711-468d-a8a6-324a1cd7328d","local_time":"20190811180600","is_ascension_mode":true,"campfire_choices":[{"data":"Infinite Blades","floor":6,"key":"SMITH"},{"data":"Infinite Blades","floor":8,"key":"SMITH"},{"floor":10,"key":"REST"},{"floor":15,"key":"REST"}],"neow_cost":"NONE","seed_source_timestamp":83206447145600,"circlet_count":0,"master_deck":["Strike_G","Strike_G","Strike_G","Strike_G","Defend_G","Defend_G","Defend_G","Defend_G","Defend_G","Survivor","Neutralize","Blade Dance","Outmaneuver","Infinite Blades+1","Infinite Blades+1","Backflip"],"relics":["Ring of the Snake","Juzu Bracelet","Pantograph","Boot","Du-Vu Doll","Blood Vial"],"potions_floor_usage":[7,7,13],"damage_taken":[{"damage":8,"enemies":"Jaw Worm","floor":1,"turns":5},{"damage":3,"enemies":"2 Louse","floor":4,"turns":3},{"damage":0,"enemies":"Cultist","floor":5,"turns":4},{"damage":22,"enemies":"Lagavulin","floor":7,"turns":7},{"damage":35,"enemies":"Gremlin Nob","floor":13,"turns":5},{"damage":80,"enemies":"Hexaghost","floor":16,"turns":14}],"seed_played":"-2896714195954203513","potions_obtained":[{"floor":4,"key":"FearPotion"},{"floor":5,"key":"Block Potion"},{"floor":7,"key":"GhostInAJar"}],"is_trial":false,"path_per_floor":["M","?","?","M","M","R","E","R","T","R","?","?","E","?","R","B"],"character_chosen":"THE_SILENT","items_purchased":[],"campfire_rested":2,"item_purchase_floors":[],"current_hp_per_floor":[62,59,59,56,56,56,34,34,34,57,57,57,22,22,45,0],"gold":335,"neow_bonus":"TEN_PERCENT_HP_BONUS","is_prod":false,"is_daily":false,"chose_seed":false,"campfire_upgraded":2,"win_rate":0,"timestamp":1565571960,"path_taken":["M","?","?","M","M","R","E","R","T","R","?","?","E","?","R","BOSS"],"build_version":"2019-07-17","purchased_purges":0,"victory":false,"max_hp_per_floor":[77,77,77,77,77,77,77,77,77,77,77,77,77,77,77,77],"card_choices":[{"not_picked":["Underhanded Strike","Dash"],"picked":"Blade Dance","floor":1},{"not_picked":["Dodge and Roll","Prepared"],"picked":"Outmaneuver","floor":4},{"not_picked":["Deadly Poison","Slice"],"picked":"Infinite Blades","floor":5},{"not_picked":["Envenom","A Thousand Cuts"],"picked":"Infinite Blades","floor":7},{"not_picked":["Night Terror","Outmaneuver"],"picked":"Backflip","floor":13}],"player_experience":297684,"relics_obtained":[{"floor":7,"key":"Pantograph"},{"floor":9,"key":"Boot"},{"floor":13,"key":"Du-Vu Doll"}],"event_choices":[{"damage_healed":0,"gold_gain":0,"player_choice":"Success","damage_taken":3,"relics_obtained":["Juzu Bracelet"],"max_hp_gain":0,"max_hp_loss":0,"event_name":"Scrap Ooze","floor":2,"gold_loss":0},{"cards_removed":["Strike_G"],"damage_healed":0,"gold_gain":0,"player_choice":"Offered Basic","damage_taken":0,"max_hp_gain":0,"max_hp_loss":0,"event_name":"Bonfire Elementals","floor":3,"gold_loss":0},{"damage_healed":0,"gold_gain":175,"player_choice":"AGREE","damage_taken":0,"max_hp_gain":0,"max_hp_loss":0,"event_name":"Liars Game","floor":11,"gold_loss":0,"cards_obtained":["Doubt"]},{"cards_removed":["Doubt"],"damage_healed":0,"gold_gain":0,"player_choice":"Card Removal","damage_taken":0,"max_hp_gain":0,"max_hp_loss":0,"event_name":"The Cleric","floor":12,"gold_loss":50},{"damage_healed":0,"gold_gain":0,"player_choice":"Searched \u00271\u0027 times","damage_taken":0,"relics_obtained":["Blood Vial"],"max_hp_gain":0,"max_hp_loss":0,"event_name":"Dead Adventurer","floor":14,"gold_loss":0}],"is_beta":false,"boss_relics":[],"items_purged_floors":[],"is_endless":false,"potions_floor_spawned":[4,5,7],"killed_by":"Hexaghost","ascension_level":8}