{"gold_per_floor":[115,131,81,81,101,130,130,157,157,173,199,199,124,149,149,244,244,261,261,161,171,46,80,80,93,93,93,111,111,128,138,138,242,242,256,60,75,85,85,85,85,85,112,146,158,190,226,257,269,281],"floor_reached":51,"playtime":3356,"items_purged":["Strike_G","Strike_G","Strike_G"],"score":1056,"play_id":"4c24a672-57c2-4b17-ba97-c3ad30531a85","local_time":"20181019185951","is_ascension_mode":true,"campfire_choices":[{"data":"Noxious Fumes","floor":7.0,"key":"SMITH"},{"floor":12.0,"key":"REST"},{"data":"Sucker Punch","floor":15.0,"key":"SMITH"},{"data":"Catalyst","floor":24.0,"key":"SMITH"},{"data":"Defend_G","floor":27.0,"key":"PURGE"},{"data":"Defend_G","floor":29.0,"key":"PURGE"},{"floor":32.0,"key":"REST"},{"data":"Backflip","floor":40.0,"key":"SMITH"},{"data":"Defend_G+1","floor":42.0,"key":"PURGE"},{"data":"Sucker Punch+1","floor":45.0,"key":"PURGE"},{"data":"Defend_G+1","floor":49,"key":"PURGE"}],"neow_cost":"NONE","seed_source_timestamp":545051168679499,"circlet_count":0,"master_deck":["Defend_G+1","Survivor+1","Neutralize+1","Deadly Poison+1","Corpse Explosion+1","Noxious Fumes+1","Expertise+1","Predator+1","Malaise+1","Catalyst+1","Backflip+1","Dodge and Roll+1","Doppelganger+1","Skewer+1"],"special_seed":0,"relics":["Ring of the Snake","Bronze Scales","War Paint","Nunchaku","Singing Bowl","Bird Faced Urn","Sundial","Busted Crown","Mercury Hourglass","Peace Pipe","Runic Dome","Chemical X","Mark of the Bloom","Vajra","MawBank","Boot"],"potions_floor_usage":[50],"damage_taken":[{"damage":0.0,"enemies":"Cultist","floor":1.0,"turns":3.0},{"damage":2.0,"enemies":"Jaw Worm","floor":2.0,"turns":4.0},{"damage":0.0,"enemies":"2 Louse","floor":5.0,"turns":3.0},{"damage":12.0,"enemies":"Gremlin Nob","floor":6.0,"turns":4.0},{"damage":12.0,"enemies":"Lagavulin","floor":8.0,"turns":5.0},{"damage":6.0,"enemies":"Exordium Thugs","floor":10.0,"turns":4.0},{"damage":12.0,"enemies":"Gremlin Nob","floor":11.0,"turns":4.0},{"damage":14.0,"enemies":"Lagavulin","floor":14.0,"turns":5.0},{"damage":12.0,"enemies":"Slime Boss","floor":16.0,"turns":10.0},{"damage":10.0,"enemies":"Spheric Guardian","floor":18.0,"turns":4.0},{"damage":13.0,"enemies":"Shell Parasite","floor":21.0,"turns":4.0},{"damage":9.0,"enemies":"Slavers","floor":23.0,"turns":3.0},{"damage":0.0,"enemies":"Snecko","floor":25.0,"turns":5.0},{"damage":8.0,"enemies":"Centurion and Healer","floor":28.0,"turns":5.0},{"damage":4.0,"enemies":"Cultist and Chosen","floor":30.0,"turns":3.0},{"damage":4.0,"enemies":"Snake Plant","floor":31.0,"turns":3.0},{"damage":13.0,"enemies":"Champ","floor":33.0,"turns":8.0},{"damage":16.0,"enemies":"Orb Walker","floor":35.0,"turns":3.0},{"damage":0.0,"enemies":"3 Shapes","floor":37.0,"turns":3.0},{"damage":0.0,"enemies":"3 Darklings","floor":38.0,"turns":2.0},{"damage":0.0,"enemies":"Reptomancer","floor":44.0,"turns":3.0},{"damage":0.0,"enemies":"4 Shapes","floor":46.0,"turns":3.0},{"damage":0,"enemies":"Sphere and 2 Shapes","floor":48,"turns":2},{"damage":1,"enemies":"Donu and Deca","floor":50,"turns":3}],"seed_played":"-2213823946912641278","potions_obtained":[{"floor":5.0,"key":"AttackPotion"},{"floor":6.0,"key":"FairyPotion"},{"floor":10.0,"key":"EssenceOfSteel"},{"floor":11.0,"key":"Dexterity Potion"},{"floor":18.0,"key":"SpeedPotion"},{"floor":21.0,"key":"Energy Potion"},{"floor":35.0,"key":"Explosive Potion"},{"floor":38.0,"key":"Explosive Potion"},{"floor":44.0,"key":"PowerPotion"}],"is_trial":false,"path_per_floor":["M","M","?","?","M","E","R","E","T","M","E","R","$","E","R","B",null,"M","?","$","M","$","E","R","M","T","R","M","R","M","M","R","B",null,"M","$","M","M","?","R","?","R","T","E","R","M","T","M","R","B"],"character_chosen":"THE_SILENT","items_purchased":["Chemical X"],"campfire_rested":2,"item_purchase_floors":[36],"current_hp_per_floor":[70,68,68,68,68,56,56,44,44,38,28,49,49,39,39,29,63,57,57,57,48,48,41,41,45,45,45,39,39,39,37,62,51,76,62,62,66,68,68,68,68,68,68,68,68,68,68,68,68,67],"gold":293,"neow_bonus":"RANDOM_COMMON_RELIC","is_prod":false,"is_daily":false,"chose_seed":false,"campfire_upgraded":4,"win_rate":0,"timestamp":1539989991,"path_taken":["M","?","?","?","?","E","R","E","T","M","E","R","$","E","R","BOSS","M","?","?","M","$","E","R","M","T","R","M","R","M","M","R","BOSS","M","$","M","?","?","R","?","R","T","E","R","M","?","M","R","BOSS"],"build_version":"2018-10-18","purchased_purges":3,"victory":true,"max_hp_per_floor":[70,70,70,70,70,70,70,70,70,70,72,72,72,74,74,74,74,76,76,76,78,78,78,78,80,80,80,80,80,82,84,84,84,84,86,86,88,88,88,88,88,88,88,90,90,92,92,94,94,94],"card_choices":[{"not_picked":["Acrobatics","Dodge and Roll"],"picked":"Sucker Punch","floor":1.0},{"not_picked":["Underhanded Strike","Prepared"],"picked":"Deadly Poison","floor":2.0},{"not_picked":["Skewer","Well Laid Plans"],"picked":"Corpse Explosion","floor":5.0},{"not_picked":["Sucker Punch","Crippling Poison"],"picked":"Noxious Fumes","floor":6.0},{"not_picked":["Quick Slash","Acrobatics"],"picked":"Expertise","floor":8.0},{"not_picked":["Storm of Steel","Accuracy"],"picked":"Predator","floor":10.0},{"not_picked":["Dagger Spray","Reflex","Sucker Punch"],"picked":"Singing Bowl","floor":11.0},{"not_picked":["Underhanded Strike","Dodge and Roll","Dash"],"picked":"Singing Bowl","floor":14.0},{"not_picked":["Wraith Form v2","Phantasmal Killer"],"picked":"Malaise","floor":16.0},{"not_picked":["Dagger Spray+1"],"picked":"Singing Bowl","floor":18.0},{"not_picked":["Poisoned Stab"],"picked":"Singing Bowl","floor":21.0},{"not_picked":[],"picked":"Backflip","floor":23.0},{"not_picked":["Cloak And Dagger+1"],"picked":"Singing Bowl","floor":25.0},{"not_picked":[],"picked":"Dodge and Roll+1","floor":28.0},{"not_picked":["Escape Plan"],"picked":"Singing Bowl","floor":30.0},{"not_picked":["Flying Knee+1"],"picked":"Singing Bowl","floor":31.0},{"not_picked":[],"picked":"Doppelganger","floor":33.0},{"not_picked":["Finisher+1"],"picked":"Singing Bowl","floor":35.0},{"not_picked":["Blade Dance+1"],"picked":"Singing Bowl","floor":37.0},{"not_picked":[],"picked":"Skewer+1","floor":38.0},{"not_picked":["Prepared"],"picked":"Singing Bowl","floor":44.0},{"not_picked":["Cloak And Dagger"],"picked":"Singing Bowl","floor":46.0},{"not_picked":["Backstab"],"picked":"Singing Bowl","floor":48}],"player_experience":525978,"relics_obtained":[{"floor":6.0,"key":"War Paint"},{"floor":8.0,"key":"Nunchaku"},{"floor":9.0,"key":"Singing Bowl"},{"floor":11.0,"key":"Bird Faced Urn"},{"floor":14.0,"key":"Sundial"},{"floor":23.0,"key":"Mercury Hourglass"},{"floor":26.0,"key":"Peace Pipe"},{"floor":43.0,"key":"Vajra"},{"floor":44.0,"key":"MawBank"},{"floor":47.0,"key":"Boot"}],"event_choices":[{"cards_removed":["Strike_G"],"damage_healed":0.0,"max_hp_gain":0.0,"max_hp_loss":0.0,"gold_gain":0.0,"event_name":"The Cleric","player_choice":"Card Removal","floor":3.0,"gold_loss":50.0,"damage_taken":0.0},{"cards_removed":["Strike_G"],"damage_healed":0.0,"max_hp_gain":0.0,"max_hp_loss":0.0,"gold_gain":0.0,"event_name":"Living Wall","player_choice":"Forget","floor":4.0,"gold_loss":0.0,"damage_taken":0.0},{"damage_healed":0.0,"max_hp_gain":0.0,"max_hp_loss":0.0,"gold_gain":0.0,"event_name":"The Library","player_choice":"Read","floor":19.0,"gold_loss":0.0,"damage_taken":0.0,"cards_obtained":["Catalyst"]},{"damage_healed":0.0,"max_hp_gain":0.0,"max_hp_loss":0.0,"gold_gain":0.0,"event_name":"Tomb of Lord Red Mask","player_choice":"Ignored","floor":39.0,"gold_loss":0.0,"damage_taken":0.0},{"damage_healed":0.0,"max_hp_gain":0.0,"max_hp_loss":0.0,"gold_gain":0.0,"event_name":"MindBloom","player_choice":"Upgrade","floor":41.0,"gold_loss":0.0,"damage_taken":0.0,"cards_upgraded":["Defend_G","Defend_G","Survivor","Neutralize","Deadly Poison","Expertise","Predator","Malaise","Doppelganger"],"relics_obtained":["Mark of the Bloom"]}],"is_beta":false,"boss_relics":[{"not_picked":["Empty Cage","HoveringKite"],"picked":"Busted Crown"},{"not_picked":["Calling Bell","WristBlade"],"picked":"Runic Dome"}],"items_purged_floors":[13,20,22],"is_endless":false,"potions_floor_spawned":[5,6,10,11,18,21,35,38,44],"ascension_level":5}