{"gold_per_floor":[110,185,185,204,220,252,252,252,252,252,88,88,88,108,108,108],"floor_reached":16,"playtime":589,"items_purged":["Strike_R"],"score":186,"play_id":"29da9fd9-7d44-4109-9f58-d2b62637c442","local_time":"20181231144706","is_ascension_mode":true,"campfire_choices":[{"data":"Flex","floor":7,"key":"SMITH"},{"data":"Heavy Blade","floor":10,"key":"SMITH"},{"data":"Evolve","floor":12,"key":"SMITH"},{"data":"Bash","floor":15,"key":"SMITH"}],"neow_cost":"NONE","seed_source_timestamp":450427299226736,"circlet_count":0,"master_deck":["AscendersBane","Strike_R","Strike_R","Strike_R","Strike_R","Defend_R","Defend_R","Defend_R","Defend_R","Bash+1","Headbutt","Flex+1","Iron Wave","Heavy Blade+1","Evolve+1","Shrug It Off"],"relics":["Burning Blood","NeowsBlessing","Blue Candle","Darkstone Periapt","Golden Idol"],"potions_floor_usage":[6,16],"damage_taken":[{"damage":0,"enemies":"Small Slimes","floor":1,"turns":1},{"damage":0,"enemies":"Cultist","floor":4,"turns":1},{"damage":0,"enemies":"2 Louse","floor":5,"turns":1},{"damage":45,"enemies":"3 Sentries","floor":6,"turns":13},{"damage":6,"enemies":"2 Fungi Beasts","floor":14,"turns":4},{"damage":72,"enemies":"The Guardian","floor":16,"turns":10}],"seed_played":"-4546783297166317403","potions_obtained":[{"floor":5,"key":"SteroidPotion"},{"floor":14,"key":"SkillPotion"}],"is_trial":false,"path_per_floor":["M","?","?","M","M","E","R","?","T","R","$","R","?","M","R","B"],"character_chosen":"IRONCLAD","items_purchased":["Evolve"],"campfire_rested":0,"item_purchase_floors":[11],"current_hp_per_floor":[74,63,75,75,75,36,36,61,61,61,61,61,61,61,61,0],"gold":108,"neow_bonus":"THREE_ENEMY_KILL","is_prod":false,"is_daily":false,"chose_seed":false,"campfire_upgraded":4,"win_rate":0,"timestamp":1546285626,"path_taken":["M","?","?","M","?","E","R","?","T","R","$","R","?","M","R","BOSS"],"build_version":"2018-12-20","purchased_purges":1,"victory":false,"max_hp_per_floor":[75,75,75,75,75,75,75,75,75,75,75,75,68,68,68,68],"card_choices":[{"not_picked":["Combust","Infernal Blade"],"picked":"Headbutt","floor":1},{"not_picked":["Thunderclap","Uppercut"],"picked":"Flex","floor":4},{"not_picked":["Perfected Strike","Havoc"],"picked":"Iron Wave","floor":5},{"not_picked":["Infernal Blade","Uppercut"],"picked":"Heavy Blade","floor":6},{"not_picked":["Thunderclap","Anger"],"picked":"Shrug It Off","floor":14}],"player_experience":650068,"relics_obtained":[{"floor":6,"key":"Blue Candle"},{"floor":9,"key":"Darkstone Periapt"}],"event_choices":[{"damage_healed":0,"gold_gain":75,"player_choice":"Gather Gold","damage_taken":11,"max_hp_gain":0,"max_hp_loss":0,"event_name":"World of Goop","floor":2,"gold_loss":0},{"damage_healed":12,"gold_gain":0,"player_choice":"Full Heal","damage_taken":0,"max_hp_gain":0,"max_hp_loss":0,"event_name":"Wheel of Change","floor":3,"gold_loss":0},{"damage_healed":25,"gold_gain":0,"player_choice":"Banana","damage_taken":0,"max_hp_gain":0,"max_hp_loss":0,"event_name":"Big Fish","floor":8,"gold_loss":0},{"damage_healed":0,"gold_gain":0,"player_choice":"Lose Max HP","damage_taken":0,"relics_obtained":["Golden Idol"],"max_hp_gain":0,"max_hp_loss":7,"event_name":"Golden Idol","floor":13,"gold_loss":0}],"is_beta":false,"boss_relics":[],"items_purged_floors":[11],"is_endless":false,"potions_floor_spawned":[5,14],"killed_by":"The Guardian","ascension_level":18}