{"path_per_floor":["M","M","?","?","T","E","M","R","T","M","R","M","$","M","R","B",null,"M","$","?","?","M","R"],"character_chosen":"IRONCLAD","items_purchased":["Shrug It Off","True Grit","Happy Flower","War Paint"],"gold_per_floor":[112,128,303,303,303,333,347,347,347,361,361,380,228,242,242,340,340,360,58,58,8,19,19],"floor_reached":24,"campfire_rested":0,"playtime":1553,"current_hp_per_floor":[73,77,77,70,70,14,16,16,16,20,20,26,26,32,32,15,64,54,54,54,54,53,53],"items_purged":["Doubt"],"gold":19,"score":265,"play_id":"3b7b41aa-cc21-414c-8b81-fbe85bebd458","is_prod":false,"is_daily":false,"is_ascension_mode":true,"campfire_upgraded":4,"path_taken":["M","?","?","?","?","E","M","R","T","M","R","M","$","?","R","BOSS","M","$","?","?","M","R","E"],"build_version":"2018-02-15-PROD1","purchased_purges":2,"victory":false,"master_deck":["Strike_R","Strike_R","Strike_R","Strike_R","Defend_R","Defend_R","Defend_R","Defend_R","Bash+1","Flex+1","Double Tap+1","Cleave","Iron Wave","Headbutt","Cleave+1","Shrug It Off+1","True Grit+1","Seeing Red","Demon Form+1","Clash+1"],"max_hp_per_floor":[80,80,80,80,80,80,80,80,80,80,80,80,80,80,80,80,80,80,80,80,80,80,80],"relics":["Burning Blood","Pen Nib","Ginger","Shuriken","Molten Egg 2","Black Star","Happy Flower","War Paint"],"card_choices":[{"not_picked":["Sever Soul","Clash"],"picked":"Double Tap"},{"not_picked":["Armaments","Iron Wave"],"picked":"Cleave"},{"not_picked":["Anger","Rampage"],"picked":"Iron Wave"},{"not_picked":["Twin Strike","Pommel Strike"],"picked":"Headbutt"},{"not_picked":["Rupture","Twin Strike"],"picked":"Cleave"},{"not_picked":["Reckless Charge","Immolate"],"picked":"Seeing Red"},{"not_picked":["Impervious","Fiend Fire"],"picked":"Demon Form"},{"not_picked":["Disarm","Twin Strike"],"picked":"Clash"}],"player_experience":249486,"potions_floor_usage":[7,16,24],"damage_taken":[{"damage":5.0,"enemies":"Cultist","floor":1.0,"turns":5.0},{"damage":2.0,"enemies":"Jaw Worm","floor":2.0,"turns":3.0},{"damage":62,"enemies":"Gremlin Nob","floor":6,"turns":6},{"damage":7,"enemies":"Small Slimes","floor":7,"turns":2},{"damage":2,"enemies":"Looter","floor":10,"turns":3},{"damage":0,"enemies":"Large Slime","floor":12,"turns":2},{"damage":0,"enemies":"Blue Slaver","floor":14,"turns":3},{"damage":23,"enemies":"The Guardian","floor":16,"turns":10},{"damage":16,"enemies":"Spheric Guardian","floor":18,"turns":4},{"damage":7,"enemies":"3 Byrds","floor":22,"turns":4},{"damage":57,"enemies":"Slavers","floor":24,"turns":3}],"event_choices":[{"event_name":"Liars Game","player_choice":"agreed","floor":3.0,"damage_taken":0.0},{"event_name":"Scrap Ooze","player_choice":"success","floor":4.0,"damage_taken":7.0},{"event_name":"Beggar","player_choice":"Ignored","floor":20,"damage_taken":0},{"event_name":"The Joust","player_choice":"Bet on Murderer","floor":21,"damage_taken":0}],"boss_relics":[{"not_picked":["Snecko Eye","Pandora\u0027s Box"],"picked":"Black Star"}],"potions_floor_spawned":[1,10,14,18],"seed_played":"8394281577241197092","killed_by":"Slavers","ascension_level":7,"is_trial":false}