{"gold_per_floor":[112,112,128,128,147,147,159,159,159,172,172,39,39,39,39,116,116,132,144,156,57,71,71,71,71,71,89,89,89],"floor_reached":29,"playtime":1920,"items_purged":["Strike_G"],"score":419,"play_id":"08d4778a-3b5a-477b-a2b8-06e32dabfe79","local_time":"20190706134007","is_ascension_mode":true,"campfire_choices":[{"data":"Deadly Poison","floor":6.0,"key":"SMITH"},{"data":"Adrenaline","floor":8.0,"key":"SMITH"},{"data":"Corpse Explosion","floor":11.0,"key":"SMITH"},{"data":"Well Laid Plans","floor":13.0,"key":"SMITH"},{"data":"Deadly Poison","floor":15.0,"key":"SMITH"},{"data":"Dodge and Roll","floor":23,"key":"SMITH"},{"data":"PiercingWail","floor":25,"key":"SMITH"},{"floor":28,"key":"REST"}],"neow_cost":"TEN_PERCENT_HP_LOSS","seed_source_timestamp":0,"circlet_count":0,"master_deck":["AscendersBane","Strike_G","Strike_G","Strike_G","Defend_G","Defend_G","Defend_G","Defend_G","Defend_G","Survivor","Neutralize+1","Endless Agony","Deadly Poison+1","Corpse Explosion+1","Dagger Throw","Adrenaline+1","Deadly Poison+1","Well Laid Plans+1","Bullet Time","Escape Plan","Dodge and Roll+1","PiercingWail+1"],"special_seed":0,"relics":["Ring of the Snake","Nunchaku","Orichalcum","Busted Crown","Blue Candle"],"potions_floor_usage":[29],"damage_taken":[{"damage":0.0,"enemies":"Jaw Worm","floor":1.0,"turns":5.0},{"damage":6.0,"enemies":"Cultist","floor":3.0,"turns":5.0},{"damage":1.0,"enemies":"2 Louse","floor":5.0,"turns":2.0},{"damage":3.0,"enemies":"Lots of Slimes","floor":7.0,"turns":3.0},{"damage":5.0,"enemies":"Red Slaver","floor":10.0,"turns":3.0},{"damage":15.0,"enemies":"The Guardian","floor":16.0,"turns":8.0},{"damage":14.0,"enemies":"2 Thieves","floor":18.0,"turns":2.0},{"damage":1.0,"enemies":"Spheric Guardian","floor":19.0,"turns":3.0},{"damage":3.0,"enemies":"Centurion and Healer","floor":20.0,"turns":3.0},{"damage":14,"enemies":"Snake Plant","floor":22,"turns":4},{"damage":8,"enemies":"Sentry and Sphere","floor":27,"turns":6},{"damage":34,"enemies":"Book of Stabbing","floor":29,"turns":5}],"seed_played":"6492731145026117418","potions_obtained":[{"floor":1.0,"key":"Dexterity Potion"},{"floor":5.0,"key":"Energy Potion"}],"is_trial":false,"path_per_floor":["M","?","M","?","M","R","M","R","T","M","R","$","R","$","R","B",null,"M","M","M","$","M","R","?","R","T","M","R","E"],"character_chosen":"THE_SILENT","items_purchased":["Deadly Poison","Well Laid Plans","PiercingWail"],"campfire_rested":1,"item_purchase_floors":[12,12,21],"current_hp_per_floor":[59,59,53,53,52,52,49,49,49,44,44,44,44,44,44,29,52,38,37,34,34,20,20,20,20,20,12,30,0],"gold":89,"neow_bonus":"ONE_RARE_RELIC","is_prod":false,"is_daily":false,"chose_seed":false,"campfire_upgraded":7,"win_rate":0,"timestamp":1562434807,"path_taken":["M","?","?","?","?","R","M","R","T","M","R","?","R","$","R","BOSS","M","M","M","$","M","R","?","R","T","M","R","E"],"build_version":"2019-07-05","purchased_purges":1,"victory":false,"max_hp_per_floor":[60,60,60,60,60,60,60,60,60,60,60,60,60,60,60,60,60,60,60,60,60,60,60,60,60,60,60,60,60],"card_choices":[{"not_picked":["Caltrops","Escape Plan"],"picked":"Endless Agony","floor":1.0},{"not_picked":["Cloak And Dagger","Terror"],"picked":"Deadly Poison","floor":3.0},{"not_picked":["Sucker Punch","Eviscerate"],"picked":"Dagger Throw","floor":5.0},{"not_picked":["Tactician","Acrobatics"],"picked":"Adrenaline","floor":7.0},{"not_picked":["Dagger Spray","Caltrops","Dagger Throw"],"picked":"SKIP","floor":10.0},{"not_picked":["Storm of Steel","Doppelganger"],"picked":"Bullet Time","floor":16.0},{"not_picked":["Well Laid Plans"],"picked":"SKIP","floor":18.0},{"not_picked":[],"picked":"Escape Plan","floor":19.0},{"not_picked":[],"picked":"Dodge and Roll","floor":20.0},{"not_picked":["Backstab"],"picked":"SKIP","floor":22},{"not_picked":["Concentrate"],"picked":"SKIP","floor":27}],"player_experience":860181,"relics_obtained":[{"floor":9.0,"key":"Orichalcum"},{"floor":26,"key":"Blue Candle"}],"event_choices":[{"damage_healed":0.0,"max_hp_gain":0.0,"max_hp_loss":0.0,"gold_gain":0.0,"event_name":"Upgrade Shrine","player_choice":"Upgraded","floor":2.0,"gold_loss":0.0,"damage_taken":0.0,"cards_upgraded":["Neutralize"]},{"damage_healed":0.0,"max_hp_gain":0.0,"max_hp_loss":0.0,"gold_gain":0.0,"cards_transformed":["Strike_G"],"event_name":"Transmorgrifier","player_choice":"Transformed","floor":4.0,"gold_loss":0.0,"damage_taken":0.0,"cards_obtained":["Corpse Explosion"]},{"damage_healed":0,"gold_gain":0,"player_choice":"Got Potions","damage_taken":0,"max_hp_gain":0,"max_hp_loss":0,"event_name":"Lab","floor":24,"gold_loss":0}],"is_beta":false,"boss_relics":[{"not_picked":["Astrolabe","Black Star"],"picked":"Busted Crown"}],"items_purged_floors":[21],"is_endless":false,"potions_floor_spawned":[1,5,16,20,27],"killed_by":"Book of Stabbing","ascension_level":19}