{"gold_per_floor":[116,116,131,147,72,72,72,24,24,40,40,54,54,87,87,185,185,200,214,225,225],"floor_reached":21,"playtime":1642,"items_purged":["Strike_G"],"score":208,"play_id":"de575a47-f363-4cb2-be94-26964b7d1f83","local_time":"20190707174416","is_ascension_mode":true,"campfire_choices":[{"data":"Neutralize","floor":6,"key":"SMITH"},{"data":"Expertise","floor":11,"key":"SMITH"},{"data":"Outmaneuver","floor":13,"key":"SMITH"},{"data":"Burst","floor":15,"key":"SMITH"}],"neow_cost":"NONE","seed_source_timestamp":175660357327571,"circlet_count":0,"master_deck":["Strike_G","Strike_G","Strike_G","Defend_G","Defend_G","Defend_G","Defend_G","Defend_G","Survivor","Neutralize+1","Outmaneuver+1","Flying Knee","Masterful Stab","Dagger Throw","Expertise+1","Underhanded Strike","Burst+1","Bullet Time","Acrobatics","Terror","PiercingWail"],"relics":["Coffee Dripper","Tingsha","WingedGreaves","Orichalcum","Runic Pyramid"],"potions_floor_usage":[16,20],"damage_taken":[{"damage":4,"enemies":"2 Louse","floor":1,"turns":3},{"damage":0,"enemies":"Small Slimes","floor":3,"turns":3},{"damage":0,"enemies":"Jaw Worm","floor":4,"turns":4},{"damage":13,"enemies":"Red Slaver","floor":10,"turns":5},{"damage":10,"enemies":"Gremlin Gang","floor":12,"turns":5},{"damage":13,"enemies":"Gremlin Nob","floor":14,"turns":3},{"damage":16,"enemies":"Slime Boss","floor":16,"turns":11},{"damage":19,"enemies":"Chosen","floor":18,"turns":6},{"damage":0,"enemies":"Shell Parasite","floor":19,"turns":4},{"damage":36,"enemies":"Sentry and Sphere","floor":20,"turns":9},{"damage":18,"enemies":"Shelled Parasite and Fungi","floor":21,"turns":2}],"seed_played":"-3060467294320644213","potions_obtained":[{"floor":10,"key":"Energy Potion"},{"floor":12,"key":"SmokeBomb"},{"floor":16,"key":"SteroidPotion"},{"floor":18,"key":"SteroidPotion"},{"floor":19,"key":"Block Potion"},{"floor":20,"key":"AttackPotion"}],"is_trial":false,"path_per_floor":["M","?","M","M","$","R","?","$","T","M","R","M","R","E","R","B",null,"M","M","M","M"],"character_chosen":"THE_SILENT","items_purchased":["Dagger Throw"],"campfire_rested":0,"item_purchase_floors":[8],"current_hp_per_floor":[66,63,63,63,63,63,56,56,56,43,43,33,33,20,20,4,70,51,51,15,0],"gold":225,"neow_bonus":"BOSS_RELIC","is_prod":false,"is_daily":false,"chose_seed":false,"campfire_upgraded":4,"win_rate":0,"timestamp":1562546656,"path_taken":["M","?","M","M","$","R","?","?","T","M","R","?","R","E","R","BOSS","M","M","?","M"],"build_version":"2019-07-05","purchased_purges":1,"victory":false,"max_hp_per_floor":[70,70,70,70,70,70,70,70,70,70,70,70,70,70,70,70,70,70,70,70,70],"card_choices":[{"not_picked":["Prepared","Slice"],"picked":"Outmaneuver","floor":1},{"not_picked":["Backstab","Concentrate"],"picked":"Flying Knee","floor":3},{"not_picked":["Bullet Time","Slice"],"picked":"Masterful Stab","floor":4},{"not_picked":["Deadly Poison","Backstab"],"picked":"Expertise","floor":10},{"not_picked":["Backstab","Dagger Throw"],"picked":"Underhanded Strike","floor":12},{"not_picked":["Reflex","Tactician"],"picked":"Burst","floor":14},{"not_picked":["A Thousand Cuts","Doppelganger"],"picked":"Bullet Time","floor":16},{"not_picked":["Dagger Spray","Concentrate"],"picked":"Acrobatics","floor":18},{"not_picked":["Sucker Punch","Heel Hook"],"picked":"Terror","floor":19},{"not_picked":["Envenom","Finisher"],"picked":"PiercingWail","floor":20}],"player_experience":228352,"relics_obtained":[{"floor":9,"key":"WingedGreaves"},{"floor":14,"key":"Orichalcum"}],"event_choices":[{"damage_healed":0,"gold_gain":0,"player_choice":"Success","damage_taken":3,"relics_obtained":["Tingsha"],"max_hp_gain":0,"max_hp_loss":0,"event_name":"Scrap Ooze","floor":2,"gold_loss":0},{"cards_removed":["Strike_G"],"damage_healed":0,"gold_gain":0,"player_choice":"Card Removal","damage_taken":7,"max_hp_gain":0,"max_hp_loss":0,"event_name":"Golden Wing","floor":7,"gold_loss":0}],"is_beta":false,"boss_relics":[{"not_picked":["Pandora\u0027s Box","White Beast Statue"],"picked":"Runic Pyramid"}],"items_purged_floors":[5],"is_endless":false,"potions_floor_spawned":[10,12,16,18,19,20],"killed_by":"Shelled Parasite and Fungi","ascension_level":3}