{"gold_per_floor":[109,10,10,10,29,29,29,29,29,29,60,60,94,94,94,171,171,153,170,170,184,184],"floor_reached":22,"playtime":917,"items_purged":["Strike_R"],"score":314,"play_id":"a0795b7c-5ec3-407b-8e9b-23dd721373b5","local_time":"20181005225747","is_ascension_mode":true,"campfire_choices":[{"data":"True Grit","floor":6,"key":"SMITH"},{"data":"Body Slam","floor":8,"key":"SMITH"},{"data":"Bash","floor":10,"key":"SMITH"},{"floor":12,"key":"REST"},{"floor":15,"key":"REST"}],"neow_cost":"NONE","seed_source_timestamp":2095898068718578,"circlet_count":0,"master_deck":["Strike_R","Strike_R","Strike_R","Defend_R","Defend_R","Defend_R","Defend_R","Bash+1","AscendersBane","Twin Strike","True Grit+1","Body Slam+1","Twin Strike","Shrug It Off","Bludgeon","Shrug It Off","Iron Wave+1","Body Slam+1"],"relics":["Burning Blood","Omamori","Potion Belt","Mummified Hand","Bird Faced Urn","Ornamental Fan","NlothsMask","Sozu"],"potions_floor_usage":[13,13,16],"damage_taken":[{"damage":7,"enemies":"2 Louse","floor":1,"turns":3},{"damage":14,"enemies":"Small Slimes","floor":5,"turns":4},{"damage":27,"enemies":"Gremlin Nob","floor":11,"turns":4},{"damage":31,"enemies":"Lagavulin","floor":13,"turns":6},{"damage":56,"enemies":"Hexaghost","floor":16,"turns":13},{"damage":30,"enemies":"2 Thieves","floor":18,"turns":4},{"damage":16,"enemies":"Spheric Guardian","floor":19,"turns":5},{"damage":25,"enemies":"Snake Plant","floor":21,"turns":5},{"damage":10,"enemies":"Shelled Parasite and Fungi","floor":22,"turns":4}],"seed_played":"-3416175941925120288","potions_obtained":[{"floor":4,"key":"Ancient Potion"},{"floor":4,"key":"EssenceOfSteel"},{"floor":4,"key":"FairyPotion"},{"floor":11,"key":"Energy Potion"}],"is_trial":false,"path_per_floor":["M","$","?","?","M","R","?","R","T","R","E","R","E","?","R","B",null,"M","M","?","M"],"character_chosen":"IRONCLAD","items_purchased":["True Grit"],"campfire_rested":2,"item_purchase_floors":[2],"current_hp_per_floor":[71,71,53,53,45,45,45,45,45,45,24,48,23,23,47,9,62,38,28,28,9,0],"gold":184,"neow_bonus":"RANDOM_COMMON_RELIC","is_prod":false,"is_daily":false,"chose_seed":false,"campfire_upgraded":3,"win_rate":0,"timestamp":1538794667,"path_taken":["M","$","?","?","?","R","?","R","T","R","E","R","E","?","R","BOSS","M","M","?","M","M"],"build_version":"2018-10-04v2","purchased_purges":1,"victory":false,"max_hp_per_floor":[80,80,80,80,80,80,80,80,80,80,80,80,80,80,80,80,80,80,80,80,80,80],"card_choices":[{"not_picked":["Metallicize","Shockwave"],"picked":"Twin Strike","floor":1},{"not_picked":["True Grit","Twin Strike"],"picked":"Body Slam","floor":5},{"not_picked":["Rage","Immolate"],"picked":"Twin Strike","floor":11},{"not_picked":["Clash","Sentinel"],"picked":"Shrug It Off","floor":13},{"not_picked":["Berserk","Feed"],"picked":"Bludgeon","floor":16},{"not_picked":["Warcry","Armaments"],"picked":"Shrug It Off","floor":18},{"not_picked":["Power Through+1","Bloodletting"],"picked":"Iron Wave+1","floor":19},{"not_picked":["Havoc","Carnage"],"picked":"Body Slam+1","floor":21}],"player_experience":456305,"relics_obtained":[{"floor":9,"key":"Mummified Hand"},{"floor":11,"key":"Bird Faced Urn"},{"floor":13,"key":"Ornamental Fan"}],"event_choices":[{"event_name":"Scrap Ooze","player_choice":"success","floor":3,"damage_taken":18},{"event_name":"The Lab","player_choice":"Got Potions","floor":4,"damage_taken":0},{"event_name":"Purifier","player_choice":"One Purge","floor":7,"damage_taken":0},{"event_name":"FaceTrader","player_choice":"Trade","floor":14,"damage_taken":0},{"event_name":"Cursed Tome","player_choice":"Ignored","floor":20,"damage_taken":0}],"is_beta":false,"boss_relics":[{"not_picked":["Coffee Dripper","Lizard Tail"],"picked":"Sozu"}],"items_purged_floors":[2],"is_endless":false,"potions_floor_spawned":[11,21],"killed_by":"Shelled Parasite and Fungi","ascension_level":13}