{"gold_per_floor":[116,41,65,90,121,159,171,216,255,267,293,305,5,5,5,106,106,118,18,18,18,18,45,45],"floor_reached":24,"playtime":40312,"items_purged":["Strike_G","Regret"],"score":300,"play_id":"f47daa28-07ed-4a8e-8b62-7f903f35db3f","local_time":"20190714115041","is_ascension_mode":true,"campfire_choices":[{"floor":10,"key":"REST"},{"data":"Neutralize","floor":12,"key":"SMITH"},{"data":"Dash","floor":15,"key":"SMITH"}],"neow_cost":"NONE","seed_source_timestamp":460488635507166,"circlet_count":0,"master_deck":["Strike_G+1","Strike_G+1","Strike_G+1","Defend_G+1","Defend_G+1","Defend_G+1","Defend_G+1","Defend_G+1","Survivor","Neutralize+1","Poisoned Stab","Acrobatics","Cloak And Dagger","Poisoned Stab","Dash+1","Poisoned Stab","Dash","Masterful Stab","Caltrops","Envenom","Shame","Parasite","After Image","Bane"],"relics":["Ring of the Snake","NeowsBlessing","MawBank","Pen Nib","Pear","Happy Flower","HandDrill","Calling Bell","Potion Belt","Shuriken","Tough Bandages","Bottled Flame","Orichalcum","Oddly Smooth Stone"],"potions_floor_usage":[6,16,16],"damage_taken":[{"damage":0,"enemies":"Cultist","floor":1,"turns":1},{"damage":0,"enemies":"Small Slimes","floor":4,"turns":1},{"damage":0,"enemies":"Jaw Worm","floor":5,"turns":1},{"damage":42,"enemies":"Lagavulin","floor":6,"turns":9},{"damage":17,"enemies":"3 Sentries","floor":8,"turns":9},{"damage":2,"enemies":"Lots of Slimes","floor":11,"turns":4},{"damage":20,"enemies":"Slime Boss","floor":16,"turns":13},{"damage":16,"enemies":"Shell Parasite","floor":18,"turns":4},{"damage":76,"enemies":"Book of Stabbing","floor":23,"turns":8},{"damage":13,"enemies":"Spheric Guardian","floor":24,"turns":3}],"seed_played":"8342670628182440987","potions_obtained":[{"floor":4,"key":"Poison Potion"},{"floor":6,"key":"SteroidPotion"},{"floor":8,"key":"GhostInAJar"},{"floor":14,"key":"Fruit Juice"},{"floor":14,"key":"FairyPotion"},{"floor":18,"key":"Ancient Potion"}],"is_trial":false,"path_per_floor":["M","$","T","M","M","E","?","E","T","R","M","R","$","?","R","B",null,"M","$","T","T","?","E","M"],"character_chosen":"THE_SILENT","items_purchased":["HandDrill","Masterful Stab","Caltrops"],"campfire_rested":1,"item_purchase_floors":[13,13,13],"current_hp_per_floor":[70,70,70,70,70,28,28,21,21,45,43,43,43,43,43,28,71,55,55,55,55,55,8,0],"gold":45,"neow_bonus":"THREE_ENEMY_KILL","is_prod":false,"is_daily":false,"chose_seed":false,"campfire_upgraded":2,"win_rate":0,"timestamp":1563130241,"path_taken":["M","?","?","M","M","E","?","E","T","R","?","R","$","?","R","BOSS","M","?","?","?","?","E","M"],"build_version":"2019-07-05","purchased_purges":2,"victory":false,"max_hp_per_floor":[70,70,70,70,70,70,70,80,80,80,80,80,80,80,80,85,85,85,85,85,85,85,85,85],"card_choices":[{"not_picked":["Acrobatics","Slice"],"picked":"Poisoned Stab","floor":1},{"not_picked":["Flechettes","Expertise"],"picked":"Acrobatics","floor":4},{"not_picked":["Tactician","Blade Dance"],"picked":"Cloak And Dagger","floor":5},{"not_picked":["Dagger Throw","Blade Dance"],"picked":"Poisoned Stab","floor":6},{"not_picked":["Burst","Leg Sweep"],"picked":"Poisoned Stab","floor":8},{"not_picked":["Acrobatics","Dagger Spray"],"picked":"Dash","floor":11},{"not_picked":["Unload","Night Terror"],"picked":"Envenom","floor":16},{"not_picked":["Skewer","Catalyst"],"picked":"After Image","floor":18},{"not_picked":["Deadly Poison+1","Bouncing Flask+1"],"picked":"Bane","floor":23}],"player_experience":273242,"relics_obtained":[{"floor":3,"key":"MawBank"},{"floor":6,"key":"Pen Nib"},{"floor":8,"key":"Pear"},{"floor":9,"key":"Happy Flower"},{"floor":17,"key":"Potion Belt"},{"floor":17,"key":"Shuriken"},{"floor":17,"key":"Tough Bandages"},{"floor":20,"key":"Bottled Flame"},{"floor":21,"key":"Orichalcum"},{"floor":23,"key":"Oddly Smooth Stone"}],"event_choices":[{"damage_healed":0,"gold_gain":0,"cards_transformed":["Strike_G"],"player_choice":"Transformed","damage_taken":0,"max_hp_gain":0,"max_hp_loss":0,"event_name":"Transmorgrifier","floor":7,"gold_loss":0,"cards_obtained":["Dash"]},{"damage_healed":0,"gold_gain":0,"player_choice":"Got Potions","damage_taken":0,"max_hp_gain":0,"max_hp_loss":0,"event_name":"Lab","floor":14,"gold_loss":0},{"damage_healed":0,"gold_gain":0,"player_choice":"Simplicity","damage_taken":0,"max_hp_gain":0,"max_hp_loss":0,"event_name":"Back to Basics","floor":22,"gold_loss":0,"cards_upgraded":["Strike_G","Strike_G","Strike_G","Defend_G","Defend_G","Defend_G","Defend_G","Defend_G"]}],"is_beta":false,"boss_relics":[{"not_picked":["HoveringKite","Coffee Dripper"],"picked":"Calling Bell"}],"items_purged_floors":[2,19],"is_endless":false,"potions_floor_spawned":[4,6,8,18],"killed_by":"Spheric Guardian","ascension_level":5}