{"gold_per_floor":[114,125,125,143,158,193,210,210,210,36,36,53,70,80,80,183,183,194,206,50,66,246,246,263,288,312,312,329,329,349,365,365,468,468,482,495,495,507,28,28,28,53,53,1,30,30,49,49],"floor_reached":48,"playtime":3688,"items_purged":["Strike_B","Regret"],"score":645,"play_id":"68feb00b-1737-4dd4-9ec8-e902dbfa6f4d","local_time":"20190714134808","is_ascension_mode":false,"campfire_choices":[{"floor":11,"key":"REST"},{"data":"Buffer","floor":15,"key":"SMITH"},{"floor":23,"key":"REST"},{"data":"Fusion","floor":27,"key":"SMITH"},{"data":"Capacitor","floor":29,"key":"SMITH"},{"floor":32,"key":"REST"},{"floor":40,"key":"REST"}],"neow_cost":"TEN_PERCENT_HP_LOSS","seed_source_timestamp":504630456107806,"circlet_count":0,"master_deck":["Strike_B","Strike_B","Defend_B","Defend_B","Defend_B","Defend_B","Zap","Dualcast","Flash of Steel+1","Finesse","Coolheaded","Hello World","Electrodynamics","Conserve Battery","Capacitor+1","Compile Driver+1","Ball Lightning","Coolheaded","Buffer+1","Consume","Buffer","Sweeping Beam+1","Glacier+1","Melter","Fusion+1","Gash","Scrape+1","Redo","Self Repair","Seek","Undo","Recycle+1","Lockon","Echo Form","Pain","Parasite","Gash+1","Heatsinks+1","Jack Of All Trades","Auto Shields+1","Redo+1"],"relics":["Cracked Core","PreservedInsect","Cables","Emotion Chip","DataDisk","Nuclear Battery","Prayer Wheel","Centennial Puzzle","Calling Bell","Art of War","Singing Bowl","Mango","ClockworkSouvenir","Whetstone","The Courier"],"potions_floor_usage":[5,6,14,25,25,33,33,45,46],"damage_taken":[{"damage":8,"enemies":"2 Louse","floor":1,"turns":2},{"damage":0,"enemies":"Small Slimes","floor":2,"turns":3},{"damage":6,"enemies":"Jaw Worm","floor":4,"turns":3},{"damage":7,"enemies":"Lots of Slimes","floor":5,"turns":3},{"damage":1,"enemies":"Gremlin Nob","floor":6,"turns":3},{"damage":11,"enemies":"Large Slime","floor":7,"turns":4},{"damage":0,"enemies":"2 Fungi Beasts","floor":12,"turns":2},{"damage":0,"enemies":"Exordium Wildlife","floor":13,"turns":2},{"damage":0,"enemies":"Large Slime","floor":14,"turns":3},{"damage":22,"enemies":"Hexaghost","floor":16,"turns":6},{"damage":3,"enemies":"Chosen","floor":18,"turns":3},{"damage":5,"enemies":"3 Byrds","floor":19,"turns":2},{"damage":13,"enemies":"Shelled Parasite and Fungi","floor":21,"turns":3},{"damage":0,"enemies":"Centurion and Healer","floor":24,"turns":10},{"damage":2,"enemies":"Slavers","floor":25,"turns":4},{"damage":12,"enemies":"3 Cultists","floor":28,"turns":5},{"damage":0,"enemies":"Chosen and Byrds","floor":30,"turns":4},{"damage":9,"enemies":"Snecko","floor":31,"turns":3},{"damage":0,"enemies":"Collector","floor":33,"turns":6},{"damage":30,"enemies":"3 Darklings","floor":35,"turns":4},{"damage":29,"enemies":"3 Shapes","floor":36,"turns":3},{"damage":27,"enemies":"Maw","floor":38,"turns":10},{"damage":18,"enemies":"Reptomancer","floor":42,"turns":5},{"damage":1,"enemies":"Giant Head","floor":45,"turns":7},{"damage":0,"enemies":"Jaw Worm Horde","floor":46,"turns":2},{"damage":18,"enemies":"4 Shapes","floor":47,"turns":3},{"damage":25,"enemies":"3 Darklings","floor":48,"turns":2}],"seed_played":"-3949132404590722162","potions_obtained":[{"floor":1,"key":"AttackPotion"},{"floor":5,"key":"SteroidPotion"},{"floor":6,"key":"Strength Potion"},{"floor":12,"key":"Block Potion"},{"floor":16,"key":"FocusPotion"},{"floor":18,"key":"GamblersBrew"},{"floor":19,"key":"SpeedPotion"},{"floor":28,"key":"FocusPotion"},{"floor":47,"key":"SteroidPotion"}],"is_trial":false,"path_per_floor":["M","M","?","M","M","E","M","?","T","$","R","M","M","M","R","B",null,"M","M","$","M","?","R","M","E","T","R","M","R","M","M","R","B",null,"M","M","?","M","$","R","?","E","T","$","E","M","M","M"],"character_chosen":"DEFECT","items_purchased":["DataDisk","Ball Lightning","Melter","ClockworkSouvenir","SmokeBomb","Jack Of All Trades","Strength Potion"],"campfire_rested":4,"item_purchase_floors":[10,10,20,39,39,39,44],"current_hp_per_floor":[60,60,53,47,40,39,28,28,28,28,48,48,48,48,48,26,68,65,60,60,47,29,49,49,47,47,47,35,35,35,33,53,53,82,61,34,34,18,18,43,43,25,25,25,33,33,24,0],"gold":49,"neow_bonus":"RANDOM_COLORLESS_2","is_prod":false,"is_daily":false,"chose_seed":false,"campfire_upgraded":3,"win_rate":0,"timestamp":1563137288,"path_taken":["M","M","?","M","M","E","M","?","T","$","R","M","M","M","R","BOSS","M","M","$","M","?","R","?","E","T","R","M","R","M","M","R","BOSS","M","M","?","M","$","R","?","E","T","$","E","M","M","M"],"build_version":"2019-07-05","purchased_purges":2,"victory":false,"max_hp_per_floor":[68,68,68,68,68,68,68,68,68,68,68,68,68,68,68,68,68,68,68,68,68,68,68,68,68,68,68,68,68,68,68,68,68,82,84,86,82,86,86,86,86,86,86,86,88,88,90,90],"card_choices":[{"not_picked":["Hologram","Beam Cell"],"picked":"Coolheaded","floor":1},{"not_picked":["Ball Lightning","Stack"],"picked":"Hello World","floor":2},{"not_picked":["BootSequence","Storm"],"picked":"Electrodynamics","floor":4},{"not_picked":["Go for the Eyes","Redo"],"picked":"Conserve Battery","floor":5},{"not_picked":["Gash","Loop"],"picked":"Capacitor","floor":6},{"not_picked":["Barrage","Beam Cell"],"picked":"Compile Driver","floor":7},{"not_picked":["Compile Driver","Steam Power"],"picked":"Coolheaded","floor":12},{"not_picked":["Hologram","Streamline"],"picked":"Buffer","floor":13},{"not_picked":["Compile Driver","Turbo"],"picked":"Consume","floor":14},{"not_picked":["Hyperbeam","Multi-Cast"],"picked":"Buffer","floor":16},{"not_picked":["Reprogram","Hello World"],"picked":"Sweeping Beam+1","floor":18},{"not_picked":["Undo","Sweeping Beam+1"],"picked":"Glacier+1","floor":19},{"not_picked":["Turbo+1","Ball Lightning"],"picked":"Fusion","floor":21},{"not_picked":["Barrage","Leap+1"],"picked":"Gash","floor":24},{"not_picked":["Coolheaded","Hologram+1"],"picked":"Scrape+1","floor":25},{"not_picked":["Rebound+1","Steam"],"picked":"Redo","floor":28},{"not_picked":["Defragment","Force Field"],"picked":"Self Repair","floor":28},{"not_picked":["Coolheaded","Static Discharge"],"picked":"Seek","floor":30},{"not_picked":["Streamline","Barrage"],"picked":"Undo","floor":30},{"not_picked":["Steam","Reprogram"],"picked":"Recycle+1","floor":31},{"not_picked":["Streamline","Melter"],"picked":"Lockon","floor":31},{"not_picked":["Hyperbeam","Multi-Cast"],"picked":"Echo Form","floor":33},{"not_picked":["Leap","Rebound"],"picked":"Gash+1","floor":35},{"not_picked":["Ball Lightning+1","Reinforced Body","Coolheaded"],"picked":"Singing Bowl","floor":35},{"not_picked":["Self Repair+1","Multi-Cast"],"picked":"Heatsinks+1","floor":36},{"not_picked":["Rebound","Beam Cell","Reinforced Body+1"],"picked":"Singing Bowl","floor":36},{"not_picked":["Heatsinks","Fusion+1","Cold Snap+1"],"picked":"Singing Bowl","floor":38},{"not_picked":["Fusion+1","Ball Lightning","FTL"],"picked":"Singing Bowl","floor":38},{"not_picked":["Lockon","Glacier+1"],"picked":"Auto Shields+1","floor":42},{"not_picked":["Turbo+1","Glacier","All For One"],"picked":"Singing Bowl","floor":45},{"not_picked":["Compile Driver","Coolheaded","Sweeping Beam"],"picked":"Singing Bowl","floor":47},{"not_picked":["Skim","Darkness"],"picked":"Redo+1","floor":47}],"player_experience":316185,"relics_obtained":[{"floor":6,"key":"Cables"},{"floor":9,"key":"Emotion Chip"},{"floor":25,"key":"Prayer Wheel"},{"floor":26,"key":"Centennial Puzzle"},{"floor":34,"key":"Art of War"},{"floor":34,"key":"Singing Bowl"},{"floor":34,"key":"Mango"},{"floor":42,"key":"Whetstone"},{"floor":45,"key":"The Courier"}],"event_choices":[{"damage_healed":0,"gold_gain":0,"player_choice":"Success","damage_taken":7,"relics_obtained":["PreservedInsect"],"max_hp_gain":0,"max_hp_loss":0,"event_name":"Scrap Ooze","floor":3,"gold_loss":0},{"cards_removed":["Strike_B"],"damage_healed":0,"gold_gain":0,"player_choice":"Forget","damage_taken":0,"max_hp_gain":0,"max_hp_loss":0,"event_name":"Living Wall","floor":8,"gold_loss":0},{"damage_healed":0,"gold_gain":180,"player_choice":"GOLD GOLD ","damage_taken":18,"max_hp_gain":0,"max_hp_loss":0,"event_name":"Knowing Skull","floor":22,"potions_obtained":[],"gold_loss":0,"cards_obtained":[]},{"damage_healed":0,"gold_gain":0,"player_choice":"Max HP","damage_taken":0,"max_hp_gain":0,"max_hp_loss":4,"event_name":"Winding Halls","floor":37,"gold_loss":0},{"damage_healed":0,"gold_gain":0,"player_choice":"Ignored","damage_taken":0,"max_hp_gain":0,"max_hp_loss":0,"event_name":"Mysterious Sphere","floor":41,"gold_loss":0}],"is_beta":false,"boss_relics":[{"not_picked":["Eternal Feather","Fusion Hammer"],"picked":"Nuclear Battery"},{"not_picked":["White Beast Statue","Orrery"],"picked":"Calling Bell"}],"items_purged_floors":[20,39],"is_endless":false,"potions_floor_spawned":[1,5,6,12,16,18,19,24,28,46,47],"killed_by":"3 Darklings","ascension_level":0}