{"gold_per_floor":[119,134,84,9,84,110,110,124,176,190,190,21,40,40,40,166,166,180,204,224,224],"floor_reached":21,"playtime":1058,"items_purged":["Strike_B","Defend_B"],"score":235,"play_id":"04e25647-0770-43df-ac87-77c15677938c","local_time":"20190708184719","is_ascension_mode":true,"campfire_choices":[{"data":"1","floor":7,"key":"LIFT"},{"data":"2","floor":11,"key":"LIFT"},{"floor":15,"key":"REST"}],"neow_cost":"TEN_PERCENT_HP_LOSS","seed_source_timestamp":6815675733663,"circlet_count":0,"master_deck":["Strike_B","Strike_B","Defend_B","Defend_B","Defend_B+1","Zap","Dualcast+1","Defragment","Ball Lightning","Go for the Eyes","Sweeping Beam","Static Discharge","Capacitor","Gash","Creative AI","Cold Snap","Ball Lightning","Conserve Battery"],"relics":["FrozenCore","Girya","Strawberry","War Paint","Golden Idol"],"potions_floor_usage":[6,6,16,20],"damage_taken":[{"damage":3,"enemies":"Jaw Worm","floor":1,"turns":4},{"damage":6,"enemies":"2 Louse","floor":2,"turns":3},{"damage":30,"enemies":"3 Sentries","floor":6,"turns":6},{"damage":0,"enemies":"Cultist","floor":8,"turns":2},{"damage":0,"enemies":"Large Slime","floor":10,"turns":3},{"damage":6,"enemies":"Looter","floor":13,"turns":3},{"damage":38,"enemies":"The Guardian","floor":16,"turns":8},{"damage":25,"enemies":"2 Thieves","floor":18,"turns":4},{"damage":1,"enemies":"Spheric Guardian","floor":19,"turns":4},{"damage":18,"enemies":"Centurion and Healer","floor":20,"turns":7},{"damage":11,"enemies":"Shelled Parasite and Fungi","floor":21,"turns":2}],"seed_played":"450063492225302186","potions_obtained":[{"floor":1,"key":"Poison Potion"},{"floor":2,"key":"Poison Potion"},{"floor":6,"key":"Poison Potion"},{"floor":19,"key":"SkillPotion"}],"is_trial":false,"path_per_floor":["M","M","?","$","?","E","R","M","T","M","R","$","M","?","R","B",null,"M","M","M","M"],"character_chosen":"DEFECT","items_purchased":["Capacitor"],"campfire_rested":1,"item_purchase_floors":[12],"current_hp_per_floor":[65,59,59,59,48,25,25,25,25,25,25,25,19,19,39,1,52,27,26,8,0],"gold":224,"neow_bonus":"ONE_RARE_RELIC","is_prod":false,"is_daily":false,"chose_seed":false,"campfire_upgraded":0,"win_rate":0,"timestamp":1562636839,"path_taken":["M","M","?","$","?","E","R","M","T","M","R","?","M","?","R","BOSS","M","M","M","M"],"build_version":"2019-07-05","purchased_purges":2,"victory":false,"max_hp_per_floor":[68,68,68,68,68,75,75,75,75,75,75,75,75,69,69,69,69,69,69,69,69],"card_choices":[{"not_picked":["Hologram","Streamline"],"picked":"Defragment","floor":1},{"not_picked":["Rip and Tear","BootSequence"],"picked":"Ball Lightning","floor":2},{"not_picked":["Redo","Recycle"],"picked":"Go for the Eyes","floor":6},{"not_picked":["Ball Lightning","Stack"],"picked":"Sweeping Beam","floor":8},{"not_picked":["Coolheaded","Stack"],"picked":"Static Discharge","floor":10},{"not_picked":["Stack","Machine Learning"],"picked":"Gash","floor":13},{"not_picked":["Echo Form","Meteor Strike"],"picked":"Creative AI","floor":16},{"not_picked":["Stack","Darkness+1"],"picked":"Cold Snap","floor":18},{"not_picked":["Hello World","Rebound"],"picked":"Ball Lightning","floor":19},{"not_picked":["Steam","Coolheaded"],"picked":"Conserve Battery","floor":20}],"player_experience":235836,"relics_obtained":[{"floor":6,"key":"Strawberry"},{"floor":9,"key":"War Paint"}],"event_choices":[{"cards_removed":["Strike_B"],"damage_healed":0,"gold_gain":0,"player_choice":"Card Removal","damage_taken":0,"max_hp_gain":0,"max_hp_loss":0,"event_name":"The Cleric","floor":3,"gold_loss":50},{"damage_healed":0,"gold_gain":75,"player_choice":"Gather Gold","damage_taken":11,"max_hp_gain":0,"max_hp_loss":0,"event_name":"World of Goop","floor":5,"gold_loss":0},{"damage_healed":0,"gold_gain":0,"player_choice":"Lose Max HP","damage_taken":0,"relics_obtained":["Golden Idol"],"max_hp_gain":0,"max_hp_loss":6,"event_name":"Golden Idol","floor":14,"gold_loss":0}],"is_beta":false,"boss_relics":[{"not_picked":["Lizard Tail","Orrery"],"picked":"FrozenCore"}],"items_purged_floors":[4,12],"is_endless":false,"potions_floor_spawned":[1,2,6,19],"killed_by":"Shelled Parasite and Fungi","ascension_level":6}