{"gold_per_floor":[20,39,49,66,82,82,109,109,162,162,162,176,251,274,274,274],"floor_reached":16,"playtime":1405,"items_purged":[],"score":216,"play_id":"07c4d735-0d11-4ec1-94b8-0172cdd19d31","local_time":"20190718125958","is_ascension_mode":true,"campfire_choices":[{"data":"Zap","floor":6,"key":"SMITH"},{"data":"Rainbow","floor":8,"key":"SMITH"},{"data":"Hologram","floor":11,"key":"SMITH"},{"data":"Dualcast","floor":15,"key":"SMITH"}],"neow_cost":"NO_GOLD","seed_source_timestamp":668223484968172,"circlet_count":0,"master_deck":["AscendersBane","Strike_B","Strike_B","Defend_B","Defend_B","Defend_B","Defend_B","Zap+1","Dualcast+1","Leap","Conserve Battery","Coolheaded","Hologram+1","Rainbow+1","Regret","Coolheaded"],"relics":["Cracked Core","Darkstone Periapt","Strawberry","Matryoshka","PreservedInsect","Blood Vial"],"potions_floor_usage":[7,7],"damage_taken":[{"damage":9,"enemies":"Small Slimes","floor":1,"turns":3},{"damage":0,"enemies":"Jaw Worm","floor":2,"turns":4},{"damage":0,"enemies":"2 Louse","floor":3,"turns":4},{"damage":16,"enemies":"Exordium Thugs","floor":4,"turns":6},{"damage":3,"enemies":"3 Louse","floor":5,"turns":6},{"damage":0,"enemies":"Lagavulin","floor":7,"turns":5},{"damage":3,"enemies":"Exordium Wildlife","floor":12,"turns":4},{"damage":39,"enemies":"The Guardian","floor":16,"turns":11}],"seed_played":"-1120179081126868804","potions_obtained":[{"floor":2,"key":"Energy Potion"},{"floor":4,"key":"FocusPotion"}],"is_trial":false,"path_per_floor":["M","M","M","M","M","R","E","R","T","?","R","M","?","T","R","B"],"character_chosen":"DEFECT","items_purchased":[],"campfire_rested":0,"item_purchase_floors":[],"current_hp_per_floor":[55,55,55,39,36,36,36,36,43,49,49,46,35,35,35,0],"gold":274,"neow_bonus":"REMOVE_TWO","is_prod":false,"is_daily":false,"chose_seed":false,"campfire_upgraded":4,"win_rate":0,"timestamp":1563469198,"path_taken":["M","M","M","M","M","R","E","R","T","?","R","M","?","?","R","BOSS"],"build_version":"2019-07-17","purchased_purges":0,"victory":false,"max_hp_per_floor":[71,71,71,71,71,71,71,71,78,84,84,84,84,84,84,84],"card_choices":[{"not_picked":["Stack","Ball Lightning"],"picked":"Leap","floor":1},{"not_picked":["Hologram","Cold Snap"],"picked":"Conserve Battery","floor":2},{"not_picked":["Hologram","Steam"],"picked":"Coolheaded","floor":3},{"not_picked":["Force Field","Scrape"],"picked":"Hologram","floor":4},{"not_picked":["Cold Snap","Recycle"],"picked":"Rainbow","floor":5},{"not_picked":["Storm","Stack","Streamline"],"picked":"SKIP","floor":7},{"not_picked":["Gash","Leap"],"picked":"Coolheaded","floor":12}],"player_experience":881508,"relics_obtained":[{"floor":7,"key":"Darkstone Periapt"},{"floor":9,"key":"Strawberry"},{"floor":14,"key":"PreservedInsect"},{"floor":14,"key":"Blood Vial"}],"event_choices":[{"damage_healed":0,"gold_gain":0,"player_choice":"Box","damage_taken":0,"relics_obtained":["Matryoshka"],"max_hp_gain":0,"max_hp_loss":0,"event_name":"Big Fish","floor":10,"gold_loss":0,"cards_obtained":["Regret"]},{"damage_healed":0,"gold_gain":75,"player_choice":"Gather Gold","damage_taken":11,"max_hp_gain":0,"max_hp_loss":0,"event_name":"World of Goop","floor":13,"gold_loss":0}],"is_beta":false,"boss_relics":[],"items_purged_floors":[],"is_endless":false,"potions_floor_spawned":[2,4,5],"killed_by":"The Guardian","ascension_level":14}