{"gold_per_floor":[114,39,114,127,127,127,145,159,159,184,184,207,240,240,240,240],"floor_reached":16,"playtime":549,"items_purged":[],"score":211,"play_id":"8b40b80f-acbf-430e-9355-9865a355e154","local_time":"20190723151940","is_ascension_mode":true,"campfire_choices":[{"data":"Melter","floor":6,"key":"SMITH"},{"floor":11,"key":"REST"},{"floor":15,"key":"REST"}],"neow_cost":"NONE","seed_source_timestamp":98920426476878,"circlet_count":0,"master_deck":["AscendersBane","Strike_B","Strike_B","Defend_B","Defend_B","Defend_B","Defend_B","Zap","Dualcast","Genetic Algorithm","Melter+1","Decay","Seek","Leap","Gash"],"relics":["Velvet Choker","PreservedInsect","Bottled Flame","Omamori","Kunai"],"potions_floor_usage":[13,16,16],"damage_taken":[{"damage":0,"enemies":"2 Louse","floor":1,"turns":3},{"damage":7,"enemies":"Jaw Worm","floor":4,"turns":5},{"damage":4,"enemies":"Cultist","floor":7,"turns":4},{"damage":10,"enemies":"Exordium Wildlife","floor":8,"turns":5},{"damage":31,"enemies":"Lagavulin","floor":10,"turns":6},{"damage":11,"enemies":"3 Sentries","floor":13,"turns":9},{"damage":35,"enemies":"Hexaghost","floor":16,"turns":10}],"seed_played":"-1036221403460275260","potions_obtained":[{"floor":1,"key":"Weak Potion"},{"floor":10,"key":"SkillPotion"},{"floor":13,"key":"FocusPotion"}],"is_trial":false,"path_per_floor":["M","?","?","M","?","R","M","M","T","E","R","T","E","?","R","B"],"character_chosen":"DEFECT","items_purchased":[],"campfire_rested":2,"item_purchase_floors":[],"current_hp_per_floor":[64,64,53,46,46,46,42,32,32,1,22,22,11,11,32,0],"gold":240,"neow_bonus":"BOSS_RELIC","is_prod":false,"is_daily":false,"chose_seed":false,"campfire_upgraded":1,"win_rate":0,"timestamp":1563909580,"path_taken":["M","?","?","M","?","R","M","?","T","E","R","?","E","?","R","BOSS"],"build_version":"2019-07-17","purchased_purges":0,"victory":false,"max_hp_per_floor":[71,71,71,71,71,71,71,71,71,71,71,71,71,71,71,71],"card_choices":[{"not_picked":["Barrage","Hologram"],"picked":"Genetic Algorithm","floor":1},{"not_picked":["Streamline","Lockon"],"picked":"Melter","floor":4},{"not_picked":["Beam Cell","Hologram","Turbo"],"picked":"SKIP","floor":7},{"not_picked":["Turbo","Compile Driver","Go for the Eyes"],"picked":"SKIP","floor":8},{"not_picked":["Redo","Beam Cell"],"picked":"Seek","floor":10},{"not_picked":["Steam","Compile Driver"],"picked":"Leap","floor":13}],"player_experience":916233,"relics_obtained":[{"floor":9,"key":"PreservedInsect"},{"floor":10,"key":"Bottled Flame"},{"floor":12,"key":"Omamori"},{"floor":13,"key":"Kunai"}],"event_choices":[{"cards_removed":["Strike_B"],"damage_healed":0,"gold_gain":0,"player_choice":"Card Removal","damage_taken":0,"max_hp_gain":0,"max_hp_loss":0,"event_name":"The Cleric","floor":2,"gold_loss":75},{"damage_healed":0,"gold_gain":75,"player_choice":"Gather Gold","damage_taken":11,"max_hp_gain":0,"max_hp_loss":0,"event_name":"World of Goop","floor":3,"gold_loss":0},{"damage_healed":0,"gold_gain":0,"player_choice":"Cursed","damage_taken":0,"max_hp_gain":0,"max_hp_loss":0,"event_name":"Wheel of Change","floor":5,"gold_loss":0,"cards_obtained":["Decay"]},{"damage_healed":0,"gold_gain":0,"cards_transformed":["Strike_B"],"player_choice":"Change","damage_taken":0,"max_hp_gain":0,"max_hp_loss":0,"event_name":"Living Wall","floor":14,"gold_loss":0,"cards_obtained":["Gash"]}],"is_beta":false,"boss_relics":[],"items_purged_floors":[],"is_endless":false,"potions_floor_spawned":[1,10,13],"killed_by":"Hexaghost","ascension_level":19}