{"gold_per_floor":[117,136,211,224,5,35,35,35,83,115,115,125,42,57,57,152,152,170,181,181],"floor_reached":20,"playtime":1592,"items_purged":["Strike_R"],"score":324,"play_id":"08eea2ba-4681-4338-8d5a-424a94f31af8","local_time":"20190728221338","is_ascension_mode":true,"campfire_choices":[{"floor":8,"key":"REST"},{"data":"True Grit","floor":15,"key":"SMITH"}],"neow_cost":"TEN_PERCENT_HP_LOSS","seed_source_timestamp":398237646864523,"circlet_count":0,"master_deck":["AscendersBane","Strike_R","Strike_R","Strike_R","Defend_R+1","Defend_R","Defend_R","Defend_R+1","Bash","Spot Weakness","Twin Strike","Uppercut","True Grit+1","Flash of Steel","Barricade","Intimidate","Iron Wave"],"relics":["Burning Blood","Du-Vu Doll","Bag of Marbles","Ancient Tea Set","War Paint","Regal Pillow","Happy Flower","Philosopher\u0027s Stone"],"potions_floor_usage":[10,16,19,19],"damage_taken":[{"damage":3,"enemies":"2 Louse","floor":1,"turns":3},{"damage":6,"enemies":"Cultist","floor":2,"turns":3},{"damage":5,"enemies":"Small Slimes","floor":4,"turns":3},{"damage":44,"enemies":"Gremlin Nob","floor":6,"turns":5},{"damage":0,"enemies":"3 Sentries","floor":10,"turns":5},{"damage":3,"enemies":"Blue Slaver","floor":12,"turns":3},{"damage":1,"enemies":"Red Slaver","floor":14,"turns":3},{"damage":15,"enemies":"Hexaghost","floor":16,"turns":6},{"damage":52,"enemies":"3 Byrds","floor":18,"turns":6},{"damage":2,"enemies":"2 Thieves","floor":19,"turns":3},{"damage":21,"enemies":"Sentry and Sphere","floor":20,"turns":3}],"seed_played":"-3584775511863058095","potions_obtained":[{"floor":1,"key":"Dexterity Potion"},{"floor":10,"key":"Swift Potion"},{"floor":12,"key":"Strength Potion"},{"floor":18,"key":"EssenceOfSteel"}],"is_trial":false,"path_per_floor":["M","M","?","M","$","E","?","R","T","E","?","M","$","M","R","B",null,"M","M","M"],"character_chosen":"IRONCLAD","items_purchased":["Bag of Marbles","Flash of Steel"],"campfire_rested":1,"item_purchase_floors":[5,13],"current_hp_per_floor":[72,72,65,66,66,28,10,31,31,37,37,40,40,45,45,36,63,17,21,0],"gold":181,"neow_bonus":"ONE_RARE_RELIC","is_prod":false,"is_daily":false,"chose_seed":false,"campfire_upgraded":1,"win_rate":0,"timestamp":1564377218,"path_taken":["M","M","?","?","$","E","?","R","T","E","?","?","?","M","R","BOSS","M","M","M"],"build_version":"2019-07-17","purchased_purges":1,"victory":false,"max_hp_per_floor":[72,72,72,72,72,72,72,72,72,72,72,72,72,72,72,72,72,72,72,72],"card_choices":[{"not_picked":["Armaments","Anger"],"picked":"Spot Weakness","floor":1},{"not_picked":["Flex","Rampage"],"picked":"Twin Strike","floor":2},{"not_picked":["Reckless Charge","Rampage","Perfected Strike"],"picked":"SKIP","floor":4},{"not_picked":["Spot Weakness","Sword Boomerang"],"picked":"Uppercut","floor":6},{"not_picked":["Cleave","Exhume"],"picked":"True Grit","floor":10},{"not_picked":["Sever Soul","Warcry","Carnage"],"picked":"SKIP","floor":12},{"not_picked":["Body Slam","Headbutt","True Grit"],"picked":"SKIP","floor":14},{"not_picked":["Reaper","Impervious"],"picked":"Barricade","floor":16},{"not_picked":["Clash","Wild Strike"],"picked":"Intimidate","floor":18},{"not_picked":["Havoc+1","Feel No Pain"],"picked":"Iron Wave","floor":19}],"player_experience":408504,"relics_obtained":[{"floor":6,"key":"Ancient Tea Set"},{"floor":9,"key":"Regal Pillow"},{"floor":10,"key":"Happy Flower"}],"event_choices":[{"damage_healed":0,"gold_gain":75,"player_choice":"Touch","damage_taken":7,"max_hp_gain":0,"max_hp_loss":0,"event_name":"FaceTrader","floor":3,"gold_loss":0},{"damage_healed":0,"gold_gain":0,"player_choice":"Success","damage_taken":18,"relics_obtained":["War Paint"],"max_hp_gain":0,"max_hp_loss":0,"event_name":"Scrap Ooze","floor":7,"gold_loss":0},{"cards_removed":["Strike_R"],"damage_healed":0,"gold_gain":0,"player_choice":"Purged","damage_taken":0,"max_hp_gain":0,"max_hp_loss":0,"event_name":"Purifier","floor":11,"gold_loss":0}],"is_beta":false,"boss_relics":[{"not_picked":["Ectoplasm","Orrery"],"picked":"Philosopher\u0027s Stone"}],"items_purged_floors":[5],"is_endless":false,"potions_floor_spawned":[1,10,12,18],"killed_by":"Sentry and Sphere","ascension_level":11}