{"gold_per_floor":[118,2,2,15,30,65,65,108,108,108,128,28,103,133,133,224,224,244,260,185,185,284,284,284,4,4,4,43,63,81,94,94,94],"floor_reached":33,"playtime":1808,"items_purged":["Strike_R","Strike_R"],"score":492,"play_id":"22403bc8-4c1f-487d-abaf-b9542739b859","local_time":"20190811192030","is_ascension_mode":true,"campfire_choices":[{"data":"Spot Weakness","floor":7.0,"key":"SMITH"},{"data":"Cleave","floor":10.0,"key":"SMITH"},{"data":"Burning Pact","floor":15.0,"key":"SMITH"},{"data":"Immolate","floor":23.0,"key":"SMITH"},{"data":"Heavy Blade","floor":27.0,"key":"SMITH"},{"floor":32.0,"key":"REST"}],"neow_cost":"NONE","seed_source_timestamp":555190312592400,"circlet_count":0,"master_deck":["AscendersBane","Strike_R","Strike_R","Defend_R","Defend_R","Defend_R","Defend_R","Bash","Dual Wield","Spot Weakness+1","Twin Strike","Thunderclap","Cleave+1","Feel No Pain","Burning Pact+1","Immolate+1","Heavy Blade+1","Feel No Pain","Writhe","Metallicize","Doubt","Intimidate+1","Wild Strike","Havoc","Intimidate"],"special_seed":0,"relics":["Burning Blood","NeowsBlessing","Golden Idol","Ancient Tea Set","Kunai","Bag of Preparation","Regal Pillow","Cursed Key","PreservedInsect","ClockworkSouvenir","Omamori","Paper Frog"],"potions_floor_usage":[],"damage_taken":[{"damage":0.0,"enemies":"Jaw Worm","floor":1.0,"turns":1.0},{"damage":0.0,"enemies":"Small Slimes","floor":4.0,"turns":2.0},{"damage":0.0,"enemies":"2 Louse","floor":5.0,"turns":1.0},{"damage":0.0,"enemies":"Gremlin Nob","floor":6.0,"turns":2.0},{"damage":11.0,"enemies":"3 Sentries","floor":8.0,"turns":4.0},{"damage":17.0,"enemies":"Large Slime","floor":11.0,"turns":4.0},{"damage":39.0,"enemies":"Hexaghost","floor":16.0,"turns":8.0},{"damage":0.0,"enemies":"3 Byrds","floor":18.0,"turns":3.0},{"damage":7.0,"enemies":"Chosen","floor":19.0,"turns":3.0},{"damage":42.0,"enemies":"Slavers","floor":28.0,"turns":3.0},{"damage":21.0,"enemies":"Snake Plant","floor":29.0,"turns":4.0},{"damage":7.0,"enemies":"Cultist and Chosen","floor":30.0,"turns":3.0},{"damage":9.0,"enemies":"Centurion and Healer","floor":31.0,"turns":2.0},{"damage":63,"enemies":"Champ","floor":33,"turns":7}],"seed_played":"-8647387250771735533","potions_obtained":[{"floor":4.0,"key":"SteroidPotion"},{"floor":5.0,"key":"Strength Potion"},{"floor":6.0,"key":"SkillPotion"},{"floor":19.0,"key":"Dexterity Potion"},{"floor":29.0,"key":"SteroidPotion"}],"is_trial":false,"path_per_floor":["M","$","?","M","M","E","R","E","T","R","M","$","?","?","R","B",null,"M","M","?","?","?","R","?","$","T","R","E","M","M","M","R","B"],"character_chosen":"IRONCLAD","items_purchased":["Spot Weakness","ClockworkSouvenir","Metallicize"],"campfire_rested":1,"item_purchase_floors":[2,25,25],"current_hp_per_floor":[78,78,58,64,70,76,76,71,71,71,60,60,49,49,49,16,64,70,69,69,69,69,69,69,69,69,69,33,18,17,14,53,0],"gold":94,"neow_bonus":"THREE_ENEMY_KILL","is_prod":false,"is_daily":false,"chose_seed":false,"campfire_upgraded":5,"win_rate":0,"timestamp":1565576430,"path_taken":["M","$","?","M","M","E","R","E","T","R","M","$","?","?","R","BOSS","M","M","?","?","?","R","?","$","T","R","E","M","M","?","R","BOSS"],"build_version":"2019-07-17","purchased_purges":2,"victory":false,"max_hp_per_floor":[80,80,80,80,80,80,80,80,80,80,80,80,80,80,80,80,80,80,80,80,80,80,80,80,80,80,80,80,80,80,80,80,80],"card_choices":[{"not_picked":["Armaments","Searing Blow"],"picked":"Dual Wield","floor":1.0},{"not_picked":["Cleave","Rampage"],"picked":"Twin Strike","floor":4.0},{"not_picked":["Warcry","Fire Breathing"],"picked":"Thunderclap","floor":5.0},{"not_picked":["Searing Blow","Combust"],"picked":"Cleave","floor":6.0},{"not_picked":["Cleave","Armaments"],"picked":"Feel No Pain","floor":8.0},{"not_picked":["Flex","Body Slam"],"picked":"Burning Pact","floor":11.0},{"not_picked":["Barricade","Impervious"],"picked":"Immolate","floor":16.0},{"not_picked":["Shrug It Off","Iron Wave"],"picked":"Heavy Blade","floor":18.0},{"not_picked":["Blood for Blood","Thunderclap"],"picked":"Feel No Pain","floor":19.0},{"not_picked":["Heavy Blade","Rage"],"picked":"Intimidate+1","floor":28.0},{"not_picked":["Havoc","Clash"],"picked":"Wild Strike","floor":29.0},{"not_picked":["Warcry","Thunderclap"],"picked":"Havoc","floor":30.0},{"not_picked":["Flex","Offering"],"picked":"Intimidate","floor":31.0}],"player_experience":568182,"relics_obtained":[{"floor":6.0,"key":"Ancient Tea Set"},{"floor":8.0,"key":"Kunai"},{"floor":9.0,"key":"Bag of Preparation"},{"floor":26.0,"key":"Omamori"},{"floor":28.0,"key":"Paper Frog"}],"event_choices":[{"damage_healed":0.0,"max_hp_gain":0.0,"max_hp_loss":0.0,"gold_gain":0.0,"event_name":"Golden Idol","player_choice":"Take Damage","floor":3.0,"gold_loss":0.0,"damage_taken":20.0,"relics_obtained":["Golden Idol"]},{"damage_healed":0.0,"max_hp_gain":0.0,"max_hp_loss":0.0,"gold_gain":75.0,"event_name":"World of Goop","player_choice":"Gather Gold","floor":13.0,"gold_loss":0.0,"damage_taken":11.0},{"damage_healed":0.0,"max_hp_gain":0.0,"max_hp_loss":0.0,"gold_gain":30.0,"event_name":"Dead Adventurer","player_choice":"Searched \u00272\u0027 times","floor":14.0,"gold_loss":0.0,"damage_taken":0.0,"relics_obtained":["Regal Pillow"]},{"cards_removed":["Strike_R"],"damage_healed":0.0,"max_hp_gain":0.0,"max_hp_loss":0.0,"gold_gain":0.0,"event_name":"Beggar","player_choice":"Gave Gold","floor":20.0,"gold_loss":75.0,"damage_taken":0.0},{"damage_healed":0.0,"max_hp_gain":0.0,"max_hp_loss":0.0,"gold_gain":0.0,"event_name":"The Mausoleum","player_choice":"Opened","floor":21.0,"gold_loss":0.0,"damage_taken":0.0,"relics_obtained":["PreservedInsect"],"cards_obtained":["Writhe"]},{"damage_healed":0.0,"max_hp_gain":0.0,"max_hp_loss":0.0,"gold_gain":99.0,"event_name":"Nest","player_choice":"Stole From Cult","floor":22.0,"gold_loss":0.0,"damage_taken":0.0},{"damage_healed":0.0,"max_hp_gain":0.0,"max_hp_loss":0.0,"gold_gain":0.0,"event_name":"N\u0027loth","player_choice":"Ignored","floor":24.0,"gold_loss":0.0,"damage_taken":0.0}],"is_beta":false,"boss_relics":[{"not_picked":["Sozu","Ectoplasm"],"picked":"Cursed Key"}],"items_purged_floors":[2,12],"is_endless":false,"potions_floor_spawned":[4,5,6,19,29],"killed_by":"Champ","ascension_level":13}