{"gold_per_floor":[117,117,133,133,58,58,71,97,152,152,52,52,67,79,79,157,157,168,218,218,231,7,7,35,35],"floor_reached":25,"playtime":1233,"items_purged":["Strike_R","Strike_R"],"score":394,"play_id":"4603df5a-d4b5-4035-bd4a-287c37bf7ef4","local_time":"20181014122208","is_ascension_mode":true,"campfire_choices":[{"data":"Wild Strike","floor":6.0,"key":"SMITH"},{"data":"Body Slam","floor":10.0,"key":"SMITH"},{"data":"Disarm","floor":12.0,"key":"SMITH"},{"data":"Bash","floor":15.0,"key":"SMITH"},{"data":"Limit Break","floor":23,"key":"SMITH"}],"neow_cost":"","seed_source_timestamp":91292900707873,"circlet_count":0,"master_deck":["Strike_R","Strike_R","Defend_R","Defend_R","Defend_R","Defend_R","Bash+1","AscendersBane","Wild Strike+1","Shrug It Off+1","Disarm+1","Body Slam+1","Limit Break+1","Inflame","Ghostly Armor"],"special_seed":0,"relics":["Burning Blood","Dream Catcher","Tiny Chest","Cursed Key","Medical Kit","Lantern"],"potions_floor_usage":[21,24],"damage_taken":[{"damage":2.0,"enemies":"Jaw Worm","floor":1.0,"turns":5.0},{"damage":0.0,"enemies":"2 Louse","floor":3.0,"turns":2.0},{"damage":0.0,"enemies":"Small Slimes","floor":7.0,"turns":3.0},{"damage":10.0,"enemies":"Lagavulin","floor":8.0,"turns":7.0},{"damage":0.0,"enemies":"Gremlin Gang","floor":13.0,"turns":4.0},{"damage":6.0,"enemies":"Looter","floor":14.0,"turns":3.0},{"damage":42.0,"enemies":"Hexaghost","floor":16.0,"turns":11.0},{"damage":0.0,"enemies":"Chosen","floor":18.0,"turns":6.0},{"damage":21,"enemies":"2 Thieves","floor":21,"turns":4},{"damage":36,"enemies":"Gremlin Leader","floor":24,"turns":8},{"damage":33,"enemies":"Sentry and Sphere","floor":25,"turns":3}],"seed_played":"-7177780502556240437","potions_obtained":[{"floor":3.0,"key":"SmokeBomb"},{"floor":7.0,"key":"PowerPotion"},{"floor":8.0,"key":"Energy Potion"},{"floor":14.0,"key":"Dexterity Potion"},{"floor":16.0,"key":"Energy Potion"},{"floor":21,"key":"PowerPotion"}],"is_trial":false,"path_per_floor":["M","?","M","?","$","R","M","E","T","R","$","R","M","M","R","B",null,"M","?","T","M","$","R","E"],"character_chosen":"IRONCLAD","items_purchased":["Medical Kit"],"campfire_rested":0,"item_purchase_floors":[22],"current_hp_per_floor":[72,65,71,71,71,71,75,71,71,71,71,71,75,75,75,39,66,72,72,72,57,57,57,27,0],"gold":35,"neow_bonus":"","is_prod":false,"is_daily":false,"chose_seed":false,"campfire_upgraded":5,"win_rate":0,"timestamp":1539534128,"path_taken":["M","?","M","?","?","R","M","E","T","R","$","R","M","M","R","BOSS","M","?","?","M","$","R","E","?"],"build_version":"2018-10-11","purchased_purges":2,"victory":false,"max_hp_per_floor":[75,75,75,75,75,75,75,75,75,75,75,75,75,75,75,75,75,75,75,75,75,75,75,75,75],"card_choices":[{"not_picked":["Shrug It Off","Headbutt"],"picked":"Wild Strike","floor":1.0},{"not_picked":["Pommel Strike","Anger"],"picked":"Shrug It Off","floor":3.0},{"not_picked":["Wild Strike","Metallicize"],"picked":"Disarm","floor":7.0},{"not_picked":["Seeing Red","Combust"],"picked":"Body Slam","floor":8.0},{"not_picked":["Armaments","Warcry","Fire Breathing"],"picked":"SKIP","floor":13.0},{"not_picked":["Clothesline","Armaments","Searing Blow"],"picked":"SKIP","floor":14.0},{"not_picked":["Feed","Fiend Fire"],"picked":"Limit Break","floor":16.0},{"not_picked":["Headbutt","Flex"],"picked":"Inflame","floor":18.0},{"not_picked":["Sword Boomerang","Armaments"],"picked":"Ghostly Armor","floor":21},{"not_picked":["Pommel Strike","Searing Blow","Flex"],"picked":"SKIP","floor":24}],"player_experience":492294,"relics_obtained":[{"floor":8.0,"key":"Dream Catcher"},{"floor":9.0,"key":"Tiny Chest"},{"floor":24,"key":"Lantern"}],"event_choices":[{"event_name":"Golden Wing","player_choice":"Card Removal","floor":2.0,"damage_taken":0.0},{"event_name":"Accursed Blacksmith","player_choice":"Forge","floor":4.0,"damage_taken":0.0},{"event_name":"Nest","player_choice":"Stole From Cult","floor":19.0,"damage_taken":0.0}],"is_beta":false,"boss_relics":[{"not_picked":["Astrolabe","Fusion Hammer"],"picked":"Cursed Key"}],"items_purged_floors":[5,11],"is_endless":false,"potions_floor_spawned":[3,7,8,14,16,21],"killed_by":"Sentry and Sphere","ascension_level":16}