{"gold_per_floor":[115,190,140,154,154,180,180,200,200,200,218,218,218],"floor_reached":13,"playtime":316,"items_purged":[],"score":137,"play_id":"32329b6e-d502-49ce-9592-bff250717493","local_time":"20190712170857","is_ascension_mode":true,"campfire_choices":[{"floor":7,"key":"REST"},{"data":"Streamline","floor":10,"key":"SMITH"},{"data":"Self Repair","floor":12,"key":"SMITH"}],"neow_cost":"NONE","seed_source_timestamp":165854037031218,"circlet_count":0,"master_deck":["AscendersBane","Strike_B","Strike_B","Strike_B","Defend_B","Defend_B","Defend_B","Defend_B","Zap","Dualcast","Streamline+1","Defragment","Leap","Seek","Self Repair+1"],"relics":["Cracked Core","StoneCalendar","Bag of Marbles","WingedGreaves"],"potions_floor_usage":[6,11,13],"damage_taken":[{"damage":0,"enemies":"2 Louse","floor":1,"turns":2},{"damage":0,"enemies":"Small Slimes","floor":4,"turns":2},{"damage":33,"enemies":"Lagavulin","floor":6,"turns":6},{"damage":7,"enemies":"Jaw Worm","floor":8,"turns":3},{"damage":8,"enemies":"Looter","floor":11,"turns":3},{"damage":30,"enemies":"Gremlin Nob","floor":13,"turns":3}],"seed_played":"6079267155213390403","potions_obtained":[{"floor":1,"key":"Dexterity Potion"},{"floor":6,"key":"SkillPotion"},{"floor":8,"key":"FearPotion"}],"is_trial":false,"path_per_floor":["M","?","?","M","?","E","R","M","T","R","M","R","E"],"character_chosen":"DEFECT","items_purchased":[],"campfire_rested":1,"item_purchase_floors":[],"current_hp_per_floor":[75,64,64,64,39,6,30,23,23,23,15,15,0],"gold":218,"neow_bonus":"TEN_PERCENT_HP_BONUS","is_prod":false,"is_daily":false,"chose_seed":false,"campfire_upgraded":2,"win_rate":0,"timestamp":1562965737,"path_taken":["M","?","?","M","?","E","R","M","T","R","?","R","E"],"build_version":"2019-07-05","purchased_purges":0,"victory":false,"max_hp_per_floor":[82,82,82,82,82,82,82,82,82,82,82,82,82],"card_choices":[{"not_picked":["Aggregate","Capacitor"],"picked":"Streamline","floor":1},{"not_picked":["White Noise","Stack"],"picked":"Defragment","floor":4},{"not_picked":["Turbo","Consume"],"picked":"Leap","floor":6},{"not_picked":["Leap","Barrage"],"picked":"Seek","floor":8},{"not_picked":["Gash","Fusion"],"picked":"Self Repair","floor":11}],"player_experience":872047,"relics_obtained":[{"floor":6,"key":"Bag of Marbles"},{"floor":9,"key":"WingedGreaves"}],"event_choices":[{"damage_healed":0,"gold_gain":75,"player_choice":"Gather Gold","damage_taken":11,"max_hp_gain":0,"max_hp_loss":0,"event_name":"World of Goop","floor":2,"gold_loss":0},{"cards_removed":["Strike_B"],"damage_healed":0,"gold_gain":0,"player_choice":"Card Removal","damage_taken":0,"max_hp_gain":0,"max_hp_loss":0,"event_name":"The Cleric","floor":3,"gold_loss":50},{"damage_healed":0,"gold_gain":0,"player_choice":"Success","damage_taken":25,"relics_obtained":["StoneCalendar"],"max_hp_gain":0,"max_hp_loss":0,"event_name":"Scrap Ooze","floor":5,"gold_loss":0}],"is_beta":false,"boss_relics":[],"items_purged_floors":[],"is_endless":false,"potions_floor_spawned":[1,6,8],"killed_by":"Gremlin Nob","ascension_level":13}