{"gold_per_floor":[111,36,36,36,49,49,49,3,3,16,41,52,70,70,70,174,174,191,209,228,228,138,138,166,181,208,226,126,137,137,151,151,151],"floor_reached":33,"playtime":2032,"items_purged":["Strike_G","Doubt"],"score":337,"play_id":"e214a00b-c83c-4c66-a8b8-3fd5a1a13858","local_time":"20190319074316","is_ascension_mode":true,"campfire_choices":[{"data":"Neutralize","floor":6,"key":"SMITH"},{"floor":15,"key":"REST"},{"data":"Crippling Poison","floor":23,"key":"SMITH"},{"floor":30,"key":"REST"},{"floor":32,"key":"REST"}],"neow_cost":"NONE","seed_source_timestamp":552546420531902,"circlet_count":0,"master_deck":["Defend_G","Defend_G","Defend_G","Defend_G","Defend_G+1","Strike_G+1","Strike_G+1","Strike_G","Survivor","Neutralize+1","Dramatic Entrance","Sucker Punch+1","Backflip","Dagger Spray","Terror","Crippling Poison+1","Heel Hook","Malaise","Backstab","Dash","All Out Attack+1","Corpse Explosion","Escape Plan"],"relics":["Ring of the Snake","Gremlin Horn","Odd Mushroom","Cursed Key","Girya","Ancient Tea Set"],"potions_floor_usage":[13,29,29,33,33],"damage_taken":[{"damage":0,"enemies":"2 Louse","floor":1,"turns":2},{"damage":0,"enemies":"Small Slimes","floor":5,"turns":2},{"damage":0,"enemies":"Cultist","floor":10,"turns":3},{"damage":13,"enemies":"The Mushroom Lair","floor":11,"turns":3},{"damage":0,"enemies":"Lots of Slimes","floor":12,"turns":1},{"damage":3,"enemies":"Large Slime","floor":13,"turns":6},{"damage":24,"enemies":"The Guardian","floor":16,"turns":14},{"damage":8,"enemies":"Shell Parasite","floor":18,"turns":6},{"damage":16,"enemies":"2 Thieves","floor":19,"turns":3},{"damage":13,"enemies":"Cultist and Chosen","floor":20,"turns":5},{"damage":25,"enemies":"Slavers","floor":24,"turns":4},{"damage":3,"enemies":"Snake Plant","floor":25,"turns":5},{"damage":13,"enemies":"Snecko","floor":27,"turns":4},{"damage":1,"enemies":"Centurion and Healer","floor":29,"turns":4},{"damage":4,"enemies":"3 Cultists","floor":31,"turns":3},{"damage":57,"enemies":"Champ","floor":33,"turns":13}],"seed_played":"1230372458020145499","potions_obtained":[{"floor":10,"key":"SpeedPotion"},{"floor":11,"key":"Block Potion"},{"floor":12,"key":"Ancient Potion"},{"floor":20,"key":"Strength Potion"},{"floor":27,"key":"PowerPotion"},{"floor":29,"key":"Block Potion"},{"floor":31,"key":"LiquidBronze"}],"is_trial":false,"path_per_floor":["M","$","?","?","M","R","$","$","T","M","?","M","M","?","R","B",null,"M","M","M","?","?","R","E","M","T","M","$","M","R","M","R","B"],"character_chosen":"THE_SILENT","items_purchased":["Dagger Spray"],"campfire_rested":3,"item_purchase_floors":[8],"current_hp_per_floor":[63,63,49,49,49,49,49,49,49,49,36,36,33,38,60,36,65,57,41,28,53,53,53,28,25,25,12,12,11,33,29,51,0],"gold":151,"neow_bonus":"RANDOM_COLORLESS","is_prod":false,"is_daily":false,"chose_seed":false,"campfire_upgraded":2,"win_rate":0,"timestamp":1553006596,"path_taken":["M","$","?","?","?","R","?","$","T","M","?","M","M","?","R","BOSS","M","M","M","?","?","R","E","M","T","M","$","M","R","M","R","BOSS"],"build_version":"2019-01-23","purchased_purges":2,"victory":false,"max_hp_per_floor":[70,70,70,70,70,70,70,70,70,70,70,70,70,75,75,75,75,75,75,75,75,75,75,75,75,75,75,75,75,75,75,75,75],"card_choices":[{"not_picked":["Cloak And Dagger","Flying Knee"],"picked":"Sucker Punch","floor":1},{"not_picked":["Prepared","Blade Dance"],"picked":"Backflip","floor":5},{"not_picked":["Deadly Poison","PiercingWail"],"picked":"Terror","floor":10},{"not_picked":["Bane","Acrobatics"],"picked":"Crippling Poison","floor":11},{"not_picked":["Underhanded Strike","Deadly Poison","Outmaneuver"],"picked":"SKIP","floor":12},{"not_picked":["Quick Slash","Malaise"],"picked":"Heel Hook","floor":13},{"not_picked":["Bullet Time","Storm of Steel"],"picked":"Malaise","floor":16},{"not_picked":["Expertise","Sucker Punch"],"picked":"Backstab","floor":18},{"not_picked":["Acrobatics","Masterful Stab"],"picked":"Dash","floor":19},{"not_picked":["Caltrops","Dagger Throw"],"picked":"All Out Attack+1","floor":20},{"not_picked":["Bullet Time","Terror+1"],"picked":"Corpse Explosion","floor":24},{"not_picked":["Underhanded Strike","Expertise","Predator"],"picked":"SKIP","floor":25},{"not_picked":["Backflip","Dagger Spray"],"picked":"Escape Plan","floor":27},{"not_picked":["Dodge and Roll","Sucker Punch+1","Slice+1"],"picked":"SKIP","floor":29},{"not_picked":["Quick Slash","Expertise","Underhanded Strike"],"picked":"SKIP","floor":31}],"player_experience":181227,"relics_obtained":[{"floor":9,"key":"Gremlin Horn"},{"floor":11,"key":"Odd Mushroom"},{"floor":24,"key":"Girya"},{"floor":26,"key":"Ancient Tea Set"}],"event_choices":[{"damage_healed":0,"gold_gain":0,"player_choice":"Entered Light","damage_taken":14,"max_hp_gain":0,"max_hp_loss":0,"event_name":"Shining Light","floor":3,"gold_loss":0,"cards_upgraded":["Strike_G","Strike_G"]},{"damage_healed":0,"gold_gain":0,"player_choice":"Upgraded","damage_taken":0,"max_hp_gain":0,"max_hp_loss":0,"event_name":"Upgrade Shrine","floor":4,"gold_loss":0,"cards_upgraded":["Sucker Punch"]},{"damage_healed":0,"gold_gain":0,"player_choice":"Fought Mushrooms","damage_taken":0,"max_hp_gain":0,"max_hp_loss":0,"event_name":"Mushrooms","floor":11,"gold_loss":0},{"damage_healed":0,"gold_gain":0,"player_choice":"Donut","damage_taken":0,"max_hp_gain":5,"max_hp_loss":0,"event_name":"Big Fish","floor":14,"gold_loss":0},{"damage_healed":25,"gold_gain":0,"player_choice":"Heal","damage_taken":0,"max_hp_gain":0,"max_hp_loss":0,"event_name":"The Library","floor":21,"gold_loss":0},{"cards_removed":["Strike_G"],"damage_healed":0,"gold_gain":0,"player_choice":"Upgrade and Remove","damage_taken":0,"max_hp_gain":0,"max_hp_loss":0,"event_name":"Designer","floor":22,"gold_loss":90,"cards_upgraded":["Defend_G"]}],"is_beta":false,"boss_relics":[{"not_picked":["Orrery","Pandora\u0027s Box"],"picked":"Cursed Key"}],"items_purged_floors":[2,28],"is_endless":false,"potions_floor_spawned":[10,11,12,20,27,29,31],"killed_by":"Champ","ascension_level":6}