{"path_per_floor":["M","?","$","?","$","E","R","E","T","M","M","M","M","E","R","B",null,"M","?","?","M","T","R","?","?","T","$","E","M","E","?","R","B",null,"M","M","$","M","M","M","R","?","T","R","E","M","$","?","R"],"character_chosen":"IRONCLAD","items_purchased":["Seeing Red","Inflame","Master of Strategy","Shrug It Off","Ice Cream","Strength Potion"],"gold_per_floor":[365,315,201,376,41,74,74,102,172,192,212,229,243,277,277,379,379,394,394,444,455,455,455,380,380,380,230,257,271,305,205,205,306,306,323,334,20,40,51,71,71,71,152,152,185,202,4,4,4],"floor_reached":50,"campfire_rested":1,"playtime":4569,"current_hp_per_floor":[72,72,72,72,72,53,53,42,42,40,40,40,40,30,30,7,56,55,55,55,60,60,60,60,60,60,60,66,57,53,53,53,27,61,54,56,56,44,47,53,61,61,61,69,47,44,44,44,72],"items_purged":["Defend_R","Doubt","Writhe","Clumsy"],"gold":4,"play_id":"eedb9261-a725-4301-a8c7-fab5c8606977","is_prod":false,"is_daily":false,"is_ascension_mode":true,"campfire_upgraded":6,"path_taken":["M","?","$","?","$","E","R","E","T","?","M","M","M","E","R","BOSS","M","?","?","M","?","R","?","?","T","$","E","M","E","?","R","BOSS","M","M","$","M","M","M","R","?","T","R","E","M","$","?","R","BOSS"],"build_version":"2018-02-01-PROD3","purchased_purges":4,"victory":false,"master_deck":["Strike_R","Strike_R","Defend_R","Defend_R","Defend_R","Bash","Clash","Seeing Red","Inflame+1","Master of Strategy","Rampage","Iron Wave","Heavy Blade+1","Shrug It Off+1","Impervious","True Grit+1","Shrug It Off","J.A.X.+1","Double Tap+1","Heavy Blade+1","Sentinel+1","Flex+1","Flex+1"],"max_hp_per_floor":[72,72,72,72,72,72,72,72,72,72,72,72,72,72,72,72,72,72,72,72,72,72,72,72,72,72,72,72,72,72,72,72,72,72,72,72,72,72,72,72,72,72,72,72,72,72,72,72,72],"relics":["Burning Blood","Sundial","Calipers","Bottled Flame","Juzu Bracelet","Cursed Key","Oddly Smooth Stone","Ancient Tea Set","Gambling Chip","Meat on the Bone","Bronze Scales","Eternal Feather","Ice Cream","Frozen Egg 2","Dream Catcher","Molten Egg 2"],"card_choices":[{"not_picked":["Body Slam","Pommel Strike"],"picked":"Clash"},{"not_picked":["Uppercut","Second Wind"],"picked":"Rampage"},{"not_picked":["Body Slam","Flex"],"picked":"Iron Wave"},{"not_picked":["Headbutt","Flex"],"picked":"Heavy Blade"},{"not_picked":["Inflame","Rupture"],"picked":"Shrug It Off"},{"not_picked":["Fiend Fire","Bludgeon"],"picked":"Impervious"},{"not_picked":["Flex","Reckless Charge"],"picked":"True Grit"},{"not_picked":["Brutality","Feed"],"picked":"Double Tap"},{"not_picked":["Perfected Strike","Clash"],"picked":"Heavy Blade"},{"not_picked":["Body Slam","True Grit"],"picked":"Sentinel"},{"not_picked":["True Grit","Anger"],"picked":"Flex"},{"not_picked":["Reckless Charge","Barricade"],"picked":"Flex"}],"player_experience":185090,"potions_floor_usage":[50,50,50],"damage_taken":[{"damage":2.0,"enemies":"2 Louse","floor":1.0,"turns":3.0},{"damage":25.0,"enemies":"Lagavulin","floor":6.0,"turns":5.0},{"damage":17.0,"enemies":"3 Sentries","floor":8.0,"turns":7.0},{"damage":8.0,"enemies":"Small Slimes","floor":10.0,"turns":3.0},{"damage":6.0,"enemies":"Blue Slaver","floor":11.0,"turns":3.0},{"damage":6.0,"enemies":"3 Louse","floor":12.0,"turns":3.0},{"damage":6.0,"enemies":"Looter","floor":13.0,"turns":2.0},{"damage":16.0,"enemies":"Gremlin Nob","floor":14.0,"turns":3.0},{"damage":29.0,"enemies":"Hexaghost","floor":16.0,"turns":9.0},{"damage":7.0,"enemies":"2 Thieves","floor":18.0,"turns":3.0},{"damage":1.0,"enemies":"Spheric Guardian","floor":21.0,"turns":3.0},{"damage":0.0,"enemies":"Book of Stabbing","floor":28.0,"turns":5.0},{"damage":15.0,"enemies":"Snake Plant","floor":29.0,"turns":5.0},{"damage":10.0,"enemies":"Slavers","floor":30.0,"turns":7.0},{"damage":44.0,"enemies":"Automaton","floor":33.0,"turns":9.0},{"damage":13.0,"enemies":"Orb Walker","floor":35.0,"turns":4.0},{"damage":4.0,"enemies":"3 Shapes","floor":36.0,"turns":7.0},{"damage":18.0,"enemies":"3 Darklings","floor":38.0,"turns":6.0},{"damage":3.0,"enemies":"Sphere and 2 Shapes","floor":39.0,"turns":5.0},{"damage":12.0,"enemies":"Maw","floor":40.0,"turns":6.0},{"damage":28.0,"enemies":"Nemesis","floor":45.0,"turns":4.0},{"damage":9.0,"enemies":"3 Darklings","floor":46.0,"turns":4.0},{"damage":78,"enemies":"Awakened One","floor":50,"turns":10}],"event_choices":[{"event_name":"The Cleric","player_choice":"Card Removal","floor":2.0,"damage_taken":0.0},{"event_name":"Liars Game","player_choice":"agreed","floor":4.0,"damage_taken":0.0},{"event_name":"Purifier","player_choice":"One Purge","floor":19.0,"damage_taken":0.0},{"event_name":"The Joust","player_choice":"Bet on Murderer","floor":20.0,"damage_taken":0.0},{"event_name":"Beggar","player_choice":"Gave Gold","floor":24.0,"damage_taken":0.0},{"event_name":"The Mausoleum","player_choice":"Yes","floor":25.0,"damage_taken":0.0},{"event_name":"Drug Dealer","player_choice":"Got JAXXED","floor":31.0,"damage_taken":0.0},{"event_name":"Wheel of Change","player_choice":"Relic","floor":48.0,"damage_taken":0.0}],"boss_relics":[],"potions_floor_spawned":[6,10,14,29,35,45,46],"seed_played":"-3210810094740818279","killed_by":"Awakened One","ascension_level":5,"is_trial":false}