{"gold_per_floor":[118,136,136,150,163,163,163,163,163,163,182,193,193,193],"floor_reached":14,"playtime":372,"items_purged":[],"score":179,"play_id":"7687ebbe-48b8-4c1a-b2fe-36111e0eb2dd","local_time":"20190704153358","is_ascension_mode":true,"campfire_choices":[{"floor":6,"key":"REST"},{"data":"Neutralize","floor":8,"key":"SMITH"},{"data":"Cloak And Dagger","floor":10,"key":"SMITH"},{"floor":13,"key":"REST"}],"neow_cost":"NONE","seed_source_timestamp":214088126540311,"circlet_count":0,"master_deck":["AscendersBane","Strike_G","Strike_G+1","Strike_G","Strike_G","Strike_G","Defend_G","Defend_G","Defend_G","Defend_G+1","Defend_G","Survivor","Neutralize+1","Cloak And Dagger+1","Deadly Poison","Calculated Gamble","Dagger Throw","Bane","Bouncing Flask"],"special_seed":0,"relics":["Ring of the Snake","Art of War","Ginger"],"potions_floor_usage":[7],"damage_taken":[{"damage":15.0,"enemies":"Small Slimes","floor":1.0,"turns":4.0},{"damage":11.0,"enemies":"Jaw Worm","floor":2.0,"turns":5.0},{"damage":0,"enemies":"Cultist","floor":4,"turns":5},{"damage":12,"enemies":"Exordium Thugs","floor":5,"turns":8},{"damage":0,"enemies":"Lagavulin","floor":7,"turns":1},{"damage":1,"enemies":"Blue Slaver","floor":11,"turns":4},{"damage":5,"enemies":"Red Slaver","floor":12,"turns":3},{"damage":39,"enemies":"Gremlin Nob","floor":14,"turns":3}],"seed_played":"-5618918328959914165","potions_obtained":[{"floor":1.0,"key":"SmokeBomb"},{"floor":11,"key":"SteroidPotion"}],"is_trial":false,"path_per_floor":["M","M","?","M","M","R","E","R","T","R","M","M","R","E"],"character_chosen":"THE_SILENT","items_purchased":[],"campfire_rested":2,"item_purchase_floors":[],"current_hp_per_floor":[44,33,13,13,1,20,20,20,20,20,19,14,33,0],"gold":193,"neow_bonus":"RANDOM_COMMON_RELIC","is_prod":false,"is_daily":false,"chose_seed":false,"campfire_upgraded":2,"win_rate":0,"timestamp":1562268838,"path_taken":["M","M","?","M","M","R","E","R","T","R","M","M","R","E"],"build_version":"2019-07-01","purchased_purges":0,"victory":false,"max_hp_per_floor":[66,66,66,66,66,66,66,66,66,66,66,66,66,66],"card_choices":[{"not_picked":["Distraction","PiercingWail"],"picked":"Cloak And Dagger","floor":1.0},{"not_picked":["Acrobatics","Bane"],"picked":"Deadly Poison","floor":2},{"not_picked":["Acrobatics","PiercingWail"],"picked":"Calculated Gamble","floor":4},{"not_picked":["Underhanded Strike","Distraction"],"picked":"Dagger Throw","floor":5},{"not_picked":["Outmaneuver","Prepared"],"picked":"Bane","floor":11},{"not_picked":["Dagger Throw","Noxious Fumes"],"picked":"Bouncing Flask","floor":12}],"player_experience":856307,"relics_obtained":[{"floor":9,"key":"Ginger"}],"event_choices":[{"damage_healed":0,"gold_gain":0,"player_choice":"Entered Light","damage_taken":20,"max_hp_gain":0,"max_hp_loss":0,"event_name":"Shining Light","floor":3,"gold_loss":0,"cards_upgraded":["Strike_G","Defend_G"]}],"is_beta":false,"boss_relics":[],"items_purged_floors":[],"is_endless":false,"potions_floor_spawned":[1,7,11],"killed_by":"Gremlin Nob","ascension_level":19}