{"gold_per_floor":[369,383,393,47,47,47,73,73,126,140,166,185,31,31,31,128,128,141,141,166,166],"floor_reached":21,"playtime":1652,"items_purged":["Strike_R"],"score":234,"play_id":"535cedc4-417a-437d-8741-01e75c837f14","local_time":"20190712083502","is_ascension_mode":true,"campfire_choices":[{"data":"Body Slam","floor":6,"key":"SMITH"},{"data":"Barricade","floor":15,"key":"SMITH"}],"neow_cost":"TEN_PERCENT_HP_LOSS","seed_source_timestamp":315081115454384,"circlet_count":0,"master_deck":["Strike_R+1","Defend_R","Defend_R","Defend_R+1","Bash","Body Slam+1","Dropkick+1","Rampage","Inflame","True Grit+1","Evolve","True Grit","Barricade+1","Spot Weakness","Double Tap+1","Reaper+1","Twin Strike+1","Armaments+1"],"relics":["Burning Blood","Bag of Marbles","Potion Belt","Tiny Chest","Pantograph","Whetstone","Ginger","Astrolabe","Nilry\u0027s Codex","Bronze Scales"],"potions_floor_usage":[7,7,10,16],"damage_taken":[{"damage":6,"enemies":"2 Louse","floor":1,"turns":3},{"damage":0,"enemies":"Small Slimes","floor":2,"turns":3},{"damage":2,"enemies":"Jaw Worm","floor":3,"turns":3},{"damage":25,"enemies":"3 Sentries","floor":7,"turns":8},{"damage":0,"enemies":"2 Fungi Beasts","floor":10,"turns":3},{"damage":16,"enemies":"Gremlin Nob","floor":11,"turns":3},{"damage":5,"enemies":"Red Slaver","floor":12,"turns":4},{"damage":36,"enemies":"The Guardian","floor":16,"turns":12},{"damage":35,"enemies":"Chosen","floor":18,"turns":6},{"damage":27,"enemies":"Spheric Guardian","floor":21,"turns":5}],"seed_played":"-7002781185100678060","potions_obtained":[{"floor":2,"key":"Weak Potion"},{"floor":3,"key":"Regen Potion"},{"floor":7,"key":"FearPotion"},{"floor":12,"key":"SteroidPotion"}],"is_trial":false,"path_per_floor":["M","M","M","$","?","R","E","?","T","M","E","M","$","?","R","B",null,"M","?","T","M"],"character_chosen":"IRONCLAD","items_purchased":["Bag of Marbles","Inflame","True Grit","Whetstone"],"campfire_rested":0,"item_purchase_floors":[4,4,4,13],"current_hp_per_floor":[72,72,72,72,58,58,54,47,47,53,43,44,44,26,26,21,59,38,22,22,0],"gold":166,"neow_bonus":"TWO_FIFTY_GOLD","is_prod":false,"is_daily":false,"chose_seed":false,"campfire_upgraded":2,"win_rate":0,"timestamp":1562945702,"path_taken":["M","M","M","$","?","R","E","?","T","M","E","M","$","?","R","BOSS","M","?","?","M"],"build_version":"2019-07-05","purchased_purges":1,"victory":false,"max_hp_per_floor":[72,72,72,72,72,72,72,72,72,72,72,72,72,72,72,72,72,72,72,72,72],"card_choices":[{"not_picked":["Havoc","Dual Wield"],"picked":"Body Slam","floor":1},{"not_picked":["Sentinel","Cleave"],"picked":"Dropkick","floor":2},{"not_picked":["Infernal Blade","Havoc"],"picked":"Rampage","floor":3},{"not_picked":["Warcry","Sword Boomerang"],"picked":"Evolve","floor":7},{"not_picked":["Warcry","Cleave"],"picked":"True Grit","floor":10},{"not_picked":["Perfected Strike","Armaments"],"picked":"Barricade","floor":11},{"not_picked":["Armaments","Perfected Strike"],"picked":"Spot Weakness","floor":12},{"not_picked":["Metallicize","True Grit"],"picked":"Armaments+1","floor":18}],"player_experience":262075,"relics_obtained":[{"floor":7,"key":"Potion Belt"},{"floor":9,"key":"Tiny Chest"},{"floor":11,"key":"Pantograph"},{"floor":19,"key":"Nilry\u0027s Codex"},{"floor":20,"key":"Bronze Scales"}],"event_choices":[{"damage_healed":0,"gold_gain":0,"player_choice":"Entered Light","damage_taken":14,"max_hp_gain":0,"max_hp_loss":0,"event_name":"Shining Light","floor":5,"gold_loss":0,"cards_upgraded":["True Grit","Defend_R"]},{"cards_removed":["Strike_R"],"damage_healed":0,"gold_gain":0,"player_choice":"Card Removal","damage_taken":7,"max_hp_gain":0,"max_hp_loss":0,"event_name":"Golden Wing","floor":8,"gold_loss":0},{"damage_healed":0,"gold_gain":0,"player_choice":"Success","damage_taken":18,"relics_obtained":["Ginger"],"max_hp_gain":0,"max_hp_loss":0,"event_name":"Scrap Ooze","floor":14,"gold_loss":0},{"damage_healed":0,"gold_gain":0,"player_choice":"Obtained Book","damage_taken":16,"max_hp_gain":0,"max_hp_loss":0,"event_name":"Cursed Tome","floor":19,"gold_loss":0}],"is_beta":false,"boss_relics":[{"not_picked":["Ectoplasm","Fusion Hammer"],"picked":"Astrolabe"}],"items_purged_floors":[4],"is_endless":false,"potions_floor_spawned":[2,3,7,12],"killed_by":"Spheric Guardian","ascension_level":5}