{"gold_per_floor":[14,31,31,48,48,81,96,125,125,125,1,20,34,61,61,158,158,171,188,103,118,135,162,162,162],"floor_reached":25,"playtime":1938,"items_purged":["Strike_R"],"score":306,"play_id":"d91f159d-2813-468d-b88c-976318e18df3","local_time":"20190711163220","is_ascension_mode":true,"campfire_choices":[{"data":"Armaments","floor":10,"key":"SMITH"},{"data":"Entrench","floor":15,"key":"SMITH"},{"data":"Evolve","floor":24,"key":"SMITH"}],"neow_cost":"NO_GOLD","seed_source_timestamp":257032200199383,"circlet_count":0,"master_deck":["Strike_R","Strike_R","Strike_R","Defend_R","Defend_R","Defend_R","Defend_R","Bash","Madness","Madness","Metallicize","Spot Weakness","Anger","Cleave","Metallicize","Armaments+1","Heavy Blade","Uppercut","Shrug It Off","Entrench+1","Bludgeon","Shrug It Off","Evolve+1"],"relics":["Burning Blood","Bronze Scales","Happy Flower","Mercury Hourglass","Ornamental Fan","Mark of Pain","Pear","Frozen Egg 2"],"potions_floor_usage":[4,8,12,16,21,21,23,23],"damage_taken":[{"damage":2,"enemies":"Jaw Worm","floor":1,"turns":5},{"damage":0,"enemies":"Small Slimes","floor":2,"turns":6},{"damage":0,"enemies":"2 Louse","floor":4,"turns":2},{"damage":24,"enemies":"Lagavulin","floor":6,"turns":7},{"damage":3,"enemies":"Looter","floor":7,"turns":3},{"damage":17,"enemies":"3 Sentries","floor":8,"turns":7},{"damage":0,"enemies":"3 Louse","floor":12,"turns":3},{"damage":10,"enemies":"Exordium Thugs","floor":13,"turns":2},{"damage":13,"enemies":"Lagavulin","floor":14,"turns":7},{"damage":23,"enemies":"Slime Boss","floor":16,"turns":8},{"damage":2,"enemies":"Spheric Guardian","floor":18,"turns":3},{"damage":15,"enemies":"Shell Parasite","floor":19,"turns":4},{"damage":18,"enemies":"Snake Plant","floor":21,"turns":4},{"damage":2,"enemies":"Shelled Parasite and Fungi","floor":22,"turns":4},{"damage":32,"enemies":"Book of Stabbing","floor":23,"turns":5},{"damage":46,"enemies":"Slavers","floor":25,"turns":3}],"seed_played":"877993938441383423","potions_obtained":[{"floor":2,"key":"Poison Potion"},{"floor":4,"key":"BloodPotion"},{"floor":7,"key":"LiquidBronze"},{"floor":13,"key":"FearPotion"},{"floor":14,"key":"PowerPotion"},{"floor":16,"key":"AttackPotion"},{"floor":21,"key":"Block Potion"},{"floor":22,"key":"AttackPotion"}],"is_trial":false,"path_per_floor":["M","M","?","M","?","E","M","E","T","R","$","M","M","E","R","B",null,"M","M","?","M","M","E","R","E"],"character_chosen":"IRONCLAD","items_purchased":["Fire Potion"],"campfire_rested":0,"item_purchase_floors":[11],"current_hp_per_floor":[80,80,80,80,80,62,65,74,74,74,74,80,76,69,69,52,73,77,68,78,66,70,44,44,0],"gold":162,"neow_bonus":"RANDOM_COLORLESS_2","is_prod":false,"is_daily":false,"chose_seed":false,"campfire_upgraded":3,"win_rate":0,"timestamp":1562887940,"path_taken":["M","M","?","M","?","E","?","E","T","R","$","M","M","E","R","BOSS","M","M","?","M","M","E","R","E"],"build_version":"2019-07-05","purchased_purges":1,"victory":false,"max_hp_per_floor":[80,80,80,80,80,80,80,80,80,80,80,80,80,80,80,80,80,80,80,90,90,90,90,90,90],"card_choices":[{"not_picked":["Hemokinesis","Pommel Strike"],"picked":"Metallicize","floor":1},{"not_picked":["Dropkick","Inflame"],"picked":"Spot Weakness","floor":2},{"not_picked":["Sever Soul","Havoc"],"picked":"Cleave","floor":4},{"not_picked":["Sword Boomerang","Flame Barrier"],"picked":"Metallicize","floor":6},{"not_picked":["Whirlwind","Sever Soul"],"picked":"Armaments","floor":7},{"not_picked":["Anger","Dropkick"],"picked":"Heavy Blade","floor":8},{"not_picked":["Sever Soul","Anger"],"picked":"Uppercut","floor":12},{"not_picked":["Thunderclap","Offering"],"picked":"Shrug It Off","floor":13},{"not_picked":["Cleave","Dropkick"],"picked":"Entrench","floor":14},{"not_picked":["Exhume","Limit Break"],"picked":"Bludgeon","floor":16},{"not_picked":["Clothesline","Heavy Blade","Headbutt+1"],"picked":"SKIP","floor":18},{"not_picked":["Sever Soul","Heavy Blade"],"picked":"Shrug It Off","floor":19},{"not_picked":["Fire Breathing+1","Carnage"],"picked":"Evolve","floor":21},{"not_picked":["Pommel Strike","Fiend Fire","Evolve+1"],"picked":"SKIP","floor":22},{"not_picked":["Clash","Heavy Blade","Pommel Strike+1"],"picked":"SKIP","floor":23}],"player_experience":260137,"relics_obtained":[{"floor":6,"key":"Bronze Scales"},{"floor":8,"key":"Happy Flower"},{"floor":9,"key":"Mercury Hourglass"},{"floor":14,"key":"Ornamental Fan"},{"floor":23,"key":"Frozen Egg 2"}],"event_choices":[{"damage_healed":0,"gold_gain":0,"cards_transformed":["Strike_R"],"player_choice":"Change","damage_taken":0,"max_hp_gain":0,"max_hp_loss":0,"event_name":"Living Wall","floor":3,"gold_loss":0,"cards_obtained":["Anger"]},{"damage_healed":0,"gold_gain":0,"player_choice":"Leave","damage_taken":0,"max_hp_gain":0,"max_hp_loss":0,"event_name":"The Cleric","floor":5,"gold_loss":0},{"damage_healed":0,"gold_gain":0,"player_choice":"Obtained Relic","damage_taken":0,"relics_obtained":["Pear"],"max_hp_gain":0,"max_hp_loss":0,"event_name":"Addict","floor":20,"gold_loss":85}],"is_beta":false,"boss_relics":[{"not_picked":["Black Blood","Philosopher\u0027s Stone"],"picked":"Mark of Pain"}],"items_purged_floors":[11],"is_endless":false,"potions_floor_spawned":[2,4,7,13,14,16,21,22],"killed_by":"Slavers","ascension_level":5}