{"gold_per_floor":[15,15,25,40,60,60,86,51,51,51,81,13,188,205,205,303,303,318,318,318,336,355,355,366,377,447,447],"floor_reached":27,"playtime":2787,"items_purged":[],"score":240,"play_id":"bc161ea6-bf50-4b26-9669-be2adfad9fbe","local_time":"20190812230500","is_ascension_mode":false,"campfire_choices":[{"floor":6,"key":"REST"},{"data":"Armaments","floor":10,"key":"SMITH"},{"floor":15,"key":"REST"},{"floor":23,"key":"REST"}],"neow_cost":"NO_GOLD","seed_source_timestamp":2608432963421000,"circlet_count":0,"master_deck":["Strike_R","Strike_R","Strike_R","Strike_R","Defend_R","Defend_R","Defend_R","Defend_R","Bash","Armaments","Thunderclap","Rupture","Armaments+1","Demon Form","Carnage","Infernal Blade","Juggernaut","Twin Strike","Headbutt","Carnage","Headbutt+1","Shockwave+1"],"relics":["Burning Blood","Self Forming Clay","Ornamental Fan","Bag of Preparation","Empty Cage","Pantograph"],"potions_floor_usage":[7,16,25,25],"damage_taken":[{"damage":3,"enemies":"2 Louse","floor":1,"turns":4},{"damage":12,"enemies":"Cultist","floor":3,"turns":5},{"damage":2,"enemies":"Small Slimes","floor":4,"turns":3},{"damage":12,"enemies":"2 Fungi Beasts","floor":5,"turns":5},{"damage":41,"enemies":"Gremlin Nob","floor":7,"turns":6},{"damage":22,"enemies":"Exordium Thugs","floor":14,"turns":7},{"damage":59,"enemies":"Slime Boss","floor":16,"turns":14},{"damage":16,"enemies":"Chosen","floor":18,"turns":6},{"damage":26,"enemies":"Spheric Guardian","floor":21,"turns":6},{"damage":18,"enemies":"Snecko","floor":22,"turns":5},{"damage":33,"enemies":"Shelled Parasite and Fungi","floor":24,"turns":9},{"damage":51,"enemies":"3 Cultists","floor":25,"turns":7},{"damage":12,"enemies":"Snake Plant","floor":27,"turns":2}],"seed_played":"-6645698963294173130","potions_obtained":[{"floor":5,"key":"Block Potion"},{"floor":7,"key":"Regen Potion"},{"floor":14,"key":"SkillPotion"},{"floor":24,"key":"SkillPotion"}],"is_trial":false,"path_per_floor":["M","?","M","M","M","R","E","?","T","R","?","$","?","M","R","B",null,"M","?","?","M","M","R","M","M","T","M"],"character_chosen":"IRONCLAD","items_purchased":["Carnage"],"campfire_rested":3,"item_purchase_floors":[12],"current_hp_per_floor":[96,87,81,85,79,96,61,85,85,85,85,85,85,69,96,58,96,86,86,86,66,54,82,55,10,10,0],"gold":447,"neow_bonus":"TWENTY_PERCENT_HP_BONUS","is_prod":false,"is_daily":false,"chose_seed":false,"campfire_upgraded":1,"win_rate":0,"timestamp":1565676300,"path_taken":["M","?","M","M","?","R","E","?","T","R","?","$","?","M","R","BOSS","M","?","?","M","M","R","M","M","T","M"],"build_version":"2019-07-17","purchased_purges":0,"victory":false,"max_hp_per_floor":[96,96,96,96,96,96,96,96,96,96,96,96,96,96,96,96,96,96,96,96,96,96,96,96,96,96,96],"card_choices":[{"not_picked":["Wild Strike","Pommel Strike"],"picked":"Armaments","floor":1},{"not_picked":["Pommel Strike","Headbutt"],"picked":"Thunderclap","floor":3},{"not_picked":["Clash","Burning Pact"],"picked":"Rupture","floor":4},{"not_picked":["Seeing Red","Headbutt"],"picked":"Armaments","floor":5},{"not_picked":["Flex","Armaments"],"picked":"Demon Form","floor":7},{"not_picked":["Body Slam","Iron Wave"],"picked":"Infernal Blade","floor":14},{"not_picked":["Offering","Brutality"],"picked":"Juggernaut","floor":16},{"not_picked":["Shrug It Off","Armaments"],"picked":"Twin Strike","floor":18},{"not_picked":["True Grit","Battle Trance"],"picked":"Headbutt","floor":21},{"not_picked":["Shrug It Off","Iron Wave"],"picked":"Carnage","floor":22},{"not_picked":["Shrug It Off","Reckless Charge"],"picked":"Headbutt+1","floor":24},{"not_picked":["Clothesline","Wild Strike"],"picked":"Shockwave+1","floor":25}],"player_experience":63488,"relics_obtained":[{"floor":7,"key":"Self Forming Clay"},{"floor":9,"key":"Ornamental Fan"},{"floor":26,"key":"Pantograph"}],"event_choices":[{"damage_healed":0,"gold_gain":0,"player_choice":"Damaged","damage_taken":9,"max_hp_gain":0,"max_hp_loss":0,"event_name":"Wheel of Change","floor":2,"gold_loss":0},{"damage_healed":24,"gold_gain":0,"player_choice":"Healed","damage_taken":0,"max_hp_gain":0,"max_hp_loss":0,"event_name":"The Cleric","floor":8,"gold_loss":35},{"damage_healed":0,"gold_gain":30,"player_choice":"Searched \u00272\u0027 times","damage_taken":0,"relics_obtained":["Bag of Preparation"],"max_hp_gain":0,"max_hp_loss":0,"event_name":"Dead Adventurer","floor":11,"gold_loss":0},{"damage_healed":0,"gold_gain":175,"player_choice":"AGREE","damage_taken":0,"max_hp_gain":0,"max_hp_loss":0,"event_name":"Liars Game","floor":13,"gold_loss":0,"cards_obtained":["Doubt"]},{"damage_healed":0,"gold_gain":0,"player_choice":"Ignored","damage_taken":0,"max_hp_gain":0,"max_hp_loss":0,"event_name":"Beggar","floor":19,"gold_loss":0},{"damage_healed":0,"gold_gain":0,"player_choice":"Ignored","damage_taken":0,"max_hp_gain":0,"max_hp_loss":0,"event_name":"Ghosts","floor":20,"gold_loss":0}],"is_beta":false,"boss_relics":[{"not_picked":["Coffee Dripper","Fusion Hammer"],"picked":"Empty Cage"}],"items_purged_floors":[],"is_endless":false,"potions_floor_spawned":[5,7,14,24],"killed_by":"Snake Plant","ascension_level":0}