{"gold_per_floor":[15,15,15,27,44,44,79,79,79,99,24,24,59,134,134,229,229,248,448,466,481,492,522,522,540,611,645,645],"floor_reached":28,"playtime":1978,"items_purged":["Strike_R"],"score":268,"play_id":"085f773f-cfd9-4261-831d-29e976621ba5","local_time":"20190301195450","is_ascension_mode":false,"campfire_choices":[{"data":"Uppercut","floor":6,"key":"SMITH"},{"data":"Sword Boomerang","floor":8,"key":"SMITH"},{"data":"Shrug It Off","floor":12,"key":"SMITH"},{"data":"Spot Weakness","floor":15,"key":"SMITH"},{"floor":24,"key":"REST"}],"neow_cost":"NO_GOLD","seed_source_timestamp":58680100372101,"circlet_count":0,"master_deck":["Strike_R","Strike_R","Strike_R","Strike_R","Defend_R","Defend_R+1","Defend_R","Defend_R+1","Bash","Shrug It Off+1","Decay","Uppercut+1","Pommel Strike","Sword Boomerang+1","Spot Weakness+1","Limit Break","Twin Strike","Heavy Blade","Limit Break+1"],"relics":["Burning Blood","Pocketwatch","Pantograph","War Paint","Strawberry","Busted Crown","Potion Belt","Toxic Egg 2","Lantern"],"potions_floor_usage":[22],"damage_taken":[{"damage":11,"enemies":"Jaw Worm","floor":1,"turns":5},{"damage":0,"enemies":"Cultist","floor":4,"turns":3},{"damage":4,"enemies":"2 Louse","floor":5,"turns":4},{"damage":26,"enemies":"Gremlin Nob","floor":7,"turns":5},{"damage":21,"enemies":"Exordium Thugs","floor":10,"turns":3},{"damage":24,"enemies":"Lagavulin","floor":13,"turns":9},{"damage":42,"enemies":"Hexaghost","floor":16,"turns":9},{"damage":25,"enemies":"3 Byrds","floor":18,"turns":5},{"damage":13,"enemies":"Chosen","floor":20,"turns":4},{"damage":2,"enemies":"Snecko","floor":21,"turns":3},{"damage":31,"enemies":"Centurion and Healer","floor":22,"turns":7},{"damage":43,"enemies":"Gremlin Leader","floor":23,"turns":5},{"damage":2,"enemies":"Chosen and Byrds","floor":25,"turns":3},{"damage":31,"enemies":"Slavers","floor":27,"turns":5},{"damage":16,"enemies":"Snake Plant","floor":28,"turns":2}],"seed_played":"-2219218145447303712","potions_obtained":[{"floor":4,"key":"Fire Potion"},{"floor":5,"key":"GamblersBrew"},{"floor":7,"key":"Weak Potion"},{"floor":20,"key":"BloodPotion"},{"floor":23,"key":"SteroidPotion"}],"is_trial":false,"path_per_floor":["M","?","$","M","M","R","E","R","T","M","$","R","E","?","R","B",null,"M","?","M","M","M","E","R","M","T","E","M"],"character_chosen":"IRONCLAD","items_purchased":[],"campfire_rested":1,"item_purchase_floors":[],"current_hp_per_floor":[75,75,75,80,80,80,60,60,60,45,45,45,34,26,26,15,87,68,68,61,65,48,11,37,41,41,16,0],"gold":645,"neow_bonus":"ONE_RARE_RELIC","is_prod":false,"is_daily":false,"chose_seed":false,"campfire_upgraded":4,"win_rate":0.0,"timestamp":1551498890,"path_taken":["M","?","?","M","M","R","E","R","T","M","?","R","E","?","R","BOSS","M","?","?","M","?","E","R","M","T","E","M"],"build_version":"2019-01-23","purchased_purges":1,"victory":false,"max_hp_per_floor":[80,80,80,80,80,80,80,80,80,80,80,80,87,87,87,87,87,87,87,87,87,87,87,87,87,87,87,87],"card_choices":[{"not_picked":["Twin Strike","Feel No Pain"],"picked":"Shrug It Off","floor":1},{"not_picked":["Cleave","Thunderclap"],"picked":"Uppercut","floor":4},{"not_picked":["Iron Wave","Cleave"],"picked":"Pommel Strike","floor":5},{"not_picked":["Searing Blow","Wild Strike"],"picked":"Sword Boomerang","floor":7},{"not_picked":["Bloodletting","Flex","Pommel Strike"],"picked":"SKIP","floor":10},{"not_picked":["Power Through","Armaments"],"picked":"Spot Weakness","floor":13},{"not_picked":["Berserk","Juggernaut"],"picked":"Limit Break","floor":16},{"not_picked":[],"picked":"Twin Strike","floor":18},{"not_picked":[],"picked":"Heavy Blade","floor":20},{"not_picked":["True Grit+1"],"picked":"SKIP","floor":21},{"not_picked":["Clothesline"],"picked":"SKIP","floor":22},{"not_picked":["Wild Strike"],"picked":"SKIP","floor":23},{"not_picked":["Ghostly Armor+1"],"picked":"SKIP","floor":25},{"not_picked":[],"picked":"Limit Break+1","floor":27}],"player_experience":11230,"relics_obtained":[{"floor":7,"key":"Pantograph"},{"floor":9,"key":"War Paint"},{"floor":13,"key":"Strawberry"},{"floor":23,"key":"Potion Belt"},{"floor":26,"key":"Toxic Egg 2"},{"floor":27,"key":"Lantern"}],"event_choices":[{"damage_healed":0,"gold_gain":0,"player_choice":"Cursed","damage_taken":0,"max_hp_gain":0,"max_hp_loss":0,"event_name":"Wheel of Change","floor":2,"gold_loss":0,"cards_obtained":["Decay"]},{"damage_healed":0,"gold_gain":75,"player_choice":"Touch","damage_taken":8,"max_hp_gain":0,"max_hp_loss":0,"event_name":"FaceTrader","floor":14,"gold_loss":0},{"damage_healed":0,"gold_gain":250,"player_choice":"Bet on Owner","damage_taken":0,"max_hp_gain":0,"max_hp_loss":0,"event_name":"The Joust","floor":19,"gold_loss":50}],"is_beta":false,"boss_relics":[{"not_picked":["Eternal Feather","Sozu"],"picked":"Busted Crown"}],"items_purged_floors":[11],"is_endless":false,"potions_floor_spawned":[4,5,7,16,20,23],"killed_by":"Snake Plant","ascension_level":0}