{"gold_per_floor":[112,187,187,203,214,214,227,70,70,80,115,115,115,176,176,277,277,288,338,355,405,57,86,136,156,234,262,279,341,341],"floor_reached":30,"playtime":1923,"items_purged":["Strike_G"],"score":313,"play_id":"e7962d74-e650-4cad-83e5-3e4d45981d8e","local_time":"20190707225534","is_ascension_mode":true,"campfire_choices":[{"floor":6,"key":"REST"},{"floor":12,"key":"REST"},{"data":"Bane","floor":15,"key":"SMITH"}],"neow_cost":"PERCENT_DAMAGE","seed_source_timestamp":194057743619676,"circlet_count":0,"master_deck":["Strike_G","Strike_G","Strike_G","Strike_G","Defend_G","Defend_G","Defend_G","Defend_G","Defend_G","Survivor","Neutralize","Noxious Fumes","Noxious Fumes","Flying Knee","Concentrate","PiercingWail","Bane+1","Quick Slash","Flying Knee","Poisoned Stab","Noxious Fumes","Footwork","Footwork","Caltrops+1"],"relics":["Ring of the Snake","Tingsha","Vajra","Dodecahedron","Ninja Scroll","SsserpentHead","White Beast Statue","Turnip","Toy Ornithopter","Dream Catcher","Darkstone Periapt","Omamori"],"potions_floor_usage":[7,18,20,20,23,23,25,27,28,29,30],"damage_taken":[{"damage":0,"enemies":"2 Louse","floor":1,"turns":3},{"damage":1,"enemies":"Small Slimes","floor":4,"turns":6},{"damage":0,"enemies":"Cultist","floor":5,"turns":3},{"damage":3,"enemies":"Large Slime","floor":7,"turns":5},{"damage":32,"enemies":"Gremlin Gang","floor":10,"turns":5},{"damage":9,"enemies":"3 Sentries","floor":11,"turns":7},{"damage":0,"enemies":"Red Slaver","floor":14,"turns":3},{"damage":30,"enemies":"The Guardian","floor":16,"turns":9},{"damage":0,"enemies":"3 Byrds","floor":18,"turns":3},{"damage":4,"enemies":"Chosen","floor":20,"turns":2},{"damage":59,"enemies":"Slavers","floor":23,"turns":5},{"damage":30,"enemies":"Snecko","floor":25,"turns":5},{"damage":16,"enemies":"Gremlin Leader","floor":27,"turns":6},{"damage":27,"enemies":"Chosen and Byrds","floor":28,"turns":6},{"damage":15,"enemies":"Cultist and Chosen","floor":29,"turns":6},{"damage":12,"enemies":"3 Cultists","floor":30,"turns":2}],"seed_played":"421074477529779176","potions_obtained":[{"floor":4,"key":"Poison Potion"},{"floor":5,"key":"Ancient Potion"},{"floor":11,"key":"Energy Potion"},{"floor":16,"key":"AttackPotion"},{"floor":18,"key":"SkillPotion"},{"floor":20,"key":"Explosive Potion"},{"floor":23,"key":"SkillPotion"},{"floor":25,"key":"Energy Potion"},{"floor":27,"key":"LiquidBronze"},{"floor":28,"key":"Block Potion"},{"floor":29,"key":"GamblersBrew"}],"is_trial":false,"path_per_floor":["M","?","?","M","M","R","M","$","T","M","E","R","?","M","R","B",null,"M","?","M","T","$","E","?","M","T","E","M","M","M"],"character_chosen":"THE_SILENT","items_purchased":["Vajra","Toy Ornithopter","Footwork"],"campfire_rested":2,"item_purchase_floors":[8,22,22],"current_hp_per_floor":[49,38,38,37,37,58,55,55,55,23,14,35,35,35,35,5,70,70,70,66,66,66,16,80,50,50,39,17,7,0],"gold":341,"neow_bonus":"ONE_RARE_RELIC","is_prod":false,"is_daily":false,"chose_seed":false,"campfire_upgraded":1,"win_rate":0,"timestamp":1562565334,"path_taken":["M","?","?","M","?","R","M","$","T","M","E","R","?","?","R","BOSS","M","?","M","?","$","E","?","M","T","E","M","?","M"],"build_version":"2019-07-05","purchased_purges":1,"victory":false,"max_hp_per_floor":[70,70,70,70,70,70,70,70,70,70,70,70,70,70,70,70,70,70,70,70,70,70,70,80,80,80,80,80,80,80],"card_choices":[{"not_picked":["Poisoned Stab","Tactician"],"picked":"Noxious Fumes","floor":1},{"not_picked":["Deflect","Finisher"],"picked":"Flying Knee","floor":4},{"not_picked":["Heel Hook","Backflip"],"picked":"Concentrate","floor":5},{"not_picked":["Backstab","Choke"],"picked":"PiercingWail","floor":7},{"not_picked":["Slice","Deflect"],"picked":"Bane","floor":10},{"not_picked":["Setup","Cloak And Dagger"],"picked":"Quick Slash","floor":11},{"not_picked":["Cloak And Dagger","Doppelganger"],"picked":"Flying Knee","floor":14},{"not_picked":["Storm of Steel","Grand Finale"],"picked":"A Thousand Cuts","floor":16},{"not_picked":["Deadly Poison","Prepared"],"picked":"Poisoned Stab","floor":18},{"not_picked":["Deadly Poison","Blade Dance","Quick Slash"],"picked":"SKIP","floor":20},{"not_picked":["Bane","Poisoned Stab"],"picked":"Footwork","floor":23},{"not_picked":["Dodge and Roll","Eviscerate"],"picked":"Caltrops+1","floor":25},{"not_picked":["Endless Agony+1","Slice+1","Glass Knife"],"picked":"SKIP","floor":27},{"not_picked":["Well Laid Plans","Slice","Flechettes"],"picked":"SKIP","floor":28},{"not_picked":["Finisher","Accuracy","Dodge and Roll"],"picked":"SKIP","floor":29}],"player_experience":233193,"relics_obtained":[{"floor":9,"key":"Dodecahedron"},{"floor":11,"key":"Ninja Scroll"},{"floor":21,"key":"Turnip"},{"floor":23,"key":"Dream Catcher"},{"floor":26,"key":"Darkstone Periapt"},{"floor":27,"key":"Omamori"}],"event_choices":[{"damage_healed":0,"gold_gain":75,"player_choice":"Gather Gold","damage_taken":11,"max_hp_gain":0,"max_hp_loss":0,"event_name":"World of Goop","floor":2,"gold_loss":0},{"damage_healed":0,"gold_gain":0,"player_choice":"1 cards matched","damage_taken":0,"max_hp_gain":0,"max_hp_loss":0,"event_name":"Match and Keep!","floor":3,"gold_loss":0,"cards_obtained":["Noxious Fumes"]},{"damage_healed":0,"gold_gain":0,"player_choice":"Trade","damage_taken":0,"relics_obtained":["SsserpentHead"],"max_hp_gain":0,"max_hp_loss":0,"event_name":"FaceTrader","floor":13,"gold_loss":0},{"damage_healed":0,"gold_gain":0,"player_choice":"Read","damage_taken":0,"max_hp_gain":0,"max_hp_loss":0,"event_name":"The Library","floor":19,"gold_loss":0,"cards_obtained":["Noxious Fumes"]},{"cards_removed":["A Thousand Cuts"],"damage_healed":54,"gold_gain":0,"player_choice":"Offered Rare","damage_taken":0,"max_hp_gain":10,"max_hp_loss":0,"event_name":"Bonfire Elementals","floor":24,"gold_loss":0}],"is_beta":false,"boss_relics":[{"not_picked":["Sozu","Empty Cage"],"picked":"White Beast Statue"}],"items_purged_floors":[22],"is_endless":false,"potions_floor_spawned":[4,5,11,16,18,20,23,25,27,28,29],"killed_by":"3 Cultists","ascension_level":3}