{"gold_per_floor":[119,119,165,176,10,35,210,210,260,272,304,270,296,50,50,154,154,170,189,189,220,236,236,247,273,273,289,300,300,300,326,326,425,425,440,440,662,682,146,146,171,183,183,19,36,64,75,75],"floor_reached":48,"playtime":2902,"items_purged":["Defend_B","Doubt","Strike_B","Injury"],"score":847,"play_id":"ace59567-6bbe-45ca-b374-0d2f028bc8ba","local_time":"20190804235004","is_ascension_mode":true,"campfire_choices":[{"floor":8,"key":"REST"},{"floor":15,"key":"REST"},{"floor":23,"key":"REST"},{"floor":29,"key":"REST"},{"floor":32,"key":"REST"},{"floor":40,"key":"REST"}],"neow_cost":"NONE","seed_source_timestamp":1007513875565783,"circlet_count":0,"master_deck":["AscendersBane","Strike_B","Defend_B","Defend_B","Defend_B","Zap","Dualcast","Fission","Coolheaded","Melter","Bandage Up","Lockon+1","Gash+1","Biased Cognition","Cold Snap+1","Ball Lightning+1","Buffer","Hologram","Rebound+1","Sweeping Beam+1","Streamline+1","Genetic Algorithm+1","Sweeping Beam+1","Barrage+1","Static Discharge+1","Meteor Strike+1","Conserve Battery","Sunder+1","Chill","Gash+1","Beam Cell+1","Leap+1"],"relics":["Cracked Core","Vajra","Molten Egg 2","Pen Nib","Letter Opener","DataDisk","Busted Crown","Red Mask","Frozen Egg 2","Mummified Hand","Art of War","Cursed Key","Membership Card","Mercury Hourglass","PreservedInsect","Bag of Preparation","Bottled Flame","Dream Catcher"],"potions_floor_usage":[13,16,16,19,21,25,25,25,33,42,42,45,48],"damage_taken":[{"damage":6,"enemies":"Cultist","floor":1,"turns":4},{"damage":0,"enemies":"Jaw Worm","floor":4,"turns":4},{"damage":28,"enemies":"3 Sentries","floor":6,"turns":9},{"damage":0,"enemies":"2 Louse","floor":10,"turns":2},{"damage":28,"enemies":"Lagavulin","floor":11,"turns":4},{"damage":18,"enemies":"3 Sentries","floor":13,"turns":6},{"damage":27,"enemies":"Hexaghost","floor":16,"turns":7},{"damage":0,"enemies":"Chosen","floor":18,"turns":4},{"damage":22,"enemies":"2 Thieves","floor":19,"turns":2},{"damage":12,"enemies":"Masked Bandits","floor":21,"turns":3},{"damage":30,"enemies":"Sentry and Sphere","floor":22,"turns":4},{"damage":7,"enemies":"Cultist and Chosen","floor":24,"turns":5},{"damage":16,"enemies":"Gremlin Leader","floor":25,"turns":4},{"damage":0,"enemies":"Snecko","floor":27,"turns":3},{"damage":0,"enemies":"3 Cultists","floor":28,"turns":4},{"damage":30,"enemies":"Slavers","floor":31,"turns":4},{"damage":31,"enemies":"Champ","floor":33,"turns":7},{"damage":24,"enemies":"3 Darklings","floor":35,"turns":3},{"damage":0,"enemies":"Orb Walker","floor":38,"turns":1},{"damage":17,"enemies":"Nemesis","floor":41,"turns":3},{"damage":1,"enemies":"Sphere and 2 Shapes","floor":42,"turns":2},{"damage":0,"enemies":"4 Shapes","floor":45,"turns":3},{"damage":37,"enemies":"Reptomancer","floor":46,"turns":4},{"damage":0,"enemies":"Transient","floor":47,"turns":5},{"damage":17,"enemies":"Spire Growth","floor":48,"turns":2}],"seed_played":"6684581296899038542","potions_obtained":[{"floor":6,"key":"FocusPotion"},{"floor":13,"key":"Explosive Potion"},{"floor":16,"key":"Weak Potion"},{"floor":19,"key":"Strength Potion"},{"floor":21,"key":"PowerPotion"},{"floor":22,"key":"EssenceOfSteel"},{"floor":24,"key":"FocusPotion"},{"floor":28,"key":"FearPotion"},{"floor":41,"key":"Fruit Juice"},{"floor":45,"key":"Strength Potion"}],"is_trial":false,"path_per_floor":["M","?","T","M","$","E","?","R","T","M","E","?","E","$","R","B",null,"M","M","?","?","M","R","M","E","T","M","M","R","?","E","R","B",null,"M","?","?","M","$","R","E","M","T","$","M","E","M","M"],"character_chosen":"DEFECT","items_purchased":["Bandage Up","AttackPotion","SpeedPotion","Ball Lightning+1","Membership Card","Mercury Hourglass","PreservedInsect","Strength Potion","Fire Potion","SteroidPotion","Gash+1","AttackPotion","Ancient Potion"],"campfire_rested":6,"item_purchase_floors":[5,14,14,14,39,39,39,39,39,39,44,44,44],"current_hp_per_floor":[62,55,55,55,55,31,31,53,53,57,33,33,19,19,41,18,61,65,43,43,31,5,27,24,12,12,16,20,42,42,16,38,11,59,35,35,35,35,35,57,44,48,48,48,48,11,15,0],"gold":75,"neow_bonus":"ONE_RANDOM_RARE_CARD","is_prod":false,"is_daily":false,"chose_seed":false,"campfire_upgraded":0,"win_rate":0,"timestamp":1564987804,"path_taken":["M","?","?","?","?","E","?","R","T","M","E","?","E","?","R","BOSS","M","M","?","?","M","R","M","E","T","M","M","R","?","E","R","BOSS","M","?","?","M","$","R","E","M","T","$","M","E","M","M"],"build_version":"2019-07-17","purchased_purges":4,"victory":false,"max_hp_per_floor":[75,75,75,75,75,75,75,75,75,75,75,75,75,75,75,75,75,75,75,75,75,75,75,75,75,75,75,75,75,75,75,75,75,75,75,75,75,75,75,75,75,80,80,80,80,80,80,80],"card_choices":[{"not_picked":["Fusion","Redo"],"picked":"Coolheaded","floor":1},{"not_picked":["Capacitor","Chaos"],"picked":"Melter","floor":4},{"not_picked":["Leap","Darkness"],"picked":"Lockon","floor":6},{"not_picked":["Loop","Barrage+1"],"picked":"Gash+1","floor":10},{"not_picked":["Thunder Strike+1","Force Field"],"picked":"Biased Cognition","floor":11},{"not_picked":["Rebound+1","Hello World"],"picked":"Cold Snap+1","floor":13},{"not_picked":["Rainbow","Fission"],"picked":"Buffer","floor":16},{"not_picked":[],"picked":"Hologram","floor":18},{"not_picked":[],"picked":"Rebound+1","floor":19},{"not_picked":[],"picked":"Streamline+1","floor":21},{"not_picked":[],"picked":"Genetic Algorithm+1","floor":22},{"not_picked":["Hello World"],"picked":"SKIP","floor":24},{"not_picked":[],"picked":"Sweeping Beam+1","floor":25},{"not_picked":[],"picked":"Ball Lightning+1","floor":27},{"not_picked":[],"picked":"Barrage+1","floor":28},{"not_picked":[],"picked":"Static Discharge+1","floor":31},{"not_picked":[],"picked":"Meteor Strike+1","floor":33},{"not_picked":[],"picked":"Conserve Battery","floor":35},{"not_picked":["Lockon+1"],"picked":"SKIP","floor":38},{"not_picked":[],"picked":"Sunder+1","floor":41},{"not_picked":[],"picked":"Chill","floor":42},{"not_picked":[],"picked":"Beam Cell+1","floor":45},{"not_picked":["Rebound+1"],"picked":"SKIP","floor":46},{"not_picked":[],"picked":"Leap+1","floor":47}],"player_experience":474782,"relics_obtained":[{"floor":3,"key":"Vajra"},{"floor":6,"key":"Molten Egg 2"},{"floor":9,"key":"Pen Nib"},{"floor":11,"key":"Letter Opener"},{"floor":13,"key":"DataDisk"},{"floor":21,"key":"Red Mask"},{"floor":25,"key":"Frozen Egg 2"},{"floor":26,"key":"Mummified Hand"},{"floor":31,"key":"Art of War"},{"floor":41,"key":"Bag of Preparation"},{"floor":43,"key":"Bottled Flame"},{"floor":46,"key":"Dream Catcher"}],"event_choices":[{"cards_removed":["Strike_B"],"damage_healed":0,"gold_gain":0,"player_choice":"Card Removal","damage_taken":7,"max_hp_gain":0,"max_hp_loss":0,"event_name":"Golden Wing","floor":2,"gold_loss":0},{"damage_healed":0,"gold_gain":175,"player_choice":"AGREE","damage_taken":0,"max_hp_gain":0,"max_hp_loss":0,"event_name":"Liars Game","floor":7,"gold_loss":0,"cards_obtained":["Doubt"]},{"damage_healed":0,"gold_gain":0,"player_choice":"Left Gold","damage_taken":0,"max_hp_gain":0,"max_hp_loss":0,"event_name":"World of Goop","floor":12,"gold_loss":34},{"damage_healed":0,"gold_gain":0,"player_choice":"Read","damage_taken":0,"max_hp_gain":0,"max_hp_loss":0,"event_name":"The Library","floor":20,"gold_loss":0,"cards_obtained":["Sweeping Beam"]},{"damage_healed":0,"gold_gain":0,"player_choice":"Fought Bandits","damage_taken":0,"max_hp_gain":0,"max_hp_loss":0,"event_name":"Masked Bandits","floor":21,"gold_loss":0},{"cards_removed":["Strike_B"],"damage_healed":0,"gold_gain":0,"player_choice":"Elegance","damage_taken":0,"max_hp_gain":0,"max_hp_loss":0,"event_name":"Back to Basics","floor":30,"gold_loss":0},{"cards_removed":["Ball Lightning"],"damage_healed":0,"gold_gain":0,"player_choice":"Removed Attack","damage_taken":0,"max_hp_gain":0,"max_hp_loss":0,"event_name":"Falling","floor":36,"gold_loss":0},{"damage_healed":0,"gold_gain":222,"player_choice":"Wore Mask","damage_taken":0,"max_hp_gain":0,"max_hp_loss":0,"event_name":"Tomb of Lord Red Mask","floor":37,"gold_loss":0}],"is_beta":false,"boss_relics":[{"not_picked":["White Beast Statue","Astrolabe"],"picked":"Busted Crown"},{"not_picked":["Tiny House","Runic Pyramid"],"picked":"Cursed Key"}],"items_purged_floors":[5,14,39,44],"is_endless":false,"potions_floor_spawned":[6,13,16,19,21,22,24,28,41,45,46],"killed_by":"Spire Growth","ascension_level":10}