{"gold_per_floor":[111,111,121,139,41,41,57,57,134,153,153],"floor_reached":11,"playtime":1357,"items_purged":["Pain"],"score":98,"play_id":"ee2241e5-7abe-4b78-ad20-7a708472692c","local_time":"20190811151857","is_ascension_mode":true,"campfire_choices":[{"floor":6,"key":"REST"}],"neow_cost":"CURSE","seed_source_timestamp":541210466807085,"circlet_count":0,"master_deck":["AscendersBane","Strike_G","Strike_G+1","Strike_G","Strike_G","Strike_G","Defend_G","Defend_G+1","Defend_G","Defend_G","Defend_G","Survivor","Neutralize","Flechettes+1","Cloak And Dagger","Calculated Gamble","Outmaneuver","Deflect","Die Die Die"],"relics":["Ring of the Snake","Torii","Question Card"],"potions_floor_usage":[],"damage_taken":[{"damage":14,"enemies":"Jaw Worm","floor":1,"turns":7},{"damage":7,"enemies":"Cultist","floor":3,"turns":5},{"damage":4,"enemies":"Small Slimes","floor":4,"turns":6},{"damage":1,"enemies":"2 Fungi Beasts","floor":7,"turns":5},{"damage":0,"enemies":"Red Slaver","floor":10,"turns":5},{"damage":58,"enemies":"Gremlin Nob","floor":11,"turns":4}],"seed_played":"-8449108412380122621","potions_obtained":[],"is_trial":false,"path_per_floor":["M","?","M","M","$","R","M","?","T","M","E"],"character_chosen":"THE_SILENT","items_purchased":["Outmaneuver"],"campfire_rested":1,"item_purchase_floors":[5],"current_hp_per_floor":[49,35,28,24,24,45,44,44,44,44,0],"gold":153,"neow_bonus":"ONE_RARE_RELIC","is_prod":false,"is_daily":false,"chose_seed":false,"campfire_upgraded":0,"win_rate":0,"timestamp":1565561937,"path_taken":["M","?","M","M","$","R","M","?","T","M","E"],"build_version":"2019-07-17","purchased_purges":1,"victory":false,"max_hp_per_floor":[70,70,70,70,70,70,70,70,70,70,70],"card_choices":[{"not_picked":["Cloak And Dagger","Caltrops"],"picked":"Flechettes","floor":1},{"not_picked":["Slice","Eviscerate"],"picked":"Cloak And Dagger","floor":3},{"not_picked":["Riddle With Holes","All Out Attack"],"picked":"Calculated Gamble","floor":4},{"not_picked":["Slice","Sucker Punch"],"picked":"Deflect","floor":7},{"not_picked":["Prepared","PiercingWail","All Out Attack"],"picked":"Die Die Die","floor":10}],"player_experience":555547,"relics_obtained":[{"floor":9,"key":"Question Card"}],"event_choices":[{"damage_healed":0,"gold_gain":0,"player_choice":"Entered Light","damage_taken":14,"max_hp_gain":0,"max_hp_loss":0,"event_name":"Shining Light","floor":2,"gold_loss":0,"cards_upgraded":["Strike_G","Defend_G"]},{"damage_healed":0,"gold_gain":0,"player_choice":"Forge","damage_taken":0,"max_hp_gain":0,"max_hp_loss":0,"event_name":"Accursed Blacksmith","floor":8,"gold_loss":0,"cards_upgraded":["Flechettes"]}],"is_beta":false,"boss_relics":[],"items_purged_floors":[5],"is_endless":false,"potions_floor_spawned":[],"killed_by":"Gremlin Nob","ascension_level":10}