{"gold_per_floor":[115,134,134,59,118,151,151,151,151,167,167,167,197,28,28,125,125,141,16,16,16,16,49,49,65,65,91,103,129,141,167,167,272,272,289,289,389,109,156,182,182,133,158,158,7,22,51,51,51,51,51,51,51,79,79],"floor_reached":55,"playtime":4005,"items_purged":["Strike_R","Strike_R","Strike_R"],"score":1054,"play_id":"4b0b5fd9-e156-45d2-8baf-3b49f4aa9734","local_time":"20190303165626","is_ascension_mode":true,"campfire_choices":[{"floor":8,"key":"RECALL"},{"data":"Rampage","floor":12,"key":"SMITH"},{"data":"Limit Break","floor":15,"key":"SMITH"},{"floor":24,"key":"REST"},{"floor":32,"key":"REST"},{"floor":41,"key":"REST"},{"floor":44,"key":"REST"},{"data":"1","floor":49,"key":"LIFT"},{"data":"Sword Boomerang","floor":52,"key":"SMITH"}],"neow_cost":"NONE","seed_source_timestamp":0,"circlet_count":0,"master_deck":["Defend_R+1","Defend_R+1","Defend_R+1","Defend_R+1","Bash","Exhume","Clothesline","Rampage+1","Shrug It Off","Limit Break+1","Flame Barrier","Inflame","Impervious","Spot Weakness","Cleave","Sword Boomerang+1","Battle Trance","Limit Break+1","Heavy Blade"],"special_seed":0,"relics":["Burning Blood","StoneCalendar","Bottled Flame","Incense Burner","Nunchaku","Runic Pyramid","Sundial","Letter Opener","Bronze Scales","Gambling Chip","Bird Faced Urn","Velvet Choker","FossilizedHelix","DollysMirror","Girya","Blood Vial","Boot","Pen Nib","Blue Candle","Self Forming Clay"],"potions_floor_usage":[29,33,50,54,55],"damage_taken":[{"damage":1,"enemies":"Cultist","floor":1,"turns":4},{"damage":5,"enemies":"2 Louse","floor":2,"turns":4},{"damage":18,"enemies":"Gremlin Nob","floor":6,"turns":4},{"damage":0,"enemies":"Jaw Worm","floor":10,"turns":3},{"damage":8,"enemies":"Lagavulin","floor":13,"turns":7},{"damage":30,"enemies":"Hexaghost","floor":16,"turns":9},{"damage":18,"enemies":"Chosen","floor":18,"turns":7},{"damage":31,"enemies":"Book of Stabbing","floor":23,"turns":8},{"damage":3,"enemies":"Shell Parasite","floor":25,"turns":7},{"damage":2,"enemies":"Chosen and Byrds","floor":28,"turns":5},{"damage":16,"enemies":"Slavers","floor":29,"turns":6},{"damage":12,"enemies":"Snake Plant","floor":30,"turns":4},{"damage":28,"enemies":"Gremlin Leader","floor":31,"turns":6},{"damage":39,"enemies":"Collector","floor":33,"turns":7},{"damage":12,"enemies":"3 Shapes","floor":35,"turns":4},{"damage":5,"enemies":"Mind Bloom Boss Battle","floor":37,"turns":5},{"damage":23,"enemies":"2 Orb Walkers","floor":39,"turns":4},{"damage":40,"enemies":"Reptomancer","floor":40,"turns":6},{"damage":10,"enemies":"Orb Walker","floor":46,"turns":4},{"damage":2,"enemies":"Nemesis","floor":47,"turns":5},{"damage":15,"enemies":"Awakened One","floor":50,"turns":6},{"damage":34,"enemies":"Shield and Spear","floor":54,"turns":6},{"damage":58,"enemies":"The Heart","floor":55,"turns":6}],"seed_played":"-8174369653239700312","potions_obtained":[{"floor":6,"key":"Poison Potion"},{"floor":16,"key":"Fire Potion"},{"floor":23,"key":"Weak Potion"},{"floor":28,"key":"Regen Potion"},{"floor":33,"key":"Energy Potion"},{"floor":37,"key":"Swift Potion"},{"floor":54,"key":"EssenceOfSteel"}],"is_trial":false,"path_per_floor":["M","M","?","$","?","E","?","R","T","M","T","R","E","$","R","B",null,"M","$","?","$","?","E","R","M","T","T","M","E","M","E","R","B",null,"M","?","?","$","?","E","R","$","T","R","$","M","E","$","R","B",null,"R","$","E","B"],"character_chosen":"IRONCLAD","items_purchased":["Inflame","Battle Trance","DollysMirror","Heavy Blade","Pen Nib"],"campfire_rested":4,"item_purchase_floors":[14,38,38,42,45],"current_hp_per_floor":[80,80,62,62,62,50,50,50,50,56,56,56,54,54,54,30,80,68,68,68,68,68,43,67,70,70,70,74,64,58,36,60,44,80,76,76,79,79,63,31,55,55,55,79,79,78,80,80,80,71,80,80,80,54,0],"gold":79,"neow_bonus":"TRANSFORM_CARD","is_prod":false,"is_daily":false,"chose_seed":false,"campfire_upgraded":3,"win_rate":0,"timestamp":1551660986,"path_taken":["M","M","?","$","?","E","?","R","T","?","?","R","E","$","R","BOSS","M","$","?","$","?","E","R","?","T","?","M","E","M","E","R","BOSS","M","?","?","?","?","E","R","$","T","R","?","M","E","$","R","BOSS","R","$","E","BOSS"],"build_version":"2019-01-23","purchased_purges":3,"victory":false,"max_hp_per_floor":[80,80,80,80,80,80,80,80,80,80,80,80,80,80,80,80,80,80,80,80,80,80,80,80,80,80,80,80,80,80,80,80,80,80,80,80,80,80,80,80,80,80,80,80,80,80,80,80,80,80,80,80,80,80,80],"card_choices":[{"not_picked":["Body Slam","Headbutt"],"picked":"Clothesline","floor":1},{"not_picked":["Entrench","Cleave"],"picked":"Rampage","floor":2},{"not_picked":["Warcry","Pommel Strike"],"picked":"Shrug It Off","floor":6},{"not_picked":["Thunderclap","Whirlwind","Perfected Strike"],"picked":"SKIP","floor":10},{"not_picked":["Iron Wave","Body Slam"],"picked":"Flame Barrier","floor":13},{"not_picked":["Juggernaut","Feed"],"picked":"Impervious","floor":16},{"not_picked":["Wild Strike","Entrench"],"picked":"Spot Weakness","floor":18},{"not_picked":["Pommel Strike","Dropkick","Uppercut+1"],"picked":"SKIP","floor":23},{"not_picked":["Carnage","Anger"],"picked":"Cleave","floor":25},{"not_picked":["Dual Wield","Twin Strike"],"picked":"Sword Boomerang","floor":28},{"not_picked":["Entrench","Iron Wave","Fiend Fire"],"picked":"SKIP","floor":29},{"not_picked":["Pommel Strike","Warcry","Headbutt+1"],"picked":"SKIP","floor":30},{"not_picked":["Dropkick","Clash+1","Sever Soul"],"picked":"SKIP","floor":31},{"not_picked":["Shrug It Off+1","True Grit","Clash+1"],"picked":"SKIP","floor":35},{"not_picked":["Juggernaut","Burning Pact","Twin Strike"],"picked":"SKIP","floor":40},{"not_picked":["Flex+1","Armaments+1","Shockwave"],"picked":"SKIP","floor":46},{"not_picked":["Body Slam","Headbutt","Rampage"],"picked":"SKIP","floor":47},{"not_picked":["Rampage+1","Carnage+1","Battle Trance+1"],"picked":"SKIP","floor":54}],"player_experience":64258,"relics_obtained":[{"floor":6,"key":"Bottled Flame"},{"floor":11,"key":"Incense Burner"},{"floor":13,"key":"Nunchaku"},{"floor":23,"key":"Sundial"},{"floor":26,"key":"Letter Opener"},{"floor":27,"key":"Bronze Scales"},{"floor":29,"key":"Gambling Chip"},{"floor":31,"key":"Bird Faced Urn"},{"floor":37,"key":"FossilizedHelix"},{"floor":39,"key":"Girya"},{"floor":40,"key":"Blood Vial"},{"floor":43,"key":"Boot"},{"floor":47,"key":"Blue Candle"},{"floor":54,"key":"Self Forming Clay"}],"event_choices":[{"damage_healed":0,"gold_gain":0,"player_choice":"Success","damage_taken":18,"relics_obtained":["StoneCalendar"],"max_hp_gain":0,"max_hp_loss":0,"event_name":"Scrap Ooze","floor":3,"gold_loss":0},{"damage_healed":0,"gold_gain":59,"player_choice":"Gained Gold","damage_taken":0,"max_hp_gain":0,"max_hp_loss":0,"event_name":"Golden Wing","floor":5,"gold_loss":0},{"damage_healed":0,"gold_gain":0,"cards_transformed":["Strike_R"],"player_choice":"Transformed","damage_taken":0,"max_hp_gain":0,"max_hp_loss":0,"event_name":"Transmorgrifier","floor":7,"gold_loss":0,"cards_obtained":["Limit Break"]},{"damage_healed":0,"gold_gain":0,"player_choice":"Simplicity","damage_taken":0,"max_hp_gain":0,"max_hp_loss":0,"event_name":"Back to Basics","floor":20,"gold_loss":0,"cards_upgraded":["Defend_R","Defend_R","Defend_R","Defend_R"]},{"damage_healed":0,"gold_gain":0,"player_choice":"Ignored","damage_taken":0,"max_hp_gain":0,"max_hp_loss":0,"event_name":"Vampires","floor":22,"gold_loss":0},{"damage_healed":0,"gold_gain":0,"player_choice":"Ignored","damage_taken":0,"max_hp_gain":0,"max_hp_loss":0,"event_name":"Tomb of Lord Red Mask","floor":36,"gold_loss":0},{"damage_healed":0,"gold_gain":0,"player_choice":"Fight","damage_taken":0,"max_hp_gain":0,"max_hp_loss":0,"event_name":"MindBloom","floor":37,"gold_loss":0},{"damage_healed":0,"gold_gain":0,"player_choice":"Fight","damage_taken":0,"max_hp_gain":0,"max_hp_loss":0,"event_name":"Mysterious Sphere","floor":39,"gold_loss":0}],"is_beta":false,"boss_relics":[{"not_picked":["Empty Cage","White Beast Statue"],"picked":"Runic Pyramid"},{"not_picked":["Orrery","Lizard Tail"],"picked":"Velvet Choker"}],"items_purged_floors":[4,14,19],"is_endless":false,"potions_floor_spawned":[6,16,23,28,33,37,46,54],"killed_by":"The Heart","ascension_level":2}