{"gold_per_floor":[114,129,144,144,159,189,204,204],"floor_reached":8,"playtime":556,"items_purged":[],"score":85,"play_id":"535f7e11-75a2-4060-a3ec-27aca9c866b2","local_time":"20190709174551","daily_mods":["Specialized","Red Cards","Lethality"],"is_ascension_mode":false,"campfire_choices":[],"neow_cost":"","seed_source_timestamp":0,"circlet_count":0,"master_deck":["Strike_G","Strike_G","Strike_G","Strike_G","Strike_G+1","Defend_G","Defend_G","Defend_G","Defend_G","Defend_G","Survivor","Neutralize","Double Tap","Double Tap","Double Tap","Double Tap","Double Tap+1","Anger","Inflame","Disarm","Backflip","Cloak And Dagger","Pummel"],"special_seed":18086,"relics":["Ring of the Snake","Letter Opener"],"potions_floor_usage":[5,6],"damage_taken":[{"damage":2,"enemies":"Jaw Worm","floor":1,"turns":5},{"damage":4,"enemies":"2 Louse","floor":2,"turns":2},{"damage":0,"enemies":"Cultist","floor":3,"turns":2},{"damage":0,"enemies":"Looter","floor":5,"turns":1},{"damage":18,"enemies":"Lagavulin","floor":6,"turns":7},{"damage":7,"enemies":"Large Slime","floor":7,"turns":4}],"seed_played":"2934690668443707342","potions_obtained":[{"floor":3,"key":"FearPotion"},{"floor":5,"key":"PowerPotion"}],"is_trial":false,"path_per_floor":["M","M","M","?","M","E","M","R"],"character_chosen":"THE_SILENT","items_purchased":[],"campfire_rested":0,"item_purchase_floors":[],"current_hp_per_floor":[68,64,64,50,50,32,25,25],"gold":204,"neow_bonus":"","is_prod":false,"is_daily":true,"chose_seed":false,"campfire_upgraded":0,"win_rate":0,"timestamp":1562708751,"path_taken":["M","M","M","?","M","E","M","R"],"build_version":"2019-07-05","purchased_purges":0,"victory":false,"max_hp_per_floor":[70,70,70,70,70,70,70,70],"card_choices":[{"not_picked":["Bouncing Flask","Inflame"],"picked":"Anger","floor":1},{"not_picked":["Wild Strike","Dagger Throw"],"picked":"Inflame","floor":2},{"not_picked":["Thunderclap","PiercingWail"],"picked":"Disarm","floor":3},{"not_picked":["Clothesline","Sword Boomerang"],"picked":"Backflip","floor":5},{"not_picked":["Flex","Dagger Throw"],"picked":"Cloak And Dagger","floor":6},{"not_picked":["Rampage","Sever Soul"],"picked":"Pummel","floor":7}],"player_experience":625032,"relics_obtained":[{"floor":6,"key":"Letter Opener"}],"event_choices":[{"damage_healed":0,"gold_gain":0,"player_choice":"Entered Light","damage_taken":14,"max_hp_gain":0,"max_hp_loss":0,"event_name":"Shining Light","floor":4,"gold_loss":0,"cards_upgraded":["Strike_G","Double Tap"]}],"is_beta":false,"boss_relics":[],"items_purged_floors":[],"is_endless":false,"potions_floor_spawned":[3,5],"ascension_level":0}