{"gold_per_floor":[114,114,64,64,25,25,37,65,91,105,115,132,142,142,142,242,242,255,255],"floor_reached":19,"playtime":1317,"items_purged":[],"score":236,"play_id":"5b4771bd-687f-43f7-b6ce-6450beb44857","local_time":"20180920075436","is_ascension_mode":true,"campfire_choices":[{"floor":6.0,"key":"REST"},{"data":"Anger","floor":15.0,"key":"SMITH"}],"neow_cost":"PERCENT_DAMAGE","seed_source_timestamp":0,"circlet_count":0,"master_deck":["Strike_R+1","Strike_R","Strike_R","Strike_R","Defend_R","Defend_R","Defend_R","Defend_R","Bash+1","Cleave","Carnage+1","Heavy Blade","Double Tap","Disarm","Anger+1","Whirlwind","Reaper","Fire Breathing"],"special_seed":0,"relics":["Burning Blood","Ornamental Fan","Dream Catcher","Lizard Tail"],"potions_floor_usage":[],"damage_taken":[{"damage":5.0,"enemies":"2 Louse","floor":1.0,"turns":4.0},{"damage":2.0,"enemies":"Jaw Worm","floor":7.0,"turns":3.0},{"damage":35.0,"enemies":"Lagavulin","floor":8.0,"turns":5.0},{"damage":3.0,"enemies":"Small Slimes","floor":10.0,"turns":2.0},{"damage":7.0,"enemies":"Blue Slaver","floor":11.0,"turns":3.0},{"damage":0.0,"enemies":"3 Louse","floor":12.0,"turns":3.0},{"damage":16.0,"enemies":"Lots of Slimes","floor":13.0,"turns":5.0},{"damage":49.0,"enemies":"The Guardian","floor":16.0,"turns":9.0},{"damage":39,"enemies":"Shell Parasite","floor":18,"turns":4},{"damage":34,"enemies":"Colosseum Slavers","floor":19,"turns":4},{"damage":97,"enemies":"Colosseum Nobs","floor":19,"turns":4}],"seed_played":"1837729960946123345","potions_obtained":[{"floor":7.0,"key":"SpeedPotion"},{"floor":8.0,"key":"Strength Potion"},{"floor":11.0,"key":"SteroidPotion"},{"floor":13.0,"key":"Strength Potion"}],"is_trial":false,"path_per_floor":["M","$","?","?","$","R","M","E","T","M","M","M","M","?","R","B",null,"M"],"character_chosen":"IRONCLAD","items_purchased":["Carnage"],"campfire_rested":1,"item_purchase_floors":[5],"current_hp_per_floor":[70,70,70,51,51,79,83,54,54,57,56,62,52,52,52,9,74,47,0],"gold":255,"neow_bonus":"TWENTY_PERCENT_HP_BONUS","is_prod":false,"is_daily":false,"chose_seed":false,"campfire_upgraded":1,"win_rate":0,"timestamp":1537444476,"path_taken":["M","$","?","?","?","R","M","E","T","M","?","M","?","?","R","BOSS","M","?"],"build_version":"2018-09-06","purchased_purges":0,"victory":false,"max_hp_per_floor":[96,96,96,96,96,96,96,96,96,96,96,96,96,96,96,96,96,96,96],"card_choices":[{"not_picked":["Body Slam","Burning Pact"],"picked":"Cleave","floor":1.0},{"not_picked":["Second Wind","Havoc"],"picked":"Heavy Blade","floor":7.0},{"not_picked":["Disarm","Clothesline"],"picked":"Double Tap","floor":8.0},{"not_picked":["Body Slam","Pommel Strike"],"picked":"Disarm","floor":10.0},{"not_picked":["Flame Barrier","Heavy Blade","True Grit"],"picked":"SKIP","floor":11.0},{"not_picked":["Flex","Bloodletting"],"picked":"Anger","floor":12.0},{"not_picked":["True Grit","Sentinel"],"picked":"Whirlwind","floor":13.0},{"not_picked":["Juggernaut","Immolate"],"picked":"Reaper","floor":16.0},{"not_picked":["Heavy Blade","Pommel Strike"],"picked":"Fire Breathing","floor":18}],"player_experience":395144,"relics_obtained":[{"floor":8.0,"key":"Ornamental Fan"},{"floor":9.0,"key":"Dream Catcher"}],"event_choices":[{"event_name":"The Cleric","player_choice":"Card Removal","floor":3.0,"damage_taken":0.0},{"event_name":"Shining Light","player_choice":"Entered Light","floor":4.0,"damage_taken":0.0},{"event_name":"Living Wall","player_choice":"Grow","floor":14.0,"damage_taken":0.0},{"event_name":"Colosseum","player_choice":"Fight","floor":19,"damage_taken":0},{"event_name":"Colosseum","player_choice":"Fought Nobs","floor":19,"damage_taken":0}],"is_beta":false,"boss_relics":[{"not_picked":["Runic Pyramid","Calling Bell"],"picked":"Lizard Tail"}],"items_purged_floors":[],"is_endless":false,"potions_floor_spawned":[7,8,11,13,19],"killed_by":"Colosseum Nobs","ascension_level":5}