{"gold_per_floor":[19,33,52,65,79,79,89,117,141,38,38,58,58,82,82,210,210,230,230,254,204,65,65,19,19,97,97,115,139,155,155,155,274,274,292,417,272,291,311,22,22,37,37,60,60,29,29,52,52,52],"floor_reached":51,"playtime":2710,"items_purged":["Strike_B","Strike_B","Strike_B"],"score":703,"play_id":"65c02780-f38e-417f-84cb-0b2f526df2f5","local_time":"20190727150446","is_ascension_mode":false,"campfire_choices":[{"data":"Zap","floor":6,"key":"SMITH"},{"data":"Coolheaded","floor":13,"key":"SMITH"},{"data":"Consume","floor":15,"key":"SMITH"},{"data":"Bandage Up","floor":23,"key":"SMITH"},{"data":"Reboot","floor":25,"key":"SMITH"},{"data":"Coolheaded","floor":27,"key":"SMITH"},{"data":"Blizzard","floor":32,"key":"SMITH"},{"data":"Coolheaded","floor":41,"key":"SMITH"},{"data":"Coolheaded","floor":45,"key":"SMITH"},{"data":"Capacitor","floor":47,"key":"SMITH"},{"data":"Reinforced Body","floor":49,"key":"SMITH"}],"neow_cost":"NO_GOLD","seed_source_timestamp":187255534684344,"circlet_count":0,"master_deck":["Defend_B","Defend_B","Defend_B","Zap+1","Dualcast","BootSequence","Consume+1","Rebound","Blizzard+1","Conserve Battery","Coolheaded+1","Reinforced Body+1","Reboot+1","Coolheaded+1","Bandage Up+1","Coolheaded+1","Chill","Coolheaded+1","Blizzard+1","Capacitor+1","Coolheaded+1"],"relics":["Cracked Core","Smiling Mask","Boot","Golden Idol","Coffee Dripper","Kunai","Busted Crown","Ginger","The Courier","Anchor","DataDisk","Singing Bowl"],"potions_floor_usage":[7,7,16,33,50,50,50],"damage_taken":[{"damage":1,"enemies":"Cultist","floor":1,"turns":3},{"damage":0,"enemies":"2 Louse","floor":2,"turns":1},{"damage":1,"enemies":"Jaw Worm","floor":3,"turns":3},{"damage":0,"enemies":"3 Louse","floor":4,"turns":2},{"damage":0,"enemies":"Red Slaver","floor":5,"turns":3},{"damage":0,"enemies":"Gremlin Gang","floor":7,"turns":1},{"damage":23,"enemies":"3 Sentries","floor":8,"turns":8},{"damage":0,"enemies":"2 Fungi Beasts","floor":12,"turns":3},{"damage":6,"enemies":"Large Slime","floor":14,"turns":5},{"damage":44,"enemies":"Hexaghost","floor":16,"turns":15},{"damage":4,"enemies":"Spheric Guardian","floor":18,"turns":5},{"damage":10,"enemies":"3 Byrds","floor":20,"turns":5},{"damage":0,"enemies":"Snake Plant","floor":28,"turns":6},{"damage":4,"enemies":"Chosen and Byrds","floor":29,"turns":9},{"damage":6,"enemies":"Shelled Parasite and Fungi","floor":30,"turns":5},{"damage":9,"enemies":"Automaton","floor":33,"turns":11},{"damage":0,"enemies":"3 Darklings","floor":35,"turns":6},{"damage":11,"enemies":"Mind Bloom Boss Battle","floor":36,"turns":9},{"damage":1,"enemies":"Orb Walker","floor":38,"turns":5},{"damage":7,"enemies":"Jaw Worm Horde","floor":39,"turns":4},{"damage":7,"enemies":"Maw","floor":42,"turns":7},{"damage":0,"enemies":"Sphere and 2 Shapes","floor":44,"turns":5},{"damage":14,"enemies":"Spire Growth","floor":48,"turns":6},{"damage":0,"enemies":"Donu and Deca","floor":50,"turns":8}],"seed_played":"-7382183141710742373","potions_obtained":[{"floor":2,"key":"LiquidBronze"},{"floor":3,"key":"Explosive Potion"},{"floor":4,"key":"Regen Potion"},{"floor":5,"key":"Explosive Potion"},{"floor":16,"key":"Dexterity Potion"},{"floor":29,"key":"Swift Potion"},{"floor":30,"key":"Ancient Potion"},{"floor":39,"key":"FearPotion"},{"floor":48,"key":"SteroidPotion"}],"is_trial":false,"path_per_floor":["M","M","M","M","M","R","M","E","T","$","?","M","R","M","R","B",null,"M","?","M","?","$","R","$","R","T","R","M","M","M","?","R","B",null,"M","?","?","M","M","$","R","M","T","M","R","$","R","M","R","B",null],"character_chosen":"DEFECT","items_purchased":["Coolheaded","Bandage Up","Coolheaded","Anchor","DataDisk","Capacitor"],"campfire_rested":0,"item_purchase_floors":[10,22,24,40,40,46],"current_hp_per_floor":[74,74,73,73,73,73,73,50,50,50,50,50,50,44,44,15,69,65,65,55,55,55,55,55,55,55,55,61,63,63,63,63,60,69,69,58,58,63,62,62,62,61,61,69,69,69,69,61,61,67],"gold":52,"neow_bonus":"REMOVE_TWO","is_prod":false,"is_daily":false,"chose_seed":false,"campfire_upgraded":11,"win_rate":0,"timestamp":1564254286,"path_taken":["M","?","M","M","M","R","M","E","T","$","?","M","R","M","R","BOSS","M","?","M","?","$","R","$","R","T","R","?","M","?","?","R","BOSS","M","?","?","M","M","$","R","M","T","M","R","$","R","?","R","BOSS"],"build_version":"2019-07-17","purchased_purges":3,"victory":true,"max_hp_per_floor":[75,75,75,75,75,75,75,75,75,75,69,69,69,69,69,69,69,69,69,69,69,69,69,69,69,69,69,69,69,69,69,69,69,69,69,69,69,69,69,69,69,69,69,71,71,71,71,71,71,71],"card_choices":[{"not_picked":["Redo","Conserve Battery"],"picked":"BootSequence","floor":1},{"not_picked":["Turbo","Redo"],"picked":"Consume","floor":2},{"not_picked":["Streamline","Conserve Battery"],"picked":"Rebound","floor":3},{"not_picked":["Streamline","Hologram"],"picked":"Blizzard","floor":4},{"not_picked":["Static Discharge","Tempest"],"picked":"Conserve Battery","floor":5},{"not_picked":["Skim","Blizzard","Streamline"],"picked":"SKIP","floor":7},{"not_picked":["Go for the Eyes","Hello World","Hologram"],"picked":"SKIP","floor":8},{"not_picked":["Turbo","Aggregate","Beam Cell"],"picked":"SKIP","floor":12},{"not_picked":["Rebound","Stack"],"picked":"Reinforced Body","floor":14},{"not_picked":["Biased Cognition","Fission"],"picked":"Reboot","floor":16},{"not_picked":["Cold Snap+1","Redo"],"picked":"Coolheaded","floor":18},{"not_picked":["Compile Driver","Barrage+1","Steam"],"picked":"SKIP","floor":20},{"not_picked":["Streamline","Multi-Cast"],"picked":"Chill","floor":28},{"not_picked":["Redo+1","Genetic Algorithm","Consume"],"picked":"SKIP","floor":29},{"not_picked":["Reinforced Body","Redo+1","Force Field"],"picked":"SKIP","floor":30},{"not_picked":[],"picked":"Blizzard+1","floor":35},{"not_picked":["Hologram+1"],"picked":"SKIP","floor":38},{"not_picked":["Leap+1"],"picked":"SKIP","floor":39},{"not_picked":["Rebound+1"],"picked":"SKIP","floor":42},{"not_picked":["Sweeping Beam"],"picked":"Singing Bowl","floor":44},{"not_picked":[],"picked":"Coolheaded+1","floor":48}],"player_experience":930231,"relics_obtained":[{"floor":8,"key":"Smiling Mask"},{"floor":9,"key":"Boot"},{"floor":26,"key":"Kunai"},{"floor":36,"key":"Ginger"},{"floor":43,"key":"Singing Bowl"}],"event_choices":[{"damage_healed":0,"gold_gain":0,"player_choice":"Lose Max HP","damage_taken":0,"relics_obtained":["Golden Idol"],"max_hp_gain":0,"max_hp_loss":6,"event_name":"Golden Idol","floor":11,"gold_loss":0},{"damage_healed":0,"gold_gain":0,"player_choice":"Ignored","damage_taken":0,"max_hp_gain":0,"max_hp_loss":0,"event_name":"Cursed Tome","floor":19,"gold_loss":0},{"damage_healed":0,"gold_gain":0,"player_choice":"Bet on Murderer","damage_taken":0,"max_hp_gain":0,"max_hp_loss":0,"event_name":"The Joust","floor":21,"gold_loss":50},{"damage_healed":0,"gold_gain":0,"player_choice":"Read","damage_taken":0,"max_hp_gain":0,"max_hp_loss":0,"event_name":"The Library","floor":31,"gold_loss":0,"cards_obtained":["Coolheaded"]},{"damage_healed":0,"gold_gain":0,"player_choice":"Fight","damage_taken":0,"max_hp_gain":0,"max_hp_loss":0,"event_name":"MindBloom","floor":36,"gold_loss":0},{"damage_healed":0,"gold_gain":0,"player_choice":"Paid Gold","damage_taken":0,"relics_obtained":["The Courier"],"max_hp_gain":0,"max_hp_loss":0,"event_name":"WeMeetAgain","floor":37,"gold_loss":145}],"is_beta":false,"boss_relics":[{"not_picked":["Empty Cage","Lizard Tail"],"picked":"Coffee Dripper"},{"not_picked":["Nuclear Battery","Fusion Hammer"],"picked":"Busted Crown"}],"items_purged_floors":[10,22,40],"is_endless":false,"potions_floor_spawned":[2,3,4,5,16,29,30,39,48],"ascension_level":0}