{"gold_per_floor":[110,35,35,55,68,68,79,79,79,89,89,104,104,129,129,204,204,217,230,53,53,53,53,87,87,87,27,27,27,27,0,0,73,73,89,89,89,9,26,26,55,55,101,201,201,201,220,236,236,236],"floor_reached":51,"playtime":2455,"items_purged":["Strike_R","Strike_R"],"score":1312,"play_id":"d971eb91-5adc-4dcd-b956-2e781cccf771","local_time":"20190101203546","is_ascension_mode":true,"campfire_choices":[{"data":"True Grit","floor":6.0,"key":"SMITH"},{"data":"Shockwave","floor":8.0,"key":"SMITH"},{"data":"Spot Weakness","floor":11.0,"key":"SMITH"},{"data":"Shrug It Off","floor":13.0,"key":"SMITH"},{"data":"Bash","floor":15.0,"key":"SMITH"},{"floor":23.0,"key":"REST"},{"floor":25,"key":"REST"},{"floor":29,"key":"REST"},{"data":"Offering","floor":32,"key":"SMITH"},{"floor":40,"key":"REST"},{"data":"Twin Strike","floor":42,"key":"SMITH"},{"data":"Battle Trance","floor":45,"key":"SMITH"},{"floor":49,"key":"REST"}],"neow_cost":"NONE","seed_source_timestamp":555726698490043,"circlet_count":0,"master_deck":["AscendersBane","Strike_R","Strike_R","Defend_R","Defend_R","Defend_R","Defend_R+1","Bash+1","True Grit+1","Twin Strike+1","Spot Weakness+1","Shockwave+1","Shrug It Off+1","Shrug It Off+1","Offering+1","Heavy Blade+1","Limit Break+1","Battle Trance+1"],"special_seed":0,"relics":["Philosopher\u0027s Stone","The Courier","Meat on the Bone","War Paint","Snecko Eye","Brimstone","Enchiridion","Nunchaku","Magic Flower","Velvet Choker","Bag of Preparation","Juzu Bracelet","Mango"],"potions_floor_usage":[24,41,48,50],"damage_taken":[{"damage":10.0,"enemies":"2 Louse","floor":1.0,"turns":2.0},{"damage":0.0,"enemies":"Small Slimes","floor":4.0,"turns":3.0},{"damage":7.0,"enemies":"Jaw Worm","floor":5.0,"turns":3.0},{"damage":5.0,"enemies":"Looter","floor":7.0,"turns":3.0},{"damage":0.0,"enemies":"2 Fungi Beasts","floor":10.0,"turns":4.0},{"damage":13.0,"enemies":"Large Slime","floor":12.0,"turns":3.0},{"damage":2.0,"enemies":"3 Sentries","floor":14.0,"turns":7.0},{"damage":16.0,"enemies":"The Guardian","floor":16.0,"turns":10.0},{"damage":14.0,"enemies":"2 Thieves","floor":18.0,"turns":4.0},{"damage":30.0,"enemies":"3 Byrds","floor":19.0,"turns":5.0},{"damage":27,"enemies":"Gremlin Leader","floor":24,"turns":5},{"damage":17,"enemies":"Champ","floor":33,"turns":5},{"damage":11,"enemies":"3 Darklings","floor":35,"turns":5},{"damage":5,"enemies":"3 Shapes","floor":39,"turns":3},{"damage":8,"enemies":"Reptomancer","floor":41,"turns":2},{"damage":9,"enemies":"Mind Bloom Boss Battle","floor":44,"turns":3},{"damage":0,"enemies":"Sphere and 2 Shapes","floor":47,"turns":3},{"damage":16,"enemies":"Maw","floor":48,"turns":3},{"damage":41,"enemies":"Awakened One","floor":50,"turns":5}],"seed_played":"5237966574898777506","potions_obtained":[{"floor":5.0,"key":"AttackPotion"},{"floor":7.0,"key":"Fruit Juice"},{"floor":10.0,"key":"GamblersBrew"},{"floor":14.0,"key":"Energy Potion"},{"floor":18.0,"key":"Poison Potion"},{"floor":19.0,"key":"SteroidPotion"},{"floor":39,"key":"Swift Potion"},{"floor":47,"key":"SkillPotion"},{"floor":48,"key":"Energy Potion"}],"is_trial":false,"path_per_floor":["M","?","?","M","M","R","M","R","T","M","R","M","R","E","R","B",null,"M","M","$","?","?","R","E","R","T","$","?","R","$","?","R","B",null,"M","?","?","$","M","R","E","R","T","?","R","?","M","M","R","B",null],"character_chosen":"IRONCLAD","items_purchased":["Brimstone"],"campfire_rested":5,"item_purchase_floors":[20],"current_hp_per_floor":[58,58,40,40,33,33,33,33,33,45,45,44,44,42,42,38,70,56,38,38,38,17,41,26,50,50,50,27,52,52,52,52,53,77,66,66,66,66,61,85,77,77,77,82,82,82,82,66,94,53],"gold":236,"neow_bonus":"BOSS_RELIC","is_prod":false,"is_daily":false,"chose_seed":false,"campfire_upgraded":8,"win_rate":0,"timestamp":1546392946,"path_taken":["M","?","?","M","M","R","M","R","T","M","R","M","R","E","R","BOSS","M","M","$","?","?","R","E","R","T","?","?","R","$","?","R","BOSS","M","?","?","$","M","R","E","R","T","?","R","?","M","M","R","BOSS"],"build_version":"2018-12-20","purchased_purges":2,"victory":true,"max_hp_per_floor":[75,75,75,75,75,75,80,80,80,80,80,80,80,80,80,80,80,80,80,80,80,80,80,80,80,80,80,85,85,85,85,85,85,85,85,85,85,85,85,85,85,85,85,99,99,94,94,94,94,94],"card_choices":[{"not_picked":["Sword Boomerang","Infernal Blade"],"picked":"True Grit","floor":1.0},{"not_picked":["Sentinel","Clothesline"],"picked":"Twin Strike","floor":4.0},{"not_picked":["Cleave","Fiend Fire"],"picked":"Spot Weakness","floor":5.0},{"not_picked":["Pommel Strike","Clash"],"picked":"Shockwave","floor":7.0},{"not_picked":["Sever Soul","Inflame"],"picked":"Shrug It Off","floor":10.0},{"not_picked":["Cleave","Wild Strike"],"picked":"Shrug It Off","floor":12.0},{"not_picked":["True Grit","Anger","Impervious"],"picked":"SKIP","floor":14.0},{"not_picked":["Bludgeon","Impervious"],"picked":"Offering","floor":16.0},{"not_picked":["Havoc+1","Clash","Reckless Charge"],"picked":"SKIP","floor":18.0},{"not_picked":["Dropkick","Shockwave","Havoc+1"],"picked":"SKIP","floor":19.0},{"not_picked":["Body Slam+1","Flex"],"picked":"Heavy Blade+1","floor":24},{"not_picked":["Demon Form","Reaper"],"picked":"Limit Break","floor":33},{"not_picked":["Clothesline","Power Through","Pommel Strike"],"picked":"SKIP","floor":35},{"not_picked":["Feel No Pain+1","Metallicize+1","Cleave"],"picked":"SKIP","floor":39},{"not_picked":["Exhume","Iron Wave","True Grit"],"picked":"SKIP","floor":41},{"not_picked":["Heavy Blade","True Grit"],"picked":"Battle Trance","floor":44},{"not_picked":["True Grit+1","Reaper","Blood for Blood"],"picked":"SKIP","floor":47},{"not_picked":["Headbutt+1","Evolve+1","Flex+1"],"picked":"SKIP","floor":48}],"player_experience":654055,"relics_obtained":[{"floor":9.0,"key":"Meat on the Bone"},{"floor":14.0,"key":"War Paint"},{"floor":22.0,"key":"Enchiridion"},{"floor":24,"key":"Nunchaku"},{"floor":26,"key":"Magic Flower"},{"floor":41,"key":"Bag of Preparation"},{"floor":43,"key":"Juzu Bracelet"},{"floor":44,"key":"Mango"}],"event_choices":[{"cards_removed":["Strike_R"],"damage_healed":0.0,"max_hp_gain":0.0,"max_hp_loss":0.0,"gold_gain":0.0,"event_name":"The Cleric","player_choice":"Card Removal","floor":2.0,"gold_loss":75.0,"damage_taken":0.0},{"damage_healed":0.0,"max_hp_gain":0.0,"max_hp_loss":0.0,"gold_gain":0.0,"event_name":"Scrap Ooze","player_choice":"Success","floor":3.0,"gold_loss":0.0,"damage_taken":18.0,"relics_obtained":["The Courier"]},{"damage_healed":0.0,"max_hp_gain":0.0,"max_hp_loss":0.0,"gold_gain":0.0,"event_name":"Ghosts","player_choice":"Ignored","floor":21.0,"gold_loss":0.0,"damage_taken":0.0},{"damage_healed":0.0,"max_hp_gain":0.0,"max_hp_loss":0.0,"gold_gain":0.0,"event_name":"Cursed Tome","player_choice":"Obtained Book","floor":22.0,"gold_loss":0.0,"damage_taken":21.0},{"damage_healed":0,"gold_gain":0,"player_choice":"Shed Blood","damage_taken":28,"max_hp_gain":5,"max_hp_loss":0,"event_name":"Forgotten Altar","floor":28,"gold_loss":0},{"damage_healed":0,"gold_gain":0,"player_choice":"Paid Fearfully","damage_taken":0,"max_hp_gain":0,"max_hp_loss":0,"event_name":"Masked Bandits","floor":31,"gold_loss":27},{"damage_healed":0,"gold_gain":0,"player_choice":"Memory 1","damage_taken":0,"max_hp_gain":0,"max_hp_loss":0,"event_name":"SensoryStone","floor":36,"gold_loss":0},{"damage_healed":0,"gold_gain":0,"player_choice":"Forge","damage_taken":0,"max_hp_gain":0,"max_hp_loss":0,"event_name":"Accursed Blacksmith","floor":37,"gold_loss":0,"cards_upgraded":["Limit Break"]},{"damage_healed":0,"gold_gain":0,"player_choice":"Fight","damage_taken":0,"max_hp_gain":0,"max_hp_loss":0,"event_name":"MindBloom","floor":44,"gold_loss":0},{"damage_healed":0,"gold_gain":0,"player_choice":"Max HP","damage_taken":0,"max_hp_gain":0,"max_hp_loss":5,"event_name":"Winding Halls","floor":46,"gold_loss":0}],"is_beta":false,"boss_relics":[{"not_picked":["White Beast Statue","Black Star"],"picked":"Snecko Eye"},{"not_picked":["Runic Dome","Pandora\u0027s Box"],"picked":"Velvet Choker"}],"items_purged_floors":[27,38],"is_endless":false,"potions_floor_spawned":[5,7,10,14,18,19,39,47,48],"ascension_level":18}