{"gold_per_floor":[117,117,72,88,160,191,191,211,211,211,39,39,39,63,63,139,139,156,2,2,15,15,15,15,30,57,57],"floor_reached":27,"playtime":1735,"items_purged":["Strike_B"],"score":404,"play_id":"d60ef8d0-d26c-450a-9132-50ba3e60ca85","local_time":"20190724144031","is_ascension_mode":true,"campfire_choices":[{"data":"Sunder","floor":7,"key":"SMITH"},{"floor":13,"key":"REST"},{"floor":15,"key":"REST"},{"floor":23,"key":"REST"}],"neow_cost":"NONE","seed_source_timestamp":181786658109483,"circlet_count":0,"master_deck":["AscendersBane","Strike_B","Strike_B","Defend_B+1","Defend_B","Defend_B","Defend_B","Zap+1","Dualcast","Sunder+1","Coolheaded","Auto Shields","Leap","Buffer","Reboot","Tempest","RitualDagger","Barrage"],"relics":["Cracked Core","Juzu Bracelet","Potion Belt","Sundial","War Paint","Oddly Smooth Stone","Odd Mushroom","Philosopher\u0027s Stone","Orichalcum"],"potions_floor_usage":[6,16,16,18],"damage_taken":[{"damage":9,"enemies":"2 Louse","floor":1,"turns":3},{"damage":2,"enemies":"Jaw Worm","floor":4,"turns":3},{"damage":21,"enemies":"Lagavulin","floor":6,"turns":7},{"damage":8,"enemies":"Small Slimes","floor":8,"turns":2},{"damage":5,"enemies":"The Mushroom Lair","floor":14,"turns":4},{"damage":33,"enemies":"Hexaghost","floor":16,"turns":12},{"damage":8,"enemies":"3 Byrds","floor":18,"turns":5},{"damage":18,"enemies":"2 Thieves","floor":21,"turns":4},{"damage":26,"enemies":"Centurion and Healer","floor":25,"turns":11},{"damage":22,"enemies":"Sentry and Sphere","floor":27,"turns":5}],"seed_played":"-3888681123140893537","potions_obtained":[{"floor":4,"key":"Weak Potion"},{"floor":8,"key":"FocusPotion"},{"floor":14,"key":"Fire Potion"},{"floor":16,"key":"Fire Potion"}],"is_trial":false,"path_per_floor":["M","?","?","M","?","E","R","M","T","?","$","?","R","?","R","B",null,"M","$","?","M","?","R","$","M","T","M"],"character_chosen":"DEFECT","items_purchased":["Oddly Smooth Stone","Reboot"],"campfire_rested":3,"item_purchase_floors":[11,19],"current_hp_per_floor":[55,55,55,53,53,32,32,24,24,19,19,19,40,35,56,23,59,51,51,51,33,27,48,48,22,22,0],"gold":57,"neow_bonus":"RANDOM_COMMON_RELIC","is_prod":false,"is_daily":false,"chose_seed":false,"campfire_upgraded":1,"win_rate":0,"timestamp":1563993631,"path_taken":["M","?","?","M","?","E","R","M","T","?","$","?","R","?","R","BOSS","M","$","?","M","?","R","?","M","T","M"],"build_version":"2019-07-17","purchased_purges":1,"victory":false,"max_hp_per_floor":[71,71,71,71,71,71,71,71,71,71,71,71,71,71,71,71,71,71,71,71,71,71,71,71,71,71,71],"card_choices":[{"not_picked":["Go for the Eyes","Redo"],"picked":"Sunder","floor":1},{"not_picked":["Force Field","Loop"],"picked":"Coolheaded","floor":4},{"not_picked":["Undo","Hello World"],"picked":"Auto Shields","floor":6},{"not_picked":["Double Energy","Sweeping Beam","Hologram"],"picked":"SKIP","floor":8},{"not_picked":["Aggregate","Undo"],"picked":"Leap","floor":14},{"not_picked":["Rainbow","Electrodynamics"],"picked":"Buffer","floor":16},{"not_picked":["Cold Snap","Turbo","Sunder"],"picked":"SKIP","floor":18},{"not_picked":["Conserve Battery","Double Energy"],"picked":"Tempest","floor":21},{"not_picked":["Hologram","Leap"],"picked":"Barrage","floor":25}],"player_experience":919419,"relics_obtained":[{"floor":6,"key":"Potion Belt"},{"floor":9,"key":"Sundial"},{"floor":14,"key":"Odd Mushroom"},{"floor":26,"key":"Orichalcum"}],"event_choices":[{"damage_healed":0,"gold_gain":0,"player_choice":"Ignored","damage_taken":0,"max_hp_gain":0,"max_hp_loss":0,"event_name":"Shining Light","floor":2,"gold_loss":0},{"damage_healed":0,"gold_gain":0,"player_choice":"Left Gold","damage_taken":0,"max_hp_gain":0,"max_hp_loss":0,"event_name":"World of Goop","floor":3,"gold_loss":45},{"damage_healed":0,"gold_gain":72,"player_choice":"Gained Gold","damage_taken":0,"max_hp_gain":0,"max_hp_loss":0,"event_name":"Golden Wing","floor":5,"gold_loss":0},{"damage_healed":0,"gold_gain":0,"player_choice":"Success","damage_taken":5,"relics_obtained":["War Paint"],"max_hp_gain":0,"max_hp_loss":0,"event_name":"Scrap Ooze","floor":10,"gold_loss":0},{"cards_removed":["Strike_B"],"damage_healed":0,"gold_gain":0,"player_choice":"Offered Basic","damage_taken":0,"max_hp_gain":0,"max_hp_loss":0,"event_name":"Bonfire Elementals","floor":12,"gold_loss":0},{"damage_healed":0,"gold_gain":0,"player_choice":"Fought Mushrooms","damage_taken":0,"max_hp_gain":0,"max_hp_loss":0,"event_name":"Mushrooms","floor":14,"gold_loss":0},{"damage_healed":0,"gold_gain":0,"player_choice":"Ignored","damage_taken":0,"max_hp_gain":0,"max_hp_loss":0,"event_name":"Ghosts","floor":20,"gold_loss":0},{"damage_healed":0,"gold_gain":0,"player_choice":"Joined the Cult","damage_taken":6,"max_hp_gain":0,"max_hp_loss":0,"event_name":"Nest","floor":22,"gold_loss":0,"cards_obtained":["RitualDagger"]}],"is_beta":false,"boss_relics":[{"not_picked":["Velvet Choker","Ectoplasm"],"picked":"Philosopher\u0027s Stone"}],"items_purged_floors":[19],"is_endless":false,"potions_floor_spawned":[4,8,14,16],"killed_by":"Sentry and Sphere","ascension_level":19}