{"gold_per_floor":[113,113,38,38,113,113,125,125,125,135,135,168,191,191,191,289,289,302,319,24,24,24,24,24],"floor_reached":24,"playtime":1884,"items_purged":["Strike_G"],"score":266,"play_id":"14ca2156-71d2-40de-9f96-11801b2066f6","local_time":"20190306151857","is_ascension_mode":true,"campfire_choices":[{"data":"Survivor","floor":6.0,"key":"SMITH"},{"data":"Quick Slash","floor":8.0,"key":"SMITH"},{"data":"Bouncing Flask","floor":11.0,"key":"SMITH"},{"floor":15.0,"key":"REST"},{"data":"Footwork","floor":23.0,"key":"SMITH"}],"neow_cost":"NONE","seed_source_timestamp":0,"circlet_count":0,"master_deck":["Defend_G","Defend_G","Defend_G","Defend_G","Defend_G","Strike_G","Strike_G","Strike_G","Survivor+1","Neutralize+1","Poisoned Stab+1","Quick Slash+1","Bouncing Flask+1","Catalyst","Footwork+1","Tools of the Trade"],"special_seed":0,"relics":["Ring of the Snake","Pocketwatch","Dream Catcher","Omamori","Philosopher\u0027s Stone","Thread and Needle","Meat on the Bone"],"potions_floor_usage":[24,24],"damage_taken":[{"damage":0.0,"enemies":"2 Louse","floor":1.0,"turns":3.0},{"damage":0.0,"enemies":"Cultist","floor":7.0,"turns":3.0},{"damage":0.0,"enemies":"Jaw Worm","floor":10.0,"turns":3.0},{"damage":13.0,"enemies":"3 Sentries","floor":12.0,"turns":8.0},{"damage":4.0,"enemies":"Slime Boss","floor":16.0,"turns":9.0},{"damage":9.0,"enemies":"Chosen","floor":18.0,"turns":5.0},{"damage":0.0,"enemies":"Spheric Guardian","floor":19.0,"turns":3.0},{"damage":60,"enemies":"Gremlin Leader","floor":24,"turns":5}],"seed_played":"-4406426654352478802","potions_obtained":[{"floor":7.0,"key":"GhostInAJar"},{"floor":10.0,"key":"EssenceOfSteel"},{"floor":19.0,"key":"AttackPotion"}],"is_trial":false,"path_per_floor":["M","?","$","?","?","R","M","R","T","M","R","E","T","?","R","B",null,"M","M","$","?","T","R","E"],"character_chosen":"THE_SILENT","items_purchased":["Thread and Needle"],"campfire_rested":1,"item_purchase_floors":[20],"current_hp_per_floor":[63,63,63,63,52,52,52,52,52,52,52,39,39,32,53,49,65,56,56,56,56,56,56,0],"gold":24,"neow_bonus":"UPGRADE_CARD","is_prod":false,"is_daily":false,"chose_seed":false,"campfire_upgraded":4,"win_rate":0,"timestamp":1551903537,"path_taken":["M","?","?","?","?","R","M","R","T","M","R","E","?","?","R","BOSS","M","M","$","?","?","R","E"],"build_version":"2019-01-23","purchased_purges":1,"victory":false,"max_hp_per_floor":[70,70,70,70,70,70,70,70,70,70,70,70,70,70,70,70,70,70,70,70,70,70,70,70],"card_choices":[{"not_picked":["Dagger Spray","Quick Slash"],"picked":"Poisoned Stab","floor":1.0},{"not_picked":["Choke","Prepared"],"picked":"Quick Slash","floor":7.0},{"not_picked":["Prepared","Calculated Gamble"],"picked":"Bouncing Flask","floor":10.0},{"not_picked":["Noxious Fumes","Acrobatics"],"picked":"Catalyst","floor":12.0},{"not_picked":["Reflex","Eviscerate"],"picked":"Footwork","floor":15.0},{"not_picked":["A Thousand Cuts","Adrenaline"],"picked":"Tools of the Trade","floor":16.0},{"not_picked":["Skewer+1","Endless Agony","Quick Slash"],"picked":"SKIP","floor":18.0},{"not_picked":["Finisher","Quick Slash","Underhanded Strike"],"picked":"SKIP","floor":19.0}],"player_experience":738469,"relics_obtained":[{"floor":9.0,"key":"Pocketwatch"},{"floor":12.0,"key":"Dream Catcher"},{"floor":13.0,"key":"Omamori"},{"floor":22.0,"key":"Meat on the Bone"}],"event_choices":[{"damage_healed":0.0,"max_hp_gain":0.0,"max_hp_loss":0.0,"gold_gain":0.0,"event_name":"Upgrade Shrine","player_choice":"Upgraded","floor":2.0,"gold_loss":0.0,"damage_taken":0.0,"cards_upgraded":["Poisoned Stab"]},{"damage_healed":0.0,"max_hp_gain":0.0,"max_hp_loss":0.0,"gold_gain":0.0,"event_name":"Liars Game","player_choice":"Ignored","floor":4.0,"gold_loss":0.0,"damage_taken":0.0},{"damage_healed":0.0,"max_hp_gain":0.0,"max_hp_loss":0.0,"gold_gain":75.0,"event_name":"World of Goop","player_choice":"Gather Gold","floor":5.0,"gold_loss":0.0,"damage_taken":11.0},{"cards_removed":["Strike_G"],"damage_healed":0.0,"max_hp_gain":0.0,"max_hp_loss":0.0,"gold_gain":0.0,"event_name":"Golden Wing","player_choice":"Card Removal","floor":14.0,"gold_loss":0.0,"damage_taken":7.0},{"damage_healed":0.0,"max_hp_gain":0.0,"max_hp_loss":0.0,"gold_gain":0.0,"event_name":"The Mausoleum","player_choice":"Ignored","floor":21.0,"gold_loss":0.0,"damage_taken":0.0}],"is_beta":false,"boss_relics":[{"not_picked":["Orrery","Tiny House"],"picked":"Philosopher\u0027s Stone"}],"items_purged_floors":[3],"is_endless":false,"potions_floor_spawned":[7,10,19],"killed_by":"Gremlin Leader","ascension_level":8}