{"gold_per_floor":[219,237,252,252,263,263,282,232,232,251,265,39,103,103,103,201,201,218,234,251,161,175,200,200,200],"floor_reached":25,"playtime":1443,"items_purged":["Strike_R"],"score":242,"play_id":"a4ddf763-c457-4813-a39b-2a967c348d30","local_time":"20190715172537","is_ascension_mode":false,"campfire_choices":[{"data":"Body Slam","floor":6,"key":"SMITH"},{"data":"Inflame","floor":15,"key":"SMITH"},{"floor":24,"key":"REST"}],"neow_cost":"NONE","seed_source_timestamp":606323844546258,"circlet_count":0,"master_deck":["Strike_R","Strike_R","Strike_R","Defend_R","Defend_R","Defend_R","Defend_R","Bash","Body Slam+1","Inflame+1","Feel No Pain","Iron Wave","Blood for Blood","Metallicize+1","Thunderclap","Barricade","Doubt","Clumsy","Armaments+1","Rupture","Flame Barrier","Anger+1","Brutality"],"relics":["Burning Blood","Pantograph","Pen Nib","Blue Candle","Red Skull","Calling Bell","Orichalcum","Pear","Peace Pipe","Dodecahedron"],"potions_floor_usage":[10,13,16,16,18,20,20,20,23,25],"damage_taken":[{"damage":1,"enemies":"Cultist","floor":1,"turns":3},{"damage":7,"enemies":"Small Slimes","floor":2,"turns":5},{"damage":9,"enemies":"2 Louse","floor":3,"turns":3},{"damage":3,"enemies":"2 Fungi Beasts","floor":5,"turns":4},{"damage":5,"enemies":"Looter","floor":7,"turns":4},{"damage":33,"enemies":"Gremlin Gang","floor":10,"turns":5},{"damage":13,"enemies":"Lots of Slimes","floor":11,"turns":6},{"damage":17,"enemies":"3 Sentries","floor":13,"turns":6},{"damage":19,"enemies":"The Guardian","floor":16,"turns":10},{"damage":18,"enemies":"Shell Parasite","floor":18,"turns":5},{"damage":21,"enemies":"Spheric Guardian","floor":19,"turns":6},{"damage":15,"enemies":"Centurion and Healer","floor":20,"turns":6},{"damage":21,"enemies":"Snecko","floor":22,"turns":7},{"damage":29,"enemies":"Book of Stabbing","floor":23,"turns":4},{"damage":48,"enemies":"Slavers","floor":25,"turns":3}],"seed_played":"2432156297413927392","potions_obtained":[{"floor":5,"key":"Weak Potion"},{"floor":7,"key":"Weak Potion"},{"floor":11,"key":"Strength Potion"},{"floor":13,"key":"Dexterity Potion"},{"floor":16,"key":"EntropicBrew"},{"floor":22,"key":"Explosive Potion"},{"floor":23,"key":"Fruit Juice"}],"is_trial":false,"path_per_floor":["M","M","M","?","M","R","M","?","T","M","M","$","?","T","R","B",null,"M","M","M","?","M","E","R","E"],"character_chosen":"IRONCLAD","items_purchased":["Pen Nib"],"campfire_rested":1,"item_purchase_floors":[12],"current_hp_per_floor":[80,79,76,68,71,71,72,72,72,45,38,38,27,27,27,39,90,78,63,54,54,39,16,43,0],"gold":200,"neow_bonus":"HUNDRED_GOLD","is_prod":false,"is_daily":false,"chose_seed":false,"campfire_upgraded":2,"win_rate":0,"timestamp":1563236737,"path_taken":["M","?","?","?","?","R","M","?","T","M","M","$","?","?","R","BOSS","M","M","M","?","?","E","R","E"],"build_version":"2019-07-05","purchased_purges":1,"victory":false,"max_hp_per_floor":[80,80,80,80,80,80,80,80,80,80,80,80,80,80,80,80,90,90,90,90,90,90,90,90,95],"card_choices":[{"not_picked":["Havoc","Headbutt"],"picked":"Body Slam","floor":1},{"not_picked":["Thunderclap","Pummel"],"picked":"Inflame","floor":2},{"not_picked":["Disarm","Clash"],"picked":"Feel No Pain","floor":3},{"not_picked":["Headbutt","Blood for Blood"],"picked":"Iron Wave","floor":5},{"not_picked":["Wild Strike","Dropkick"],"picked":"Blood for Blood","floor":7},{"not_picked":["Searing Blow","Carnage"],"picked":"Metallicize","floor":10},{"not_picked":["Hemokinesis","Clothesline"],"picked":"Thunderclap","floor":11},{"not_picked":["Juggernaut","Exhume"],"picked":"Barricade","floor":16},{"not_picked":["Infernal Blade","Wild Strike"],"picked":"Armaments+1","floor":18},{"not_picked":["Body Slam","Ghostly Armor"],"picked":"Rupture","floor":19},{"not_picked":["Warcry","True Grit"],"picked":"Flame Barrier","floor":20},{"not_picked":["Warcry","Clothesline+1"],"picked":"Anger+1","floor":22},{"not_picked":["Iron Wave","Fire Breathing+1"],"picked":"Brutality","floor":23}],"player_experience":325852,"relics_obtained":[{"floor":9,"key":"Pantograph"},{"floor":14,"key":"Red Skull"},{"floor":17,"key":"Orichalcum"},{"floor":17,"key":"Pear"},{"floor":17,"key":"Peace Pipe"},{"floor":23,"key":"Dodecahedron"}],"event_choices":[{"damage_healed":0,"gold_gain":0,"player_choice":"Damaged","damage_taken":8,"max_hp_gain":0,"max_hp_loss":0,"event_name":"Wheel of Change","floor":4,"gold_loss":0},{"cards_removed":["Strike_R"],"damage_healed":0,"gold_gain":0,"player_choice":"Card Removal","damage_taken":0,"max_hp_gain":0,"max_hp_loss":0,"event_name":"The Cleric","floor":8,"gold_loss":50},{"damage_healed":0,"gold_gain":0,"player_choice":"Searched \u00273\u0027 times","damage_taken":0,"relics_obtained":["Blue Candle"],"max_hp_gain":0,"max_hp_loss":0,"event_name":"Dead Adventurer","floor":13,"gold_loss":0},{"cards_removed":["Shame"],"damage_healed":0,"gold_gain":0,"player_choice":"Upgrade and Remove","damage_taken":0,"max_hp_gain":0,"max_hp_loss":0,"event_name":"Designer","floor":21,"gold_loss":90,"cards_upgraded":["Metallicize"]}],"is_beta":false,"boss_relics":[{"not_picked":["Runic Dome","Pandora\u0027s Box"],"picked":"Calling Bell"}],"items_purged_floors":[12],"is_endless":false,"potions_floor_spawned":[5,7,11,13,16,19,22,23],"killed_by":"Slavers","ascension_level":0}