{"gold_per_floor":[119,139,155,155,171,171,21,31,31,31,46,59,59,74,74,74],"floor_reached":16,"playtime":999,"items_purged":[],"score":120,"play_id":"defe39cc-60d7-4229-9000-d583221a4a19","local_time":"20180924154526","is_ascension_mode":true,"campfire_choices":[{"data":"Flex","floor":6,"key":"SMITH"},{"data":"Cleave","floor":10,"key":"SMITH"},{"data":"Body Slam","floor":15,"key":"SMITH"}],"neow_cost":"NONE","seed_source_timestamp":1119480016462628,"circlet_count":0,"master_deck":["Strike_R","Strike_R","Strike_R","Strike_R","Strike_R","Defend_R","Defend_R","Defend_R","Defend_R","Bash","Clothesline","Flex+1","Cleave+1","Thunderclap","Body Slam+1"],"relics":["Burning Blood","Smiling Mask","Pen Nib","Letter Opener"],"potions_floor_usage":[16,16,16],"damage_taken":[{"damage":13,"enemies":"Jaw Worm","floor":1,"turns":4},{"damage":16,"enemies":"Small Slimes","floor":2,"turns":4},{"damage":1,"enemies":"2 Louse","floor":3,"turns":2},{"damage":25,"enemies":"Exordium Wildlife","floor":5,"turns":7},{"damage":8,"enemies":"Blue Slaver","floor":8,"turns":4},{"damage":20,"enemies":"Gremlin Gang","floor":11,"turns":3},{"damage":9,"enemies":"Looter","floor":12,"turns":3},{"damage":6,"enemies":"Blue Slaver","floor":14,"turns":3},{"damage":39,"enemies":"Hexaghost","floor":16,"turns":8}],"seed_played":"5979420089881961635","potions_obtained":[{"floor":2,"key":"Dexterity Potion"},{"floor":11,"key":"Ancient Potion"},{"floor":14,"key":"SpeedPotion"}],"is_trial":false,"path_per_floor":["M","M","M","?","M","R","$","M","T","R","M","M","?","M","R"],"character_chosen":"IRONCLAD","items_purchased":["Pen Nib"],"campfire_rested":0,"item_purchase_floors":[7],"current_hp_per_floor":[73,63,68,73,54,54,54,52,52,52,38,35,35,35,35,0],"gold":74,"neow_bonus":"RANDOM_COMMON_RELIC","is_prod":false,"is_daily":false,"chose_seed":false,"campfire_upgraded":3,"win_rate":0,"timestamp":1537818326,"path_taken":["M","M","M","?","M","R","?","M","T","R","M","M","?","M","R","BOSS"],"build_version":"2018-09-20","purchased_purges":0,"victory":false,"max_hp_per_floor":[80,80,80,85,85,85,85,85,85,85,85,85,85,85,85,85],"card_choices":[{"not_picked":["True Grit","Cleave"],"picked":"Clothesline","floor":1},{"not_picked":["Anger","Perfected Strike","Havoc"],"picked":"SKIP","floor":2},{"not_picked":["Second Wind","Pommel Strike"],"picked":"Flex","floor":3},{"not_picked":["Battle Trance","Wild Strike"],"picked":"Cleave","floor":5},{"not_picked":["Shrug It Off","Inflame","Headbutt"],"picked":"SKIP","floor":8},{"not_picked":["Dark Embrace","Inflame"],"picked":"Thunderclap","floor":11},{"not_picked":["Sever Soul","Anger"],"picked":"Body Slam","floor":12},{"not_picked":["Corruption","Armaments","Headbutt"],"picked":"SKIP","floor":14}],"player_experience":396461,"relics_obtained":[{"floor":9,"key":"Letter Opener"}],"event_choices":[{"event_name":"Big Fish","player_choice":"Donut","floor":4,"damage_taken":0},{"event_name":"Golden Idol","player_choice":"Ignored","floor":13,"damage_taken":0}],"is_beta":false,"boss_relics":[],"items_purged_floors":[],"is_endless":false,"potions_floor_spawned":[2,11,14],"killed_by":"Hexaghost","ascension_level":5}