{"gold_per_floor":[369,381,393,393,568,568,603,603,677,173,208,232,247,266,266,389,389,410,424,438,438,457,470,63,63,88,115,134,148,148,168,168,168],"floor_reached":33,"playtime":2384,"items_purged":["Doubt","Strike_R"],"score":283,"play_id":"df8ee05f-2538-4233-8825-e5c152cbcb06","local_time":"20190710172947","is_ascension_mode":false,"campfire_choices":[{"data":"Shockwave","floor":6,"key":"SMITH"},{"floor":8,"key":"REST"},{"floor":15,"key":"RECALL"},{"data":"True Grit","floor":25,"key":"SMITH"},{"floor":32,"key":"REST"}],"neow_cost":"TEN_PERCENT_HP_LOSS","seed_source_timestamp":173634468788809,"circlet_count":0,"master_deck":["Strike_R","Strike_R+1","Strike_R","Strike_R+1","Defend_R","Defend_R","Defend_R","Defend_R","Bash","Wild Strike","Shockwave+1","Shrug It Off","Dropkick","Inflame","Rupture","Flame Barrier","Sever Soul+1","Iron Wave+1","Cleave+1","Feed+1","Armaments","Metallicize","Cleave+1","Dark Embrace","Sever Soul+1","Flame Barrier","True Grit+1","Combust","Combust","Reaper+1","Seeing Red","Armaments+1","Battle Trance","Cleave+1"],"relics":["Burning Blood","Bloody Idol","Art of War","The Courier","Molten Egg 2","Whetstone","PreservedInsect","Philosopher\u0027s Stone","Lantern","Dream Catcher","Enchiridion"],"potions_floor_usage":[7,11,13,16,16,23,31,31],"damage_taken":[{"damage":15,"enemies":"Jaw Worm","floor":1,"turns":4},{"damage":0,"enemies":"Small Slimes","floor":2,"turns":3},{"damage":1,"enemies":"2 Louse","floor":3,"turns":3},{"damage":51,"enemies":"Gremlin Nob","floor":7,"turns":8},{"damage":5,"enemies":"Lagavulin","floor":11,"turns":4},{"damage":10,"enemies":"Exordium Wildlife","floor":12,"turns":5},{"damage":0,"enemies":"Blue Slaver","floor":13,"turns":3},{"damage":0,"enemies":"2 Fungi Beasts","floor":14,"turns":3},{"damage":48,"enemies":"The Guardian","floor":16,"turns":10},{"damage":30,"enemies":"3 Byrds","floor":18,"turns":5},{"damage":7,"enemies":"Chosen","floor":19,"turns":4},{"damage":28,"enemies":"Shelled Parasite and Fungi","floor":20,"turns":6},{"damage":5,"enemies":"Chosen and Byrds","floor":22,"turns":4},{"damage":23,"enemies":"Centurion and Healer","floor":23,"turns":5},{"damage":28,"enemies":"Book of Stabbing","floor":27,"turns":5},{"damage":15,"enemies":"Cultist and Chosen","floor":28,"turns":8},{"damage":2,"enemies":"Chosen and Byrds","floor":29,"turns":4},{"damage":0,"enemies":"Snecko","floor":31,"turns":2},{"damage":63,"enemies":"Automaton","floor":33,"turns":6}],"seed_played":"1679549950512605827","potions_obtained":[{"floor":2,"key":"Regen Potion"},{"floor":7,"key":"SteroidPotion"},{"floor":12,"key":"Poison Potion"},{"floor":13,"key":"Poison Potion"},{"floor":14,"key":"SpeedPotion"},{"floor":18,"key":"Fire Potion"},{"floor":28,"key":"Swift Potion"},{"floor":29,"key":"Energy Potion"}],"is_trial":false,"path_per_floor":["M","M","M","?","?","R","E","R","T","$","E","M","M","M","R","B",null,"M","M","M","?","M","M","$","R","T","E","M","M","?","M","R","B"],"character_chosen":"IRONCLAD","items_purchased":["Molten Egg 2","Inflame","Rupture","Whetstone","Lantern","Flame Barrier","True Grit","Combust","Combust"],"campfire_rested":2,"item_purchase_floors":[10,10,10,10,24,24,24,24,24],"current_hp_per_floor":[63,69,72,54,54,54,24,45,45,45,46,42,48,54,54,12,72,52,51,33,33,39,27,27,27,32,15,25,34,18,29,53,0],"gold":168,"neow_bonus":"TWO_FIFTY_GOLD","is_prod":false,"is_daily":false,"chose_seed":false,"campfire_upgraded":2,"win_rate":0,"timestamp":1562804987,"path_taken":["M","M","M","?","?","R","E","R","T","$","E","M","M","M","R","BOSS","M","M","M","?","M","M","$","R","T","E","M","M","?","M","R","BOSS"],"build_version":"2019-07-05","purchased_purges":2,"victory":false,"max_hp_per_floor":[72,72,72,72,72,72,72,72,72,72,72,72,72,72,72,72,72,76,76,80,80,80,80,80,80,80,80,80,80,80,80,80,80],"card_choices":[{"not_picked":["Headbutt","Clash"],"picked":"Wild Strike","floor":1},{"not_picked":["Entrench","Warcry"],"picked":"Shockwave","floor":2},{"not_picked":["Twin Strike","Pommel Strike"],"picked":"Shrug It Off","floor":3},{"not_picked":["Uppercut","Havoc"],"picked":"Dropkick","floor":7},{"not_picked":["Shrug It Off","Corruption"],"picked":"Flame Barrier","floor":11},{"not_picked":["Sword Boomerang+1","Rupture"],"picked":"Sever Soul+1","floor":12},{"not_picked":["Bloodletting","Dual Wield"],"picked":"Iron Wave+1","floor":13},{"not_picked":["Feel No Pain","Pommel Strike+1"],"picked":"Cleave+1","floor":14},{"not_picked":["Bludgeon+1","Juggernaut"],"picked":"Feed+1","floor":16},{"not_picked":["Rampage+1","Anger+1"],"picked":"Armaments","floor":18},{"not_picked":["Perfected Strike+1","Corruption"],"picked":"Metallicize","floor":19},{"not_picked":["Power Through","Twin Strike+1"],"picked":"Cleave+1","floor":20},{"not_picked":["Perfected Strike+1","Armaments"],"picked":"Dark Embrace","floor":22},{"not_picked":["Perfected Strike+1","Entrench"],"picked":"Sever Soul+1","floor":23},{"not_picked":["Sword Boomerang+1","Anger+1"],"picked":"Reaper+1","floor":27},{"not_picked":["Clothesline+1","Armaments"],"picked":"Seeing Red","floor":28},{"not_picked":["Shockwave","Heavy Blade+1"],"picked":"Armaments+1","floor":29},{"not_picked":["Flex","Perfected Strike+1"],"picked":"Battle Trance","floor":31},{"not_picked":["Clash+1","Shrug It Off"],"picked":"Cleave+1","floor":32}],"player_experience":244802,"relics_obtained":[{"floor":7,"key":"Art of War"},{"floor":9,"key":"The Courier"},{"floor":11,"key":"PreservedInsect"},{"floor":27,"key":"Dream Catcher"},{"floor":30,"key":"Enchiridion"}],"event_choices":[{"damage_healed":0,"gold_gain":0,"player_choice":"Take Damage","damage_taken":18,"relics_obtained":["Golden Idol"],"max_hp_gain":0,"max_hp_loss":0,"event_name":"Golden Idol","floor":4,"gold_loss":0},{"damage_healed":0,"gold_gain":175,"player_choice":"AGREE","damage_taken":0,"max_hp_gain":0,"max_hp_loss":0,"event_name":"Liars Game","floor":5,"gold_loss":0,"cards_obtained":["Doubt"]},{"damage_healed":0,"gold_gain":0,"player_choice":"Gave Idol","damage_taken":0,"relics_obtained":["Bloody Idol"],"max_hp_gain":0,"max_hp_loss":0,"event_name":"Forgotten Altar","floor":21,"relics_lost":["Golden Idol"],"gold_loss":0},{"damage_healed":0,"gold_gain":0,"player_choice":"Obtained Book","damage_taken":16,"max_hp_gain":0,"max_hp_loss":0,"event_name":"Cursed Tome","floor":30,"gold_loss":0}],"is_beta":false,"boss_relics":[{"not_picked":["White Beast Statue","Busted Crown"],"picked":"Philosopher\u0027s Stone"}],"items_purged_floors":[10,24],"is_endless":false,"potions_floor_spawned":[2,7,12,13,14,18,28,29],"killed_by":"Automaton","ascension_level":0}