{"path_per_floor":["M","?","M","?","?","R","$","E","T","M","E","?","$","M","R","B",null,"M","$","M","M","M","R","E","R","T","M","M"],"character_chosen":"IRONCLAD","items_purchased":["Inflame"],"gold_per_floor":[13,88,98,98,98,98,20,58,84,108,152,187,112,131,131,255,255,279,179,198,214,237,237,280,310,310,329,344],"floor_reached":29,"campfire_rested":1,"playtime":2894,"current_hp_per_floor":[80,69,66,66,66,66,66,55,55,61,57,54,54,53,53,37,74,50,50,45,28,23,45,46,46,46,37,14],"items_purged":["Normality","Strike_R"],"gold":344,"play_id":"7cf32bdb-7d83-4b49-b4b2-bcae6b848ee0","is_prod":false,"is_daily":false,"is_ascension_mode":false,"campfire_upgraded":2,"path_taken":["M","?","?","?","?","R","$","E","T","M","E","?","$","M","R","BOSS","M","$","M","M","M","R","E","R","T","M","M","M"],"build_version":"2018-01-25-PROD3","purchased_purges":2,"victory":false,"master_deck":["Strike_R","Strike_R","Strike_R","Strike_R","Defend_R","Defend_R","Defend_R","Defend_R","Bash","Limit Break+1","Armaments+1","Inflame","Inflame","Flex","Whirlwind","Iron Wave","Shrug It Off","Sword Boomerang","True Grit"],"max_hp_per_floor":[80,80,80,74,74,74,74,74,74,74,74,74,74,74,74,74,74,74,74,74,74,74,74,74,74,74,74,74],"relics":["Burning Blood","Golden Idol","Bag of Preparation","Calipers","Ancient Tea Set","Happy Flower","Odd Mushroom","Lizard Tail","Shovel","Tiny Chest","Torii"],"card_choices":[{"not_picked":["Fiend Fire","Feed"],"picked":"Limit Break"},{"not_picked":["Reckless Charge","Sword Boomerang"],"picked":"Armaments"},{"not_picked":["Feel No Pain","Hemokinesis"],"picked":"Inflame"},{"not_picked":["Pommel Strike","Rage"],"picked":"Flex"},{"not_picked":["Rupture","Dual Wield"],"picked":"Whirlwind"},{"not_picked":["Perfected Strike","Armaments"],"picked":"Iron Wave"},{"not_picked":["Burning Pact","Rage"],"picked":"Shrug It Off"},{"not_picked":["Impervious","Shrug It Off"],"picked":"Sword Boomerang"},{"not_picked":["Dual Wield","Wild Strike"],"picked":"True Grit"}],"player_experience":89763,"potions_floor_usage":[12,14,22,29,29],"damage_taken":[{"damage":6,"enemies":"Cultist","floor":1,"turns":3},{"damage":9,"enemies":"2 Louse","floor":3,"turns":4},{"damage":17,"enemies":"3 Sentries","floor":8,"turns":9},{"damage":0,"enemies":"Jaw Worm","floor":10,"turns":3},{"damage":10,"enemies":"Lagavulin","floor":11,"turns":6},{"damage":24,"enemies":"The Mushroom Lair","floor":12,"turns":6},{"damage":7,"enemies":"Lots of Slimes","floor":14,"turns":4},{"damage":22,"enemies":"The Guardian","floor":16,"turns":6},{"damage":30,"enemies":"2 Thieves","floor":18,"turns":3},{"damage":11,"enemies":"Chosen","floor":20,"turns":5},{"damage":61,"enemies":"3 Cultists","floor":21,"turns":6},{"damage":26,"enemies":"Centurion and Healer","floor":22,"turns":8},{"damage":5,"enemies":"Gremlin Leader","floor":24,"turns":7},{"damage":15,"enemies":"Snake Plant","floor":27,"turns":3},{"damage":29,"enemies":"3 Cultists","floor":28,"turns":5},{"damage":29,"enemies":"Chosen and Byrds","floor":29,"turns":4}],"event_choices":[{"event_name":"World of Goop","player_choice":"Gather Gold","floor":2,"damage_taken":0},{"event_name":"Golden Idol","player_choice":"Lose Max HP","floor":4,"damage_taken":0},{"event_name":"Accursed Blacksmith","player_choice":"Rummage","floor":5,"damage_taken":0},{"event_name":"Mushrooms","player_choice":"Fought Mushrooms","floor":12,"damage_taken":0}],"boss_relics":[{"not_picked":["Runic Cube","Runic Pyramid"],"picked":"Lizard Tail"}],"potions_floor_spawned":[1,10,11,21,22,28],"seed_played":"4439522311389816503","killed_by":"Chosen and Byrds","ascension_level":0,"is_trial":false}