{"gold_per_floor":[110,110,110,121,134,134,164,164,164,175,175,100,100,116,116,220,220,233,332,232,232,157,182,182,182],"floor_reached":25,"playtime":2437,"items_purged":["Strike_G","Strike_G"],"score":282,"play_id":"78ceb4c2-07c8-4ff6-b699-efe678ad474a","local_time":"20181020114245","is_ascension_mode":true,"campfire_choices":[{"data":"All Out Attack","floor":6.0,"key":"SMITH"},{"floor":8.0,"key":"DIG"},{"floor":11.0,"key":"DIG"},{"floor":13.0,"key":"DIG"},{"floor":15.0,"key":"DIG"},{"floor":24,"key":"DIG"}],"neow_cost":"NONE","seed_source_timestamp":0,"circlet_count":0,"master_deck":["Defend_G","Defend_G","Defend_G","Defend_G","Defend_G","Strike_G","Strike_G","Survivor","Neutralize+1","Poisoned Stab","Backflip","All Out Attack+1","Calculated Gamble","Unload","Catalyst"],"special_seed":0,"relics":["Ring of the Snake","Shovel","Art of War","Thread and Needle","Potion Belt","Tough Bandages","Bottled Flame","Coffee Dripper","Shuriken","Smiling Mask"],"potions_floor_usage":[23,23],"damage_taken":[{"damage":0.0,"enemies":"Jaw Worm","floor":1.0,"turns":6.0},{"damage":0.0,"enemies":"Cultist","floor":4.0,"turns":3.0},{"damage":2.0,"enemies":"2 Louse","floor":5.0,"turns":4.0},{"damage":15.0,"enemies":"3 Sentries","floor":7.0,"turns":7.0},{"damage":0.0,"enemies":"Exordium Wildlife","floor":10.0,"turns":2.0},{"damage":0.0,"enemies":"2 Fungi Beasts","floor":14.0,"turns":3.0},{"damage":8.0,"enemies":"Slime Boss","floor":16.0,"turns":12.0},{"damage":0,"enemies":"Shell Parasite","floor":18,"turns":6},{"damage":11,"enemies":"Slavers","floor":23,"turns":7},{"damage":60,"enemies":"Book of Stabbing","floor":25,"turns":7}],"seed_played":"610969010532331676","potions_obtained":[{"floor":10.0,"key":"GamblersBrew"},{"floor":14.0,"key":"EntropicBrew"},{"floor":18,"key":"AttackPotion"}],"is_trial":false,"path_per_floor":["M","?","?","M","M","R","E","R","T","M","R","$","R","M","R","B",null,"M","?","$","?","?","E","R"],"character_chosen":"THE_SILENT","items_purchased":[],"campfire_rested":0,"item_purchase_floors":[],"current_hp_per_floor":[63,63,68,68,66,66,51,51,51,51,51,51,51,51,51,43,67,67,67,67,67,67,56,56,0],"gold":182,"neow_bonus":"UPGRADE_CARD","is_prod":false,"is_daily":false,"chose_seed":false,"campfire_upgraded":1,"win_rate":0,"timestamp":1540050165,"path_taken":["M","?","?","M","M","R","E","R","T","M","R","$","R","M","R","BOSS","M","?","$","?","?","E","R","E"],"build_version":"2018-10-18","purchased_purges":2,"victory":false,"max_hp_per_floor":[70,70,75,75,75,75,75,75,75,75,75,75,75,75,75,75,75,75,75,75,75,75,75,75,75],"card_choices":[{"not_picked":["Deflect","Sucker Punch"],"picked":"Poisoned Stab","floor":1.0},{"not_picked":["Prepared","Deflect"],"picked":"Backflip","floor":4.0},{"not_picked":["PiercingWail","Dash"],"picked":"All Out Attack","floor":5.0},{"not_picked":["Well Laid Plans","Caltrops","Flying Knee"],"picked":"SKIP","floor":7.0},{"not_picked":["Backflip","Dodge and Roll"],"picked":"Calculated Gamble","floor":10.0},{"not_picked":["All Out Attack","Blade Dance","Flying Knee"],"picked":"SKIP","floor":14.0},{"not_picked":["Corpse Explosion","Die Die Die"],"picked":"Unload","floor":16.0},{"not_picked":["Leg Sweep","Dodge and Roll"],"picked":"Catalyst","floor":18},{"not_picked":["Backflip","Slice","Grand Finale"],"picked":"SKIP","floor":23}],"player_experience":529334,"relics_obtained":[{"floor":7.0,"key":"Shovel"},{"floor":8.0,"key":"Art of War"},{"floor":9.0,"key":"Thread and Needle"},{"floor":11.0,"key":"Potion Belt"},{"floor":13.0,"key":"Tough Bandages"},{"floor":15.0,"key":"Bottled Flame"},{"floor":23,"key":"Shuriken"},{"floor":24,"key":"Smiling Mask"}],"event_choices":[{"damage_healed":0.0,"max_hp_gain":0.0,"max_hp_loss":0.0,"gold_gain":0.0,"event_name":"Match and Keep!","player_choice":"0 cards matched","floor":2.0,"gold_loss":0.0,"damage_taken":0.0,"cards_obtained":[]},{"damage_healed":0.0,"max_hp_gain":5.0,"max_hp_loss":0.0,"gold_gain":0.0,"event_name":"Big Fish","player_choice":"Donut","floor":3.0,"gold_loss":0.0,"damage_taken":0.0},{"damage_healed":0,"gold_gain":99,"player_choice":"Stole From Cult","damage_taken":0,"max_hp_gain":0,"max_hp_loss":0,"event_name":"Nest","floor":19,"gold_loss":0},{"damage_healed":0,"gold_gain":0,"player_choice":"Ignored","damage_taken":0,"max_hp_gain":0,"max_hp_loss":0,"event_name":"Ghosts","floor":21,"gold_loss":0},{"cards_removed":["Strike_G"],"damage_healed":0,"gold_gain":0,"player_choice":"Gave Gold","damage_taken":0,"max_hp_gain":0,"max_hp_loss":0,"event_name":"Beggar","floor":22,"gold_loss":75}],"is_beta":false,"boss_relics":[{"not_picked":["Astrolabe","Philosopher\u0027s Stone"],"picked":"Coffee Dripper"}],"items_purged_floors":[12,20],"is_endless":false,"potions_floor_spawned":[10,14,18],"killed_by":"Book of Stabbing","ascension_level":6}