{"gold_per_floor":[114,114,129,204,59,93,111,111,111,27,39,39,74,93,93,198,198,212,162,77,93,93,93],"floor_reached":23,"playtime":1294,"items_purged":["Strike_B","Strike_B","Strike_B"],"score":347,"play_id":"201fc1a8-e600-4c58-8f26-acbddcbcdc38","local_time":"20181021140745","is_ascension_mode":true,"campfire_choices":[{"data":"Chaos","floor":8,"key":"SMITH"},{"data":"Sunder","floor":12,"key":"SMITH"},{"data":"Fusion","floor":15,"key":"SMITH"}],"neow_cost":"NONE","seed_source_timestamp":0,"circlet_count":0,"master_deck":["Strike_B","Defend_B","Defend_B","Defend_B","Defend_B","Zap","Dualcast","AscendersBane","Chaos+1","Coolheaded","Reinforced Body","Sunder+1","Compile Driver","Fusion+1","Meteor Strike"],"special_seed":0,"relics":["Cracked Core","NeowsBlessing","Smiling Mask","Dodecahedron","Bottled Lightning","White Beast Statue","Mercury Hourglass"],"potions_floor_usage":[6,13,21,23],"damage_taken":[{"damage":0.0,"enemies":"Small Slimes","floor":1.0,"turns":1.0},{"damage":0,"enemies":"Jaw Worm","floor":3,"turns":1},{"damage":0,"enemies":"Lagavulin","floor":6,"turns":3},{"damage":0,"enemies":"Cultist","floor":7,"turns":5},{"damage":0,"enemies":"3 Louse","floor":11,"turns":4},{"damage":3,"enemies":"Gremlin Nob","floor":13,"turns":3},{"damage":9,"enemies":"Red Slaver","floor":14,"turns":4},{"damage":14,"enemies":"Slime Boss","floor":16,"turns":9},{"damage":9,"enemies":"Shell Parasite","floor":18,"turns":6},{"damage":6,"enemies":"Chosen","floor":21,"turns":4},{"damage":53,"enemies":"Book of Stabbing","floor":23,"turns":5}],"seed_played":"6036692309141578346","potions_obtained":[{"floor":1,"key":"PowerPotion"},{"floor":11,"key":"Energy Potion"},{"floor":18,"key":"FocusPotion"},{"floor":21,"key":"AttackPotion"}],"is_trial":false,"path_per_floor":["M","?","M","?","$","E","M","R","T","$","M","R","E","M","R","B",null,"M","$","?","M","?"],"character_chosen":"DEFECT","items_purchased":["Reinforced Body","Sunder"],"campfire_rested":0,"item_purchase_floors":[5,10],"current_hp_per_floor":[68,68,68,57,57,57,57,57,57,57,57,57,54,45,45,31,64,55,55,55,49,49,0],"gold":93,"neow_bonus":"THREE_ENEMY_KILL","is_prod":false,"is_daily":false,"chose_seed":false,"campfire_upgraded":3,"win_rate":0,"timestamp":1540145265,"path_taken":["M","?","?","?","$","E","M","R","T","$","M","R","E","M","R","BOSS","M","$","?","?","?","E"],"build_version":"2018-10-18","purchased_purges":3,"victory":false,"max_hp_per_floor":[75,75,75,75,75,75,75,75,75,75,75,75,75,75,75,75,75,75,75,75,75,75,75],"card_choices":[{"not_picked":["Hologram","Sweeping Beam"],"picked":"Chaos","floor":1},{"not_picked":["Hyperbeam","Hologram"],"picked":"Coolheaded","floor":3},{"not_picked":["Streamline","Coolheaded","Ball Lightning"],"picked":"SKIP","floor":6},{"not_picked":["Loop","Ball Lightning","Turbo"],"picked":"SKIP","floor":7},{"not_picked":["Stack","Scrape"],"picked":"Compile Driver","floor":11},{"not_picked":["Melter","Buffer"],"picked":"Fusion","floor":13},{"not_picked":["Go for the Eyes","Sunder","Heatsinks"],"picked":"SKIP","floor":14},{"not_picked":["Buffer","All For One"],"picked":"Meteor Strike","floor":16},{"not_picked":["Streamline","Conserve Battery","Barrage"],"picked":"SKIP","floor":18},{"not_picked":["Storm+1","Undo+1","Ball Lightning+1"],"picked":"SKIP","floor":21}],"player_experience":533560,"relics_obtained":[{"floor":6,"key":"Smiling Mask"},{"floor":9,"key":"Dodecahedron"},{"floor":13,"key":"Bottled Lightning"}],"event_choices":[{"damage_healed":0,"gold_gain":0,"player_choice":"Ignored","damage_taken":0,"max_hp_gain":0,"max_hp_loss":0,"event_name":"Liars Game","floor":2,"gold_loss":0},{"damage_healed":0,"gold_gain":75,"player_choice":"Gather Gold","damage_taken":11,"max_hp_gain":0,"max_hp_loss":0,"event_name":"World of Goop","floor":4,"gold_loss":0},{"damage_healed":0,"gold_gain":0,"player_choice":"Obtained Relic","damage_taken":0,"relics_obtained":["Mercury Hourglass"],"max_hp_gain":0,"max_hp_loss":0,"event_name":"Addict","floor":20,"gold_loss":85},{"damage_healed":0,"gold_gain":0,"player_choice":"Ignored","damage_taken":0,"max_hp_gain":0,"max_hp_loss":0,"event_name":"Vampires","floor":22,"gold_loss":0}],"is_beta":false,"boss_relics":[{"not_picked":["Lizard Tail","FrozenCore"],"picked":"White Beast Statue"}],"items_purged_floors":[5,10,19],"is_endless":false,"potions_floor_spawned":[1,11,18,21],"killed_by":"Book of Stabbing","ascension_level":11}