{"gold_per_floor":[112,132,144,154,79,79,106,106,158,158,176,201,220,236,236,236],"floor_reached":16,"playtime":713,"items_purged":["Strike_B"],"score":222,"play_id":"9e583879-77a7-493c-87b4-97e71efadbc7","local_time":"20190724155534","is_ascension_mode":true,"campfire_choices":[{"data":"Darkness","floor":6,"key":"SMITH"},{"floor":8,"key":"REST"},{"data":"Coolheaded","floor":10,"key":"SMITH"},{"floor":15,"key":"REST"}],"neow_cost":"NONE","seed_source_timestamp":0,"circlet_count":0,"master_deck":["AscendersBane","Strike_B","Strike_B","Strike_B","Defend_B","Defend_B","Defend_B","Defend_B","Zap","Dualcast","Darkness+1","Coolheaded+1","Auto Shields","Cold Snap","Chaos","Fission","Leap","Leap"],"special_seed":0,"relics":["Cracked Core","Anchor","Mercury Hourglass","Vajra","Bag of Preparation"],"potions_floor_usage":[12,12],"damage_taken":[{"damage":1.0,"enemies":"Cultist","floor":1.0,"turns":3.0},{"damage":2,"enemies":"2 Louse","floor":2,"turns":3},{"damage":2,"enemies":"Jaw Worm","floor":3,"turns":4},{"damage":6,"enemies":"Looter","floor":4,"turns":4},{"damage":25,"enemies":"Lagavulin","floor":7,"turns":6},{"damage":0,"enemies":"Large Slime","floor":11,"turns":3},{"damage":6,"enemies":"Gremlin Nob","floor":12,"turns":3},{"damage":10,"enemies":"Gremlin Gang","floor":13,"turns":5},{"damage":0,"enemies":"2 Fungi Beasts","floor":14,"turns":3},{"damage":57,"enemies":"Slime Boss","floor":16,"turns":9}],"seed_played":"-6395781904349231263","potions_obtained":[{"floor":1.0,"key":"Energy Potion"},{"floor":3,"key":"FocusPotion"},{"floor":4,"key":"EssenceOfSteel"},{"floor":13,"key":"SmokeBomb"}],"is_trial":false,"path_per_floor":["M","M","M","M","$","R","E","R","T","R","M","E","M","M","R","B"],"character_chosen":"DEFECT","items_purchased":[],"campfire_rested":2,"item_purchase_floors":[],"current_hp_per_floor":[63,61,59,53,53,53,28,49,49,49,49,43,33,33,54,0],"gold":236,"neow_bonus":"RANDOM_COMMON_RELIC","is_prod":false,"is_daily":false,"chose_seed":false,"campfire_upgraded":2,"win_rate":0,"timestamp":1563998134,"path_taken":["M","M","M","M","$","R","E","R","T","R","M","E","M","M","R","BOSS"],"build_version":"2019-07-17","purchased_purges":1,"victory":false,"max_hp_per_floor":[71,71,71,71,71,71,71,71,71,71,71,71,71,71,71,71],"card_choices":[{"not_picked":["Doom and Gloom","Aggregate"],"picked":"Darkness","floor":1.0},{"not_picked":["Go for the Eyes","Hello World","Compile Driver"],"picked":"SKIP","floor":2},{"not_picked":["Tempest","Blizzard"],"picked":"Coolheaded","floor":3},{"not_picked":["Turbo","Steam"],"picked":"Auto Shields","floor":4},{"not_picked":["Barrage","Conserve Battery"],"picked":"Cold Snap","floor":7},{"not_picked":["Stack","Fission"],"picked":"Chaos","floor":11},{"not_picked":["Barrage","Heatsinks"],"picked":"Fission","floor":12},{"not_picked":["Barrage","Stack"],"picked":"Leap","floor":13},{"not_picked":["Beam Cell","Sweeping Beam"],"picked":"Leap","floor":14}],"player_experience":921154,"relics_obtained":[{"floor":7,"key":"Mercury Hourglass"},{"floor":9,"key":"Vajra"},{"floor":12,"key":"Bag of Preparation"}],"event_choices":[],"is_beta":false,"boss_relics":[],"items_purged_floors":[5],"is_endless":false,"potions_floor_spawned":[1,3,4,13],"killed_by":"Slime Boss","ascension_level":19}