{"gold_per_floor":[118,138,88,88,29,29,55,74,74,102,127,159,159,186,186,285,285,303,218,143,93,107,107,118,118,118,150,249,249,249,268,268,366,366,378,378,378,396,406,406,419,419,446,458,474,491,503,147,147,147],"floor_reached":51,"playtime":2225,"items_purged":["Strike_R","Strike_R"],"score":810,"play_id":"8eea8512-5b54-4410-b68c-0dc9940a98bb","local_time":"20190104223312","is_ascension_mode":false,"campfire_choices":[{"data":"Bash","floor":6.0,"key":"SMITH"},{"data":"Armaments","floor":13.0,"key":"SMITH"},{"data":"Heavy Blade","floor":15.0,"key":"SMITH"},{"data":"Flex","floor":23.0,"key":"SMITH"},{"data":"Bludgeon","floor":25.0,"key":"SMITH"},{"data":"J.A.X.","floor":30.0,"key":"SMITH"},{"data":"Pummel","floor":32.0,"key":"SMITH"},{"data":"Intimidate","floor":40.0,"key":"SMITH"},{"data":"Offering","floor":42.0,"key":"SMITH"},{"data":"Offering","floor":49,"key":"SMITH"}],"neow_cost":"NONE","seed_source_timestamp":0,"circlet_count":0,"master_deck":["Strike_R","Defend_R","Defend_R","Defend_R+1","Defend_R+1","Bash+1","Headbutt","Heavy Blade+1","Bludgeon+1","Armaments+1","Flex+1","Pummel+1","Offering+1","Thunderclap","Offering+1","J.A.X.+1","Warcry+1","Reaper","Spot Weakness+1","Master of Strategy","Intimidate+1","Shrug It Off+1","Clumsy","Disarm+1"],"special_seed":0,"relics":["Burning Blood","NeowsBlessing","War Paint","Bag of Preparation","Self Forming Clay","Art of War","Anchor","Blood Vial","Odd Mushroom","Mark of Pain","Champion Belt","Du-Vu Doll","Mango","Cursed Key","Dream Catcher","Paper Frog"],"potions_floor_usage":[50,50,50],"damage_taken":[{"damage":0.0,"enemies":"2 Louse","floor":1.0,"turns":1.0},{"damage":0.0,"enemies":"Small Slimes","floor":2.0,"turns":1.0},{"damage":0.0,"enemies":"3 Sentries","floor":7.0,"turns":1.0},{"damage":0.0,"enemies":"Cultist","floor":8.0,"turns":2.0},{"damage":14.0,"enemies":"Gremlin Nob","floor":10.0,"turns":4.0},{"damage":31.0,"enemies":"3 Sentries","floor":12.0,"turns":6.0},{"damage":8.0,"enemies":"The Mushroom Lair","floor":14.0,"turns":5.0},{"damage":31.0,"enemies":"The Guardian","floor":16.0,"turns":11.0},{"damage":15.0,"enemies":"3 Byrds","floor":18.0,"turns":6.0},{"damage":6.0,"enemies":"Chosen","floor":22.0,"turns":2.0},{"damage":14.0,"enemies":"3 Cultists","floor":24.0,"turns":4.0},{"damage":12.0,"enemies":"Gremlin Leader","floor":27.0,"turns":2.0},{"damage":13.0,"enemies":"Sentry and Sphere","floor":31.0,"turns":3.0},{"damage":39.0,"enemies":"Collector","floor":33.0,"turns":6.0},{"damage":15.0,"enemies":"3 Darklings","floor":35.0,"turns":2.0},{"damage":9.0,"enemies":"3 Shapes","floor":38.0,"turns":1.0},{"damage":19.0,"enemies":"Sphere and 2 Shapes","floor":39.0,"turns":4.0},{"damage":21.0,"enemies":"Transient","floor":41.0,"turns":5.0},{"damage":15.0,"enemies":"4 Shapes","floor":44.0,"turns":4.0},{"damage":15.0,"enemies":"Maw","floor":45.0,"turns":4.0},{"damage":18.0,"enemies":"3 Darklings","floor":46.0,"turns":2.0},{"damage":15.0,"enemies":"4 Shapes","floor":47.0,"turns":2.0},{"damage":47,"enemies":"Awakened One","floor":50,"turns":4}],"seed_played":"9002219286354159884","potions_obtained":[{"floor":10.0,"key":"Weak Potion"},{"floor":12.0,"key":"Swift Potion"},{"floor":14.0,"key":"AttackPotion"},{"floor":24.0,"key":"Energy Potion"},{"floor":27.0,"key":"Ancient Potion"},{"floor":39.0,"key":"Ancient Potion"},{"floor":41.0,"key":"Swift Potion"},{"floor":47.0,"key":"Ancient Potion"}],"is_trial":false,"path_per_floor":["M","M","?","?","?","R","E","M","T","E","T","E","R","?","R","B",null,"M","?","$","?","M","R","M","R","T","E","?","?","R","M","R","B",null,"M","?","?","M","M","R","M","R","T","M","M","M","M","$","R","B",null],"character_chosen":"IRONCLAD","items_purchased":["Paper Frog"],"campfire_rested":0,"item_purchase_floors":[48],"current_hp_per_floor":[80,80,80,85,85,85,85,85,85,77,77,52,52,52,52,29,85,76,76,76,76,78,78,72,72,72,82,82,82,82,77,77,46,99,99,89,89,88,92,92,99,99,99,90,99,99,93,93,93,99],"gold":147,"neow_bonus":"THREE_ENEMY_KILL","is_prod":false,"is_daily":false,"chose_seed":false,"campfire_upgraded":10,"win_rate":0,"timestamp":1546659192,"path_taken":["M","M","?","?","?","R","E","?","T","E","?","E","R","?","R","BOSS","M","?","$","?","?","R","M","R","T","E","?","?","R","M","R","BOSS","M","?","?","M","M","R","M","R","T","?","M","M","M","?","R","BOSS"],"build_version":"2019-01-03v4","purchased_purges":2,"victory":true,"max_hp_per_floor":[80,80,80,85,85,85,85,85,85,85,85,85,85,85,85,85,85,85,85,85,85,85,85,85,85,85,99,99,99,99,99,99,99,99,99,99,99,99,99,99,99,99,99,99,99,99,99,99,99,99],"card_choices":[{"not_picked":["Iron Wave","Clash"],"picked":"Headbutt","floor":1.0},{"not_picked":["Clash","Headbutt"],"picked":"Heavy Blade","floor":2.0},{"not_picked":["Wild Strike","Flame Barrier"],"picked":"Bludgeon","floor":7.0},{"not_picked":["Pommel Strike","Sever Soul"],"picked":"Armaments","floor":8.0},{"not_picked":["Anger","Burning Pact","Fire Breathing"],"picked":"SKIP","floor":10.0},{"not_picked":["Reaper","Evolve"],"picked":"Flex","floor":12.0},{"not_picked":["Metallicize","Clash"],"picked":"Pummel","floor":14.0},{"not_picked":["Immolate","Reaper"],"picked":"Offering","floor":16.0},{"not_picked":["Heavy Blade","Clothesline","Iron Wave"],"picked":"SKIP","floor":18.0},{"not_picked":["Second Wind","Pommel Strike"],"picked":"Thunderclap","floor":22.0},{"not_picked":["Heavy Blade","Clash"],"picked":"Offering","floor":24.0},{"not_picked":["Power Through","Flex","Clothesline+1"],"picked":"SKIP","floor":27.0},{"not_picked":["Anger","Body Slam"],"picked":"Warcry+1","floor":31.0},{"not_picked":["Feed","Berserk"],"picked":"Reaper","floor":33.0},{"not_picked":["Headbutt","Iron Wave"],"picked":"Spot Weakness+1","floor":35.0},{"not_picked":["Transmutation","The Bomb"],"picked":"Master of Strategy","floor":36.0},{"not_picked":["Wild Strike+1","Sword Boomerang","Second Wind"],"picked":"SKIP","floor":38.0},{"not_picked":["Perfected Strike+1","True Grit"],"picked":"Shrug It Off+1","floor":39.0},{"not_picked":["Bloodletting+1","Metallicize+1","Iron Wave"],"picked":"SKIP","floor":41.0},{"not_picked":["Perfected Strike+1","Clash","Armaments+1"],"picked":"SKIP","floor":44.0},{"not_picked":["Reaper","Sever Soul","Flex+1"],"picked":"SKIP","floor":45.0},{"not_picked":["Sentinel","Perfected Strike"],"picked":"Disarm+1","floor":46.0},{"not_picked":["Body Slam","Cleave","Metallicize+1"],"picked":"SKIP","floor":47.0}],"player_experience":665277,"relics_obtained":[{"floor":7.0,"key":"Bag of Preparation"},{"floor":9.0,"key":"Self Forming Clay"},{"floor":10.0,"key":"Art of War"},{"floor":11.0,"key":"Anchor"},{"floor":12.0,"key":"Blood Vial"},{"floor":14.0,"key":"Odd Mushroom"},{"floor":26.0,"key":"Du-Vu Doll"},{"floor":27.0,"key":"Mango"},{"floor":43.0,"key":"Dream Catcher"}],"event_choices":[{"cards_removed":["Strike_R"],"damage_healed":0.0,"max_hp_gain":0.0,"max_hp_loss":0.0,"gold_gain":0.0,"event_name":"The Cleric","player_choice":"Card Removal","floor":3.0,"gold_loss":50.0,"damage_taken":0.0},{"damage_healed":0.0,"max_hp_gain":5.0,"max_hp_loss":0.0,"gold_gain":0.0,"event_name":"Big Fish","player_choice":"Donut","floor":4.0,"gold_loss":0.0,"damage_taken":0.0},{"damage_healed":0.0,"max_hp_gain":0.0,"max_hp_loss":0.0,"gold_gain":0.0,"event_name":"WeMeetAgain","player_choice":"Paid Gold","floor":5.0,"gold_loss":59.0,"damage_taken":0.0,"relics_obtained":["War Paint"]},{"damage_healed":0.0,"max_hp_gain":0.0,"max_hp_loss":0.0,"gold_gain":0.0,"event_name":"Mushrooms","player_choice":"Fought Mushrooms","floor":14.0,"gold_loss":0.0,"damage_taken":0.0},{"damage_healed":0.0,"max_hp_gain":0.0,"max_hp_loss":0.0,"gold_gain":0.0,"event_name":"Addict","player_choice":"Obtained Relic","floor":19.0,"gold_loss":85.0,"damage_taken":0.0,"relics_obtained":["Champion Belt"]},{"damage_healed":0.0,"max_hp_gain":0.0,"max_hp_loss":0.0,"gold_gain":0.0,"event_name":"The Joust","player_choice":"Bet on Murderer","floor":21.0,"gold_loss":50.0,"damage_taken":0.0},{"damage_healed":0.0,"max_hp_gain":0.0,"max_hp_loss":0.0,"gold_gain":99.0,"event_name":"Nest","player_choice":"Stole From Cult","floor":28.0,"gold_loss":0.0,"damage_taken":0.0},{"damage_healed":0.0,"max_hp_gain":0.0,"max_hp_loss":0.0,"gold_gain":0.0,"event_name":"Drug Dealer","player_choice":"Obtain J.A.X.","floor":29.0,"gold_loss":0.0,"damage_taken":0.0,"cards_obtained":["J.A.X."]},{"damage_healed":0.0,"max_hp_gain":0.0,"max_hp_loss":0.0,"gold_gain":0.0,"event_name":"SensoryStone","player_choice":"Memory 3","floor":36.0,"gold_loss":0.0,"damage_taken":10.0},{"damage_healed":0.0,"max_hp_gain":0.0,"max_hp_loss":0.0,"gold_gain":0.0,"cards_transformed":["Strike_R"],"event_name":"Transmorgrifier","player_choice":"Transformed","floor":37.0,"gold_loss":0.0,"damage_taken":0.0,"cards_obtained":["Intimidate"]}],"is_beta":false,"boss_relics":[{"not_picked":["Astrolabe","Black Star"],"picked":"Mark of Pain"},{"not_picked":["Runic Pyramid","Lizard Tail"],"picked":"Cursed Key"}],"items_purged_floors":[20,48],"is_endless":false,"potions_floor_spawned":[10,12,14,24,27,39,41,45,47],"ascension_level":0}