{"gold_per_floor":[362,40,40,40,57,57,92,104,129,141,153,165,190,214,226,341,353,375,397,409,438,375,387,498,510,522,534,561,573],"floor_reached":29,"playtime":3304,"items_purged":["Defend_G"],"score":335,"play_id":"0ab8f2b6-7d6c-4ae7-a410-3e2ea0bbcd68","local_time":"20190813202233","is_ascension_mode":true,"campfire_choices":[{"data":"Distraction","floor":6,"key":"SMITH"},{"floor":12,"key":"REST"},{"floor":15,"key":"REST"},{"floor":23,"key":"REST"},{"floor":25,"key":"REST"}],"neow_cost":"TEN_PERCENT_HP_LOSS","seed_source_timestamp":261907287733600,"circlet_count":0,"master_deck":["AscendersBane","Strike_G","Strike_G","Strike_G","Defend_G","Defend_G","Defend_G","Defend_G","Survivor","Neutralize","Blur","Distraction+1","Escape Plan","Heel Hook","Footwork","Bouncing Flask","Wraith Form v2","Acrobatics+1","Backflip","Catalyst","Dodge and Roll+1"],"relics":["Ring of the Snake","Paper Crane","Orichalcum","MawBank","Lizard Tail","Ancient Tea Set","Omamori"],"potions_floor_usage":[14,21,21,27,28],"damage_taken":[{"damage":3,"enemies":"Jaw Worm","floor":1,"turns":4},{"damage":0,"enemies":"2 Louse","floor":5,"turns":3},{"damage":58,"enemies":"Gremlin Nob","floor":7,"turns":9},{"damage":0,"enemies":"Cultist","floor":8,"turns":4},{"damage":1,"enemies":"Exordium Thugs","floor":13,"turns":9},{"damage":0,"enemies":"3 Louse","floor":14,"turns":2},{"damage":14,"enemies":"The Guardian","floor":16,"turns":9},{"damage":0,"enemies":"Chosen","floor":18,"turns":5},{"damage":11,"enemies":"3 Byrds","floor":19,"turns":9},{"damage":31,"enemies":"Snake Plant","floor":21,"turns":5},{"damage":24,"enemies":"Colosseum Slavers","floor":27,"turns":7},{"damage":0,"enemies":"Centurion and Healer","floor":28,"turns":14},{"damage":50,"enemies":"3 Cultists","floor":29,"turns":6}],"seed_played":"2529891200034651100","potions_obtained":[{"floor":1,"key":"Explosive Potion"},{"floor":7,"key":"GamblersBrew"},{"floor":8,"key":"Ancient Potion"},{"floor":14,"key":"FearPotion"},{"floor":16,"key":"Dexterity Potion"},{"floor":18,"key":"Energy Potion"},{"floor":21,"key":"Poison Potion"}],"is_trial":false,"path_per_floor":["M","$","?","?","M","R","E","M","T","$","?","R","M","M","R","B",null,"M","M","?","M","?","R","?","R","T","?","M","M"],"character_chosen":"THE_SILENT","items_purchased":["Paper Crane"],"campfire_rested":4,"item_purchase_floors":[2],"current_hp_per_floor":[60,60,60,60,60,60,2,2,2,2,2,20,19,19,37,23,53,53,42,42,11,11,29,29,47,47,23,23,17],"gold":573,"neow_bonus":"TWO_FIFTY_GOLD","is_prod":false,"is_daily":false,"chose_seed":false,"campfire_upgraded":1,"win_rate":0,"timestamp":1565752953,"path_taken":["M","$","?","?","?","R","E","M","T","?","?","R","M","M","R","BOSS","M","M","?","M","?","R","?","R","T","?","M","M"],"build_version":"2019-07-17","purchased_purges":1,"victory":false,"max_hp_per_floor":[63,63,63,63,63,63,63,63,63,63,63,63,63,63,63,63,63,63,63,63,63,63,63,63,63,63,63,63,63],"card_choices":[{"not_picked":["Acrobatics","Flying Knee"],"picked":"Blur","floor":1},{"not_picked":["Acrobatics","Well Laid Plans"],"picked":"Escape Plan","floor":5},{"not_picked":["Unload","Outmaneuver"],"picked":"Heel Hook","floor":7},{"not_picked":["Infinite Blades","Backflip"],"picked":"Footwork","floor":8},{"not_picked":["Dash","Skewer"],"picked":"Bouncing Flask","floor":13},{"not_picked":["Reflex","Eviscerate","Quick Slash"],"picked":"SKIP","floor":14},{"not_picked":["Storm of Steel","Unload"],"picked":"Wraith Form v2","floor":16},{"not_picked":["Dagger Throw","Deflect+1"],"picked":"Acrobatics+1","floor":18},{"not_picked":["Dagger Throw","Sucker Punch"],"picked":"Backflip","floor":19},{"not_picked":["Dodge and Roll+1","Backstab"],"picked":"Catalyst","floor":21},{"not_picked":["Finisher","Unload"],"picked":"Dodge and Roll+1","floor":28}],"player_experience":342753,"relics_obtained":[{"floor":7,"key":"Orichalcum"},{"floor":9,"key":"MawBank"},{"floor":26,"key":"Omamori"}],"event_choices":[{"damage_healed":0,"gold_gain":0,"player_choice":"Leave","damage_taken":0,"max_hp_gain":0,"max_hp_loss":0,"event_name":"The Cleric","floor":3,"gold_loss":0},{"damage_healed":0,"gold_gain":0,"cards_transformed":["Strike_G"],"player_choice":"Transformed","damage_taken":0,"max_hp_gain":0,"max_hp_loss":0,"event_name":"Transmorgrifier","floor":4,"gold_loss":0,"cards_obtained":["Distraction"]},{"damage_healed":0,"gold_gain":0,"player_choice":"Ignored","damage_taken":0,"max_hp_gain":0,"max_hp_loss":0,"event_name":"Golden Idol","floor":11,"gold_loss":0},{"damage_healed":0,"gold_gain":0,"player_choice":"Opened","damage_taken":0,"relics_obtained":["Ancient Tea Set"],"max_hp_gain":0,"max_hp_loss":0,"event_name":"The Mausoleum","floor":20,"gold_loss":0},{"cards_removed":["Strike_G"],"damage_healed":0,"gold_gain":0,"player_choice":"Gave Gold","damage_taken":0,"max_hp_gain":0,"max_hp_loss":0,"event_name":"Beggar","floor":22,"gold_loss":75},{"damage_healed":0,"gold_gain":99,"player_choice":"Stole From Cult","damage_taken":0,"max_hp_gain":0,"max_hp_loss":0,"event_name":"Nest","floor":24,"gold_loss":0},{"damage_healed":0,"gold_gain":0,"player_choice":"Fight","damage_taken":0,"max_hp_gain":0,"max_hp_loss":0,"event_name":"Colosseum","floor":27,"gold_loss":0},{"damage_healed":0,"gold_gain":0,"player_choice":"Fled From Nobs","damage_taken":0,"max_hp_gain":0,"max_hp_loss":0,"event_name":"Colosseum","floor":27,"gold_loss":0}],"is_beta":false,"boss_relics":[{"not_picked":["Busted Crown","Eternal Feather"],"picked":"Lizard Tail"}],"items_purged_floors":[2],"is_endless":false,"potions_floor_spawned":[1,7,8,14,16,18,21],"killed_by":"3 Cultists","ascension_level":10}