{"gold_per_floor":[111,36,46,46,46,46,79,94,94,94,26,26,39,39,39,164,164,187,286,302,323,176,176,0,39,39,57,57,57],"floor_reached":29,"playtime":1670,"items_purged":["Strike_G","Strike_G"],"score":313,"play_id":"a461e401-b115-4395-a550-0f4dade6b209","local_time":"20190318212753","is_ascension_mode":true,"campfire_choices":[{"data":"Neutralize","floor":6,"key":"SMITH"},{"data":"Bouncing Flask","floor":10,"key":"SMITH"},{"floor":12,"key":"REST"},{"floor":15,"key":"REST"},{"data":"Dagger Spray","floor":23,"key":"SMITH"}],"neow_cost":"NONE","seed_source_timestamp":515981159177471,"circlet_count":0,"master_deck":["Defend_G","Defend_G","Defend_G","Defend_G","Strike_G+1","Strike_G+1","Survivor","Neutralize+1","Backflip","Prepared","Bouncing Flask+1","Footwork","PiercingWail","Burst","Skewer","Deadly Poison","Dagger Spray+1","Caltrops+1"],"relics":["Empty Cage","Meat on the Bone","Bag of Preparation","Happy Flower","Golden Idol","Lizard Tail","Whetstone","Ornamental Fan"],"potions_floor_usage":[7,16,25,27],"damage_taken":[{"damage":4,"enemies":"Cultist","floor":1,"turns":6},{"damage":1,"enemies":"Small Slimes","floor":3,"turns":4},{"damage":54,"enemies":"Gremlin Nob","floor":7,"turns":7},{"damage":0,"enemies":"2 Louse","floor":8,"turns":3},{"damage":1,"enemies":"Exordium Wildlife","floor":13,"turns":5},{"damage":55,"enemies":"Slime Boss","floor":16,"turns":13},{"damage":34,"enemies":"3 Byrds","floor":18,"turns":6},{"damage":0,"enemies":"Chosen","floor":20,"turns":4},{"damage":13,"enemies":"Snake Plant","floor":21,"turns":4},{"damage":55,"enemies":"Book of Stabbing","floor":25,"turns":7},{"damage":32,"enemies":"Shelled Parasite and Fungi","floor":27,"turns":6},{"damage":42,"enemies":"Colosseum Slavers","floor":29,"turns":5}],"seed_played":"-4553368560687182991","potions_obtained":[{"floor":3,"key":"Fire Potion"},{"floor":8,"key":"Poison Potion"},{"floor":18,"key":"EssenceOfSteel"},{"floor":21,"key":"LiquidBronze"},{"floor":27,"key":"Fruit Juice"}],"is_trial":false,"path_per_floor":["M","$","M","?","?","R","E","M","T","R","$","R","M","?","R","B",null,"M","?","M","M","$","R","?","E","T","M","?","?"],"character_chosen":"THE_SILENT","items_purchased":["Footwork","Dagger Spray"],"campfire_rested":2,"item_purchase_floors":[11,22],"current_hp_per_floor":[59,59,58,58,55,55,13,25,25,25,25,46,45,45,64,21,54,32,32,44,43,43,43,43,44,44,29,29,0],"gold":57,"neow_bonus":"BOSS_RELIC","is_prod":false,"is_daily":false,"chose_seed":false,"campfire_upgraded":3,"win_rate":0,"timestamp":1552969673,"path_taken":["M","$","?","?","?","R","E","M","T","R","?","R","M","?","R","BOSS","M","?","M","M","$","R","?","E","T","M","?","?"],"build_version":"2019-01-23","purchased_purges":2,"victory":false,"max_hp_per_floor":[70,70,70,70,70,70,70,70,70,70,70,70,70,65,65,65,65,65,65,65,65,65,65,65,65,65,70,70,70],"card_choices":[{"not_picked":["Terror","Reflex"],"picked":"Backflip","floor":1},{"not_picked":["Reflex","Deflect","Caltrops"],"picked":"SKIP","floor":3},{"not_picked":["Bullet Time","Bane"],"picked":"Prepared","floor":7},{"not_picked":["Underhanded Strike","Slice"],"picked":"Bouncing Flask","floor":8},{"not_picked":["Flying Knee","Tactician"],"picked":"PiercingWail","floor":13},{"not_picked":["Storm of Steel","Unload"],"picked":"Burst","floor":16},{"not_picked":["Blade Dance","Dagger Throw+1"],"picked":"Skewer","floor":18},{"not_picked":["Acrobatics","Flying Knee+1"],"picked":"Deadly Poison","floor":20},{"not_picked":["Acrobatics","Deflect","PiercingWail"],"picked":"SKIP","floor":21},{"not_picked":["Blade Dance","Backflip","Acrobatics"],"picked":"SKIP","floor":25},{"not_picked":["Sucker Punch","Bullet Time"],"picked":"Caltrops+1","floor":27}],"player_experience":175884,"relics_obtained":[{"floor":7,"key":"Bag of Preparation"},{"floor":9,"key":"Happy Flower"},{"floor":25,"key":"Whetstone"},{"floor":26,"key":"Ornamental Fan"}],"event_choices":[{"damage_healed":0,"gold_gain":0,"player_choice":"Leave","damage_taken":0,"max_hp_gain":0,"max_hp_loss":0,"event_name":"The Cleric","floor":4,"gold_loss":0},{"damage_healed":0,"gold_gain":0,"player_choice":"Success","damage_taken":3,"relics_obtained":["Meat on the Bone"],"max_hp_gain":0,"max_hp_loss":0,"event_name":"Scrap Ooze","floor":5,"gold_loss":0},{"damage_healed":0,"gold_gain":0,"player_choice":"Lose Max HP","damage_taken":0,"relics_obtained":["Golden Idol"],"max_hp_gain":0,"max_hp_loss":5,"event_name":"Golden Idol","floor":14,"gold_loss":0},{"damage_healed":0,"gold_gain":99,"player_choice":"Stole From Cult","damage_taken":0,"max_hp_gain":0,"max_hp_loss":0,"event_name":"Nest","floor":19,"gold_loss":0},{"damage_healed":0,"gold_gain":0,"player_choice":"Paid Fearfully","damage_taken":0,"max_hp_gain":0,"max_hp_loss":0,"event_name":"Masked Bandits","floor":24,"gold_loss":176},{"damage_healed":0,"gold_gain":0,"player_choice":"Ignored","damage_taken":0,"max_hp_gain":0,"max_hp_loss":0,"event_name":"Ghosts","floor":28,"gold_loss":0},{"damage_healed":0,"gold_gain":0,"player_choice":"Fight","damage_taken":0,"max_hp_gain":0,"max_hp_loss":0,"event_name":"Colosseum","floor":29,"gold_loss":0}],"is_beta":false,"boss_relics":[{"not_picked":["Philosopher\u0027s Stone","Runic Dome"],"picked":"Lizard Tail"}],"items_purged_floors":[2,22],"is_endless":false,"potions_floor_spawned":[3,8,18,21,27],"killed_by":"Colosseum Slavers","ascension_level":6}