{"path_per_floor":["M","?","$","M","M","R","E","M","T","R","M","?","R","?","R","B",null,"M","$","M","M"],"character_chosen":"IRONCLAD","items_purchased":["Whetstone","Clash","Toxic Egg 2"],"gold_per_floor":[218,218,48,66,85,85,119,144,144,144,167,117,117,117,117,247,247,261,22,40,59],"floor_reached":22,"campfire_rested":0,"playtime":1564,"current_hp_per_floor":[70,70,70,74,74,74,56,57,57,57,63,63,63,48,48,21,61,48,48,48,42],"items_purged":[],"gold":59,"score":251,"play_id":"79845527-97b2-44d8-b48d-1ef467458286","is_prod":false,"is_daily":false,"is_ascension_mode":true,"campfire_upgraded":4,"path_taken":["M","?","$","?","M","R","E","M","T","R","M","?","R","?","R","BOSS","M","$","M","M","M"],"build_version":"2018-02-15-PROD1","purchased_purges":0,"victory":false,"master_deck":["Strike_R","Strike_R","Strike_R+1","Strike_R","Defend_R+1","Defend_R","Defend_R+1","Defend_R","Bash+1","Seeing Red","Clash","True Grit+1","Body Slam+1","Demon Form+1","Ghostly Armor+1","Barricade","Feel No Pain","Intimidate+1","Battle Trance+1"],"max_hp_per_floor":[80,74,74,74,74,74,74,74,74,74,74,74,74,74,74,74,74,74,74,74,74],"relics":["Burning Blood","Golden Idol","Whetstone","Omamori","Anchor","Sozu","Toxic Egg 2"],"card_choices":[{"not_picked":["Heavy Blade","Iron Wave"],"picked":"Seeing Red"},{"not_picked":["Reaper","Perfected Strike"],"picked":"True Grit"},{"not_picked":["Dual Wield","Bloodletting"],"picked":"Body Slam"},{"not_picked":["Evolve","Anger"],"picked":"Demon Form"},{"not_picked":["Carnage","Hemokinesis"],"picked":"Ghostly Armor"},{"not_picked":["Exhume","Berserk"],"picked":"Barricade"},{"not_picked":["Heavy Blade","Twin Strike"],"picked":"Feel No Pain"},{"not_picked":["Clothesline","Sever Soul"],"picked":"Intimidate"},{"not_picked":["Iron Wave","Twin Strike"],"picked":"Battle Trance"}],"player_experience":314073,"potions_floor_usage":[8],"damage_taken":[{"damage":8,"enemies":"2 Louse","floor":1,"turns":3},{"damage":0,"enemies":"Small Slimes","floor":4,"turns":2},{"damage":2,"enemies":"Jaw Worm","floor":5,"turns":5},{"damage":24,"enemies":"Gremlin Nob","floor":7,"turns":4},{"damage":5,"enemies":"Lots of Slimes","floor":8,"turns":2},{"damage":0,"enemies":"Looter","floor":11,"turns":2},{"damage":33,"enemies":"Slime Boss","floor":16,"turns":7},{"damage":19,"enemies":"Shell Parasite","floor":18,"turns":4},{"damage":6,"enemies":"Spheric Guardian","floor":20,"turns":5},{"damage":12,"enemies":"Centurion and Healer","floor":21,"turns":6},{"damage":46,"enemies":"Cultist and Chosen","floor":22,"turns":3}],"event_choices":[{"event_name":"Golden Idol","player_choice":"Lose Max HP","floor":2,"damage_taken":0},{"event_name":"The Cleric","player_choice":"Card Removal","floor":12,"damage_taken":0},{"event_name":"Shining Light","player_choice":"Entered Light","floor":14,"damage_taken":0}],"boss_relics":[{"not_picked":["Astrolabe","Mark of Pain"],"picked":"Sozu"}],"potions_floor_spawned":[1,4,8,18],"seed_played":"2903495084373410325","killed_by":"Cultist and Chosen","ascension_level":7,"is_trial":false}