{"gold_per_floor":[119,119,119,194,249,280,280,296,319,319,319,319,333,283,283,385,385,405,405,424,424,440,440,450,450,450,450,470,503,503,46,46,142,142,152,152,167,179,199,199,209,209,209,7,27,40,53,65,65,65],"floor_reached":51,"playtime":3118,"items_purged":["Strike_R","Strike_R","Strike_R+1"],"score":669,"play_id":"a5b61314-eaff-4c54-95c1-62c6c6908c2d","local_time":"20190810130726","is_ascension_mode":false,"campfire_choices":[{"floor":7.0,"key":"REST"},{"data":"Bash","floor":10.0,"key":"SMITH"},{"data":"Heavy Blade","floor":12.0,"key":"SMITH"},{"data":"Cleave","floor":15.0,"key":"SMITH"},{"data":"Evolve","floor":23.0,"key":"SMITH"},{"data":"Impervious","floor":25.0,"key":"SMITH"},{"data":"Battle Trance","floor":30.0,"key":"SMITH"},{"data":"Shrug It Off","floor":32.0,"key":"SMITH"},{"data":"Double Tap","floor":40,"key":"SMITH"},{"floor":49,"key":"REST"}],"neow_cost":"NONE","seed_source_timestamp":0,"circlet_count":0,"master_deck":["Defend_R+1","Defend_R+1","Defend_R+1","Defend_R+1","Bash+1","Headbutt","Heavy Blade+1","Cleave+1","Impervious+1","Evolve+1","Inflame+1","Ghostly Armor+1","Battle Trance+1","Shrug It Off+1","Double Tap+1","Dual Wield+1","Shrug It Off","Shrug It Off","Shrug It Off+1"],"special_seed":0,"relics":["Burning Blood","Tiny Chest","Smiling Mask","Dream Catcher","Cursed Key","War Paint","Bag of Preparation","HandDrill","Mark of Pain","Centennial Puzzle"],"potions_floor_usage":[50,50,50],"damage_taken":[{"damage":1.0,"enemies":"Jaw Worm","floor":1.0,"turns":3.0},{"damage":31.0,"enemies":"Lagavulin","floor":6.0,"turns":5.0},{"damage":0.0,"enemies":"Small Slimes","floor":8.0,"turns":3.0},{"damage":0.0,"enemies":"2 Louse","floor":13.0,"turns":2.0},{"damage":1.0,"enemies":"Slime Boss","floor":16.0,"turns":5.0},{"damage":0.0,"enemies":"3 Byrds","floor":18.0,"turns":5.0},{"damage":13.0,"enemies":"Shell Parasite","floor":20.0,"turns":6.0},{"damage":2.0,"enemies":"3 Cultists","floor":22.0,"turns":5.0},{"damage":16.0,"enemies":"Centurion and Healer","floor":24.0,"turns":5.0},{"damage":25.0,"enemies":"Shelled Parasite and Fungi","floor":28.0,"turns":5.0},{"damage":6.0,"enemies":"Gremlin Leader","floor":29.0,"turns":6.0},{"damage":39.0,"enemies":"Automaton","floor":33.0,"turns":16.0},{"damage":4,"enemies":"3 Darklings","floor":35,"turns":3},{"damage":10,"enemies":"3 Shapes","floor":37,"turns":4},{"damage":23,"enemies":"Maw","floor":38,"turns":6},{"damage":0,"enemies":"4 Shapes","floor":39,"turns":6},{"damage":3,"enemies":"Spire Growth","floor":41,"turns":4},{"damage":9,"enemies":"3 Darklings","floor":45,"turns":4},{"damage":1,"enemies":"Jaw Worm Horde","floor":46,"turns":2},{"damage":22,"enemies":"Transient","floor":47,"turns":5},{"damage":2,"enemies":"Sphere and 2 Shapes","floor":48,"turns":4},{"damage":66,"enemies":"Time Eater","floor":50,"turns":10}],"seed_played":"3564982002045749884","potions_obtained":[{"floor":1.0,"key":"Fire Potion"},{"floor":13.0,"key":"SteroidPotion"},{"floor":22.0,"key":"Regen Potion"},{"floor":24.0,"key":"AttackPotion"},{"floor":33.0,"key":"FearPotion"},{"floor":35,"key":"Strength Potion"},{"floor":38,"key":"Strength Potion"},{"floor":47,"key":"Strength Potion"}],"is_trial":false,"path_per_floor":["M","?","?","?","T","E","R","M","T","R","?","R","M","$","R","B",null,"M","?","M","T","M","R","M","R","T","?","M","E","R","$","R","B",null,"M","T","M","M","M","R","M","?","T","$","M","M","M","M","R","B",null],"character_chosen":"IRONCLAD","items_purchased":["Shrug It Off","Bag of Preparation","HandDrill","Centennial Puzzle"],"campfire_rested":2,"item_purchase_floors":[31,31,31,44],"current_hp_per_floor":[80,64,57,46,46,21,45,51,51,51,56,56,62,62,62,67,85,85,69,62,62,66,66,56,56,56,56,51,51,51,51,51,18,90,90,90,86,69,75,75,78,78,78,78,75,80,64,68,90,30],"gold":65,"neow_bonus":"REMOVE_CARD","is_prod":false,"is_daily":false,"chose_seed":false,"campfire_upgraded":8,"win_rate":0,"timestamp":1565456846,"path_taken":["M","?","?","?","?","E","R","M","T","R","?","R","M","$","R","BOSS","M","?","M","?","M","R","M","R","T","?","M","E","R","$","R","BOSS","M","?","M","M","M","R","M","?","T","$","M","M","M","M","R","BOSS"],"build_version":"2019-07-17","purchased_purges":3,"victory":true,"max_hp_per_floor":[80,80,80,80,80,80,80,80,80,80,85,85,85,85,85,85,85,85,90,90,90,90,90,90,90,90,90,90,90,90,90,90,90,90,90,90,90,90,90,90,90,90,90,90,90,90,90,90,90,90],"card_choices":[{"not_picked":["Metallicize","True Grit"],"picked":"Headbutt","floor":1.0},{"not_picked":["Infernal Blade","Twin Strike"],"picked":"Heavy Blade","floor":6.0},{"not_picked":["Headbutt","Sword Boomerang","Uppercut"],"picked":"SKIP","floor":8.0},{"not_picked":["Feed","Twin Strike"],"picked":"Cleave","floor":13.0},{"not_picked":["Feed","Fiend Fire"],"picked":"Impervious","floor":16.0},{"not_picked":["Anger","Headbutt"],"picked":"Evolve","floor":18.0},{"not_picked":["Wild Strike","Warcry"],"picked":"Inflame+1","floor":20.0},{"not_picked":["Headbutt","Dropkick","Blood for Blood"],"picked":"SKIP","floor":22.0},{"not_picked":["Spot Weakness","Clothesline+1","Heavy Blade"],"picked":"SKIP","floor":24.0},{"not_picked":["Seeing Red","Pummel"],"picked":"Ghostly Armor+1","floor":28.0},{"not_picked":["Heavy Blade","Offering"],"picked":"Battle Trance","floor":29.0},{"not_picked":["Fiend Fire","Feed"],"picked":"Double Tap","floor":33.0},{"not_picked":["Pummel","True Grit","Sword Boomerang+1"],"picked":"SKIP","floor":35},{"not_picked":["Fire Breathing+1","Rage","Pommel Strike"],"picked":"SKIP","floor":37},{"not_picked":["Fire Breathing+1","Rage","Pommel Strike"],"picked":"SKIP","floor":37},{"not_picked":["True Grit","Sword Boomerang"],"picked":"Dual Wield+1","floor":38},{"not_picked":["Armaments","Feel No Pain"],"picked":"Shrug It Off","floor":39},{"not_picked":["Sword Boomerang+1","Perfected Strike"],"picked":"Shrug It Off","floor":41},{"not_picked":["Battle Trance","Twin Strike","Combust+1"],"picked":"SKIP","floor":45},{"not_picked":["Cleave+1","Pommel Strike+1","Perfected Strike"],"picked":"SKIP","floor":46},{"not_picked":["Perfected Strike","Cleave+1","Dark Embrace"],"picked":"SKIP","floor":47},{"not_picked":["Clothesline+1","Infernal Blade+1","Rage"],"picked":"SKIP","floor":48},{"not_picked":["Body Slam","Sever Soul+1"],"picked":"Shrug It Off+1","floor":49}],"player_experience":959850,"relics_obtained":[{"floor":5.0,"key":"Tiny Chest"},{"floor":6.0,"key":"Smiling Mask"},{"floor":9.0,"key":"Dream Catcher"},{"floor":29.0,"key":"War Paint"}],"event_choices":[{"damage_healed":0.0,"max_hp_gain":0.0,"max_hp_loss":0.0,"gold_gain":0.0,"event_name":"Shining Light","player_choice":"Entered Light","floor":2.0,"gold_loss":0.0,"damage_taken":16.0,"cards_upgraded":["Defend_R","Strike_R"]},{"cards_removed":["Strike_R"],"damage_healed":0.0,"max_hp_gain":0.0,"max_hp_loss":0.0,"gold_gain":0.0,"event_name":"Golden Wing","player_choice":"Card Removal","floor":3.0,"gold_loss":0.0,"damage_taken":7.0},{"damage_healed":0.0,"max_hp_gain":0.0,"max_hp_loss":0.0,"gold_gain":75.0,"event_name":"World of Goop","player_choice":"Gather Gold","floor":4.0,"gold_loss":0.0,"damage_taken":11.0},{"damage_healed":0.0,"max_hp_gain":5.0,"max_hp_loss":0.0,"gold_gain":0.0,"event_name":"Big Fish","player_choice":"Donut","floor":11.0,"gold_loss":0.0,"damage_taken":0.0},{"damage_healed":0.0,"max_hp_gain":5.0,"max_hp_loss":0.0,"gold_gain":0.0,"event_name":"Forgotten Altar","player_choice":"Shed Blood","floor":19.0,"gold_loss":0.0,"damage_taken":21.0},{"damage_healed":0.0,"max_hp_gain":0.0,"max_hp_loss":0.0,"gold_gain":0.0,"event_name":"Accursed Blacksmith","player_choice":"Forge","floor":27.0,"gold_loss":0.0,"damage_taken":0.0,"cards_upgraded":["Defend_R"]},{"damage_healed":0,"gold_gain":0,"player_choice":"Ignored","damage_taken":0,"max_hp_gain":0,"max_hp_loss":0,"event_name":"Mysterious Sphere","floor":42,"gold_loss":0}],"is_beta":false,"boss_relics":[{"not_picked":["Empty Cage","Coffee Dripper"],"picked":"Cursed Key"},{"not_picked":["Black Blood","Philosopher\u0027s Stone"],"picked":"Mark of Pain"}],"items_purged_floors":[14,31,44],"is_endless":false,"potions_floor_spawned":[1,13,22,24,33,35,38,41,47,48],"ascension_level":0}