{"gold_per_floor":[112,71,71,86,97,127,144,157,157,157,30,30,43,57,57,157,157,177,177,189,65,84,34,34,95,95,95],"floor_reached":27,"playtime":2336,"items_purged":["Strike_G","Defend_G","Strike_G"],"score":364,"play_id":"c89ba599-4f4d-40e4-9761-aef2da7c3653","local_time":"20190811174733","is_ascension_mode":true,"campfire_choices":[{"floor":15,"key":"REST"},{"floor":24,"key":"REST"}],"neow_cost":"NONE","seed_source_timestamp":80775500190600,"circlet_count":0,"master_deck":["Strike_G","Strike_G","Defend_G","Defend_G","Defend_G","Survivor","Neutralize","Noxious Fumes","Footwork+1","Prepared","Dagger Throw","Concentrate","Calculated Gamble","Dagger Spray","Footwork","Footwork","Heel Hook","Venomology","Deadly Poison","Corpse Explosion","Backstab","Deflect","Outmaneuver","Deadly Poison+1","A Thousand Cuts","Poisoned Stab","Concentrate+1"],"relics":["Runic Pyramid","Matryoshka","Smiling Mask","Sundial","Ornamental Fan","Orrery","Tiny Chest","Anchor","Paper Crane"],"potions_floor_usage":[6,6,6,7,13,13,18,18,25,25,25,27],"damage_taken":[{"damage":0,"enemies":"2 Louse","floor":1,"turns":3},{"damage":0,"enemies":"Cultist","floor":4,"turns":5},{"damage":8,"enemies":"Jaw Worm","floor":5,"turns":5},{"damage":0,"enemies":"Lagavulin","floor":6,"turns":7},{"damage":10,"enemies":"3 Louse","floor":7,"turns":4},{"damage":0,"enemies":"2 Fungi Beasts","floor":8,"turns":4},{"damage":0,"enemies":"Gremlin Gang","floor":13,"turns":3},{"damage":17,"enemies":"Looter","floor":14,"turns":4},{"damage":17,"enemies":"The Guardian","floor":16,"turns":14},{"damage":20,"enemies":"3 Byrds","floor":18,"turns":5},{"damage":19,"enemies":"Spheric Guardian","floor":20,"turns":7},{"damage":0,"enemies":"3 Cultists","floor":22,"turns":3},{"damage":14,"enemies":"Gremlin Leader","floor":25,"turns":9},{"damage":31,"enemies":"Chosen and Byrds","floor":27,"turns":7}],"seed_played":"7787745188720869208","potions_obtained":[{"floor":1,"key":"Poison Potion"},{"floor":4,"key":"EntropicBrew"},{"floor":7,"key":"Explosive Potion"},{"floor":16,"key":"GamblersBrew"},{"floor":22,"key":"SteroidPotion"}],"is_trial":false,"path_per_floor":["M","$","?","M","M","E","M","M","T","?","$","?","M","M","R","B",null,"M","?","M","$","M","$","R","E","T","M"],"character_chosen":"THE_SILENT","items_purchased":["Footwork","Footwork","EssenceOfSteel"],"campfire_rested":2,"item_purchase_floors":[2,11,21],"current_hp_per_floor":[63,63,63,63,55,55,45,45,45,45,45,27,27,10,31,14,56,36,36,17,17,17,17,38,24,24,0],"gold":95,"neow_bonus":"BOSS_RELIC","is_prod":false,"is_daily":false,"chose_seed":false,"campfire_upgraded":0,"win_rate":0,"timestamp":1565570853,"path_taken":["M","$","?","?","M","E","M","M","T","?","$","?","M","M","R","BOSS","M","?","?","$","?","$","R","E","T","M"],"build_version":"2019-07-17","purchased_purges":3,"victory":false,"max_hp_per_floor":[70,70,70,70,70,70,70,70,70,70,70,70,70,70,70,70,70,70,70,70,70,70,70,70,70,70,70],"card_choices":[{"not_picked":["Masterful Stab","Dodge and Roll"],"picked":"Noxious Fumes","floor":1},{"not_picked":["Slice","Quick Slash"],"picked":"Prepared","floor":4},{"not_picked":["Slice","Backflip"],"picked":"Dagger Throw","floor":5},{"not_picked":["PiercingWail","Infinite Blades"],"picked":"Concentrate","floor":6},{"not_picked":["Slice","Distraction"],"picked":"Calculated Gamble","floor":7},{"not_picked":["Leg Sweep","Cloak And Dagger"],"picked":"Dagger Spray","floor":8},{"not_picked":["Blade Dance","Deflect"],"picked":"Footwork","floor":13},{"not_picked":["Eviscerate","Quick Slash"],"picked":"Heel Hook","floor":14},{"not_picked":["Burst","Wraith Form v2"],"picked":"Venomology","floor":16},{"not_picked":["Sucker Punch","Slice"],"picked":"Deadly Poison","floor":17},{"not_picked":["Dash","Footwork"],"picked":"Corpse Explosion","floor":17},{"not_picked":["Underhanded Strike","Concentrate"],"picked":"Backstab","floor":17},{"not_picked":["Reflex","Flying Knee"],"picked":"Deflect","floor":17},{"not_picked":["Quick Slash","Dash"],"picked":"Outmaneuver","floor":17},{"not_picked":["Calculated Gamble","Sucker Punch+1"],"picked":"Deadly Poison+1","floor":18},{"not_picked":["Calculated Gamble","Dagger Throw"],"picked":"A Thousand Cuts","floor":20},{"not_picked":["Choke","Distraction+1"],"picked":"Poisoned Stab","floor":22},{"not_picked":["Dagger Throw+1","Dagger Spray"],"picked":"Concentrate+1","floor":25}],"player_experience":295280,"relics_obtained":[{"floor":6,"key":"Matryoshka"},{"floor":9,"key":"Smiling Mask"},{"floor":9,"key":"Sundial"},{"floor":25,"key":"Tiny Chest"},{"floor":26,"key":"Anchor"},{"floor":26,"key":"Paper Crane"}],"event_choices":[{"damage_healed":0,"gold_gain":0,"player_choice":"Upgraded","damage_taken":0,"max_hp_gain":0,"max_hp_loss":0,"event_name":"Upgrade Shrine","floor":3,"gold_loss":0,"cards_upgraded":["Footwork"]},{"cards_removed":["Defend_G"],"damage_healed":0,"gold_gain":0,"player_choice":"Forget","damage_taken":0,"max_hp_gain":0,"max_hp_loss":0,"event_name":"Living Wall","floor":10,"gold_loss":0},{"damage_healed":0,"gold_gain":0,"player_choice":"Success","damage_taken":18,"relics_obtained":["Ornamental Fan"],"max_hp_gain":0,"max_hp_loss":0,"event_name":"Scrap Ooze","floor":12,"gold_loss":0},{"cards_removed":["Strike_G"],"damage_healed":0,"gold_gain":0,"player_choice":"Purged","damage_taken":0,"max_hp_gain":0,"max_hp_loss":0,"event_name":"Purifier","floor":19,"gold_loss":0}],"is_beta":false,"boss_relics":[{"not_picked":["Velvet Choker","Busted Crown"],"picked":"Orrery"}],"items_purged_floors":[11,21,23],"is_endless":false,"potions_floor_spawned":[1,4,7,16,22],"killed_by":"Chosen and Byrds","ascension_level":8}