{"gold_per_floor":[117,129,144,144,144,144,73,73,99,113,143,159,488,500,500,595,595,613,457,457,90,118,150,249,249,249,261,296,296,308,341,341,439,439,459,479,81,99,99,126,126,88,88,104,104,119,154,164,164,164],"floor_reached":51,"playtime":3378,"items_purged":["Strike_B","Strike_B"],"score":1090,"play_id":"315cff82-c82e-40c9-aec6-419ea4dd04e1","local_time":"20190722223214","is_ascension_mode":true,"campfire_choices":[{"data":"Hello World","floor":6,"key":"SMITH"},{"data":"Buffer","floor":8,"key":"SMITH"},{"data":"Storm","floor":15,"key":"SMITH"},{"data":"Capacitor","floor":25,"key":"SMITH"},{"data":"Chrysalis","floor":29,"key":"SMITH"},{"data":"Static Discharge","floor":32,"key":"SMITH"},{"floor":45,"key":"RECALL"},{"floor":49,"key":"REST"}],"neow_cost":"TEN_PERCENT_HP_LOSS","seed_source_timestamp":1227570007089527,"circlet_count":0,"master_deck":["Strike_B+1","Strike_B+1","Defend_B+1","Defend_B+1","Defend_B+1","Defend_B+1","Zap+1","Dualcast+1","Buffer+1","Hello World+1","Ball Lightning+1","Cold Snap+1","Capacitor+1","Static Discharge+1","Compile Driver+1","Barrage+1","Storm+1","Cold Snap+1","Thunder Strike+1","Sweeping Beam+1","Storm+1","Self Repair+1","Backflip+1","Chrysalis+1","After Image+1","Capacitor","Body Slam+1"],"relics":["Cracked Core","Omamori","Mummified Hand","Bronze Scales","Whetstone","Old Coin","White Beast Statue","PrismaticShard","Red Mask","Strawberry","Art of War","Mercury Hourglass","Ornamental Fan","Fusion Hammer","Anchor","Singing Bowl","Mark of the Bloom","Gremlin Horn","Cables","War Paint"],"potions_floor_usage":[11,11,13,18,22,23,31,33,33,33,36,44,47,48,50,50,50],"damage_taken":[{"damage":0,"enemies":"Small Slimes","floor":1,"turns":2},{"damage":2,"enemies":"Jaw Worm","floor":2,"turns":4},{"damage":0,"enemies":"Cultist","floor":3,"turns":3},{"damage":0,"enemies":"3 Louse","floor":10,"turns":2},{"damage":10,"enemies":"3 Sentries","floor":11,"turns":5},{"damage":0,"enemies":"Exordium Wildlife","floor":12,"turns":4},{"damage":0,"enemies":"Lagavulin","floor":13,"turns":6},{"damage":8,"enemies":"Blue Slaver","floor":14,"turns":3},{"damage":0,"enemies":"Slime Boss","floor":16,"turns":6},{"damage":4,"enemies":"3 Byrds","floor":18,"turns":3},{"damage":13,"enemies":"Masked Bandits","floor":22,"turns":3},{"damage":10,"enemies":"Book of Stabbing","floor":23,"turns":2},{"damage":0,"enemies":"Spheric Guardian","floor":27,"turns":2},{"damage":4,"enemies":"Gremlin Leader","floor":28,"turns":4},{"damage":6,"enemies":"Chosen and Byrds","floor":30,"turns":3},{"damage":17,"enemies":"Slavers","floor":31,"turns":3},{"damage":25,"enemies":"Champ","floor":33,"turns":7},{"damage":40,"enemies":"3 Darklings","floor":35,"turns":3},{"damage":0,"enemies":"3 Shapes","floor":36,"turns":3},{"damage":0,"enemies":"Spire Growth","floor":38,"turns":3},{"damage":3,"enemies":"Giant Head","floor":40,"turns":6},{"damage":2,"enemies":"4 Shapes","floor":44,"turns":2},{"damage":0,"enemies":"Jaw Worm Horde","floor":46,"turns":2},{"damage":2,"enemies":"Reptomancer","floor":47,"turns":3},{"damage":0,"enemies":"Sphere and 2 Shapes","floor":48,"turns":2},{"damage":28,"enemies":"Awakened One","floor":50,"turns":7}],"seed_played":"-7733680593292283449","potions_obtained":[{"floor":1,"key":"LiquidBronze"},{"floor":3,"key":"Regen Potion"},{"floor":12,"key":"AttackPotion"},{"floor":13,"key":"SteroidPotion"},{"floor":18,"key":"Fire Potion"},{"floor":22,"key":"Poison Potion"},{"floor":23,"key":"SteroidPotion"},{"floor":27,"key":"Swift Potion"},{"floor":28,"key":"Ancient Potion"},{"floor":30,"key":"Ancient Potion"},{"floor":31,"key":"Poison Potion"},{"floor":33,"key":"Fire Potion"},{"floor":35,"key":"Poison Potion"},{"floor":36,"key":"GamblersBrew"},{"floor":38,"key":"Ancient Potion"},{"floor":40,"key":"EssenceOfSteel"},{"floor":44,"key":"Explosive Potion"},{"floor":47,"key":"Regen Potion"},{"floor":48,"key":"GamblersBrew"}],"is_trial":false,"path_per_floor":["M","M","M","?","T","R","$","R","T","M","E","M","E","M","R","B",null,"M","$","?","$","?","E","?","R","T","M","E","R","M","E","R","B",null,"M","M","$","M","?","E","?","$","T","M","R","M","E","M","R","B",null],"character_chosen":"DEFECT","items_purchased":["Capacitor","Storm","Self Repair","PrismaticShard","Anchor","Singing Bowl","Capacitor"],"campfire_rested":1,"item_purchase_floors":[7,19,21,21,37,37,42],"current_hp_per_floor":[68,66,66,54,54,54,54,54,54,54,58,58,58,50,50,50,64,60,60,60,60,54,58,58,58,58,58,61,61,55,45,45,27,63,30,37,37,39,39,36,36,36,36,34,34,34,32,32,32,4],"gold":164,"neow_bonus":"THREE_RARE_CARDS","is_prod":false,"is_daily":false,"chose_seed":false,"campfire_upgraded":6,"win_rate":0,"timestamp":1563859934,"path_taken":["M","M","M","?","?","R","$","R","T","?","E","M","E","M","R","BOSS","M","$","?","$","?","E","?","R","T","M","E","R","M","E","R","BOSS","M","M","$","M","?","E","?","?","T","?","R","M","E","M","R","BOSS"],"build_version":"2019-07-17","purchased_purges":2,"victory":true,"max_hp_per_floor":[68,68,68,68,68,68,68,68,68,68,68,68,68,68,68,68,68,68,68,68,68,68,75,75,75,75,75,75,75,75,75,75,75,75,75,75,75,77,77,79,75,75,75,77,77,79,79,81,81,81],"card_choices":[{"not_picked":["Fission","Multi-Cast"],"picked":"Buffer","floor":0},{"not_picked":["Gash","Steam"],"picked":"Hello World","floor":1},{"not_picked":["Turbo","Leap"],"picked":"Ball Lightning","floor":2},{"not_picked":["Ball Lightning","Force Field"],"picked":"Cold Snap","floor":3},{"not_picked":["Redo","Conserve Battery"],"picked":"Static Discharge","floor":10},{"not_picked":["Lockon","Blizzard"],"picked":"Compile Driver","floor":11},{"not_picked":["Rebound","Double Energy"],"picked":"Barrage","floor":12},{"not_picked":["Chill","White Noise"],"picked":"Storm","floor":13},{"not_picked":["Coolheaded","Beam Cell"],"picked":"Cold Snap","floor":14},{"not_picked":["Fission","Reboot"],"picked":"Thunder Strike","floor":16},{"not_picked":["Go for the Eyes","Glacier"],"picked":"Sweeping Beam","floor":18},{"not_picked":["Headbutt+1","Glacier"],"picked":"Backflip+1","floor":23},{"not_picked":["Scrape","Predator+1","Flechettes"],"picked":"SKIP","floor":27},{"not_picked":["Headbutt","Anger"],"picked":"Chrysalis","floor":28},{"not_picked":["Rip and Tear","Sucker Punch","Warcry"],"picked":"SKIP","floor":30},{"not_picked":["Dagger Throw","Twin Strike+1","Heavy Blade"],"picked":"SKIP","floor":31},{"not_picked":["Immolate","All For One"],"picked":"After Image","floor":33},{"not_picked":["Reflex+1","Flying Knee+1","Deflect+1"],"picked":"SKIP","floor":35},{"not_picked":["Streamline+1","Clash","Double Energy"],"picked":"SKIP","floor":36},{"not_picked":["Flying Knee","Flex+1","Dagger Spray"],"picked":"Singing Bowl","floor":38},{"not_picked":["Loop","Fire Breathing","All Out Attack+1"],"picked":"Singing Bowl","floor":40},{"not_picked":["Dagger Spray","Leg Sweep+1","Bane"],"picked":"Singing Bowl","floor":44},{"not_picked":["Backflip","Exhume","Blade Dance"],"picked":"Singing Bowl","floor":46},{"not_picked":["Blade Dance","PiercingWail+1"],"picked":"Body Slam+1","floor":47},{"not_picked":["Quick Slash+1","Whirlwind+1","Armaments"],"picked":"Singing Bowl","floor":48}],"player_experience":379516,"relics_obtained":[{"floor":5,"key":"Mummified Hand"},{"floor":9,"key":"Bronze Scales"},{"floor":11,"key":"Whetstone"},{"floor":13,"key":"Old Coin"},{"floor":22,"key":"Red Mask"},{"floor":23,"key":"Strawberry"},{"floor":26,"key":"Art of War"},{"floor":28,"key":"Mercury Hourglass"},{"floor":31,"key":"Ornamental Fan"},{"floor":40,"key":"Gremlin Horn"},{"floor":43,"key":"Cables"},{"floor":47,"key":"War Paint"}],"event_choices":[{"damage_healed":0,"gold_gain":0,"player_choice":"Success","damage_taken":12,"relics_obtained":["Omamori"],"max_hp_gain":0,"max_hp_loss":0,"event_name":"Scrap Ooze","floor":4,"gold_loss":0},{"damage_healed":0,"gold_gain":0,"player_choice":"Ignored","damage_taken":0,"max_hp_gain":0,"max_hp_loss":0,"event_name":"Vampires","floor":20,"gold_loss":0},{"damage_healed":0,"gold_gain":0,"player_choice":"Fought Bandits","damage_taken":0,"max_hp_gain":0,"max_hp_loss":0,"event_name":"Masked Bandits","floor":22,"gold_loss":0},{"damage_healed":0,"gold_gain":99,"player_choice":"Stole From Cult","damage_taken":0,"max_hp_gain":0,"max_hp_loss":0,"event_name":"Nest","floor":24,"gold_loss":0},{"damage_healed":0,"gold_gain":0,"player_choice":"Upgrade","damage_taken":0,"relics_obtained":["Mark of the Bloom"],"max_hp_gain":0,"max_hp_loss":0,"event_name":"MindBloom","floor":39,"gold_loss":0,"cards_upgraded":["Strike_B","Defend_B","Defend_B","Defend_B","Defend_B","Zap","Dualcast","Cold Snap","Compile Driver","Barrage","Cold Snap","Thunder Strike","Sweeping Beam","Storm","Self Repair","After Image"]},{"damage_healed":0,"gold_gain":0,"player_choice":"Max HP","damage_taken":0,"max_hp_gain":0,"max_hp_loss":4,"event_name":"Winding Halls","floor":41,"gold_loss":0}],"is_beta":false,"boss_relics":[{"not_picked":["Pandora\u0027s Box","Runic Pyramid"],"picked":"White Beast Statue"},{"not_picked":["Calling Bell","Philosopher\u0027s Stone"],"picked":"Fusion Hammer"}],"items_purged_floors":[19,21],"is_endless":false,"potions_floor_spawned":[1,3,12,13,18,22,23,27,28,30,31,33,35,36,38,40,44,46,47,48],"ascension_level":6}