{"gold_per_floor":[118,145,26,36,36,36,70,70,70,86,86,96,21,39,39,115,115,134,134,134,134,154,154,174,191,191,191,218,218,237,247,247,324,324,336,355,40,60,60,60,89,89,114,134,134,145,160,178,178,178],"floor_reached":50,"playtime":6052,"items_purged":["Writhe"],"score":1037,"play_id":"6340e239-b21b-4a12-83b9-599a0b037747","local_time":"20190603014102","is_ascension_mode":true,"campfire_choices":[{"data":"Choke","floor":6.0,"key":"SMITH"},{"data":"Finisher","floor":15.0,"key":"SMITH"},{"data":"Well Laid Plans","floor":23.0,"key":"SMITH"},{"floor":27.0,"key":"REST"},{"data":"Prepared","floor":29.0,"key":"SMITH"},{"floor":32.0,"key":"REST"},{"floor":40,"key":"REST"},{"floor":42,"key":"REST"},{"floor":45,"key":"REST"},{"floor":49,"key":"REST"}],"neow_cost":"NONE","seed_source_timestamp":0,"circlet_count":0,"master_deck":["AscendersBane","Defend_G","Defend_G+1","Defend_G","Defend_G+1","Defend_G","Strike_G","Survivor","Neutralize","Distraction","Well Laid Plans+1","Choke+1","Distraction","Malaise","Dagger Spray","Backstab","Finisher+1","After Image","Endless Agony","Prepared+1","Quick Slash","Cloak And Dagger+1","Quick Slash","Infinite Blades","Night Terror","Phantasmal Killer","Expertise+1","Backstab","Footwork","Caltrops+1"],"special_seed":0,"relics":["Ring of the Snake","NeowsBlessing","Happy Flower","Strawberry","Blue Candle","Anchor","Runic Dome","Enchiridion","Letter Opener","Bottled Lightning","Ninja Scroll","Fusion Hammer","Potion Belt","War Paint","Orichalcum"],"potions_floor_usage":[41,48,48,50],"damage_taken":[{"damage":0.0,"enemies":"Cultist","floor":1.0,"turns":1.0},{"damage":0.0,"enemies":"Jaw Worm","floor":4.0,"turns":1.0},{"damage":0.0,"enemies":"Lagavulin","floor":7.0,"turns":2.0},{"damage":12.0,"enemies":"Small Slimes","floor":10.0,"turns":6.0},{"damage":1.0,"enemies":"Looter","floor":12.0,"turns":2.0},{"damage":0.0,"enemies":"Large Slime","floor":14.0,"turns":6.0},{"damage":18.0,"enemies":"Hexaghost","floor":16.0,"turns":16.0},{"damage":0.0,"enemies":"2 Thieves","floor":18.0,"turns":5.0},{"damage":7.0,"enemies":"Spheric Guardian","floor":22.0,"turns":4.0},{"damage":5.0,"enemies":"3 Cultists","floor":24.0,"turns":4.0},{"damage":8.0,"enemies":"Shelled Parasite and Fungi","floor":25.0,"turns":7.0},{"damage":1.0,"enemies":"Slavers","floor":28.0,"turns":1.0},{"damage":9.0,"enemies":"Snake Plant","floor":30.0,"turns":4.0},{"damage":8.0,"enemies":"3 Cultists","floor":31.0,"turns":4.0},{"damage":16.0,"enemies":"Champ","floor":33.0,"turns":10.0},{"damage":0.0,"enemies":"3 Shapes","floor":35.0,"turns":2.0},{"damage":13.0,"enemies":"3 Darklings","floor":36.0,"turns":4.0},{"damage":5,"enemies":"4 Shapes","floor":38,"turns":6},{"damage":45,"enemies":"Reptomancer","floor":41,"turns":5},{"damage":0,"enemies":"Maw","floor":44,"turns":8},{"damage":19,"enemies":"Spire Growth","floor":46,"turns":3},{"damage":16,"enemies":"3 Darklings","floor":47,"turns":3},{"damage":17,"enemies":"Writhing Mass","floor":48,"turns":6},{"damage":62,"enemies":"Time Eater","floor":50,"turns":5}],"seed_played":"8283595233600582137","potions_obtained":[{"floor":7.0,"key":"Swift Potion"},{"floor":10.0,"key":"Poison Potion"},{"floor":12.0,"key":"LiquidBronze"},{"floor":16.0,"key":"Block Potion"},{"floor":22.0,"key":"PowerPotion"},{"floor":25.0,"key":"Strength Potion"},{"floor":28.0,"key":"LiquidBronze"},{"floor":31.0,"key":"Block Potion"},{"floor":36.0,"key":"Fruit Juice"},{"floor":38,"key":"Explosive Potion"},{"floor":41,"key":"Poison Potion"},{"floor":46,"key":"SkillPotion"},{"floor":47,"key":"Regen Potion"}],"is_trial":false,"path_per_floor":["M","T","$","M","?","R","E","?","T","M","?","M","?","M","R","B",null,"M","?","?","?","M","R","M","M","T","R","E","R","M","M","R","B",null,"M","M","$","M","?","R","E","R","T","M","R","M","M","M","R","B"],"character_chosen":"THE_SILENT","items_purchased":["Well Laid Plans","Choke","Footwork","Potion Belt"],"campfire_rested":6,"item_purchase_floors":[3,3,37,37],"current_hp_per_floor":[59,59,59,59,52,52,59,59,59,47,42,41,41,41,41,23,61,61,40,40,40,33,33,28,20,20,41,40,40,31,23,44,28,62,62,54,54,49,49,72,27,50,50,50,73,54,38,36,59,0],"gold":178,"neow_bonus":"THREE_ENEMY_KILL","is_prod":false,"is_daily":false,"chose_seed":false,"campfire_upgraded":4,"win_rate":0,"timestamp":1559540462,"path_taken":["M","?","?","?","?","R","E","?","T","M","?","M","?","M","R","BOSS","M","?","?","?","M","R","M","M","T","R","E","R","M","M","R","BOSS","M","M","$","?","?","R","E","R","T","M","R","M","M","?","R","BOSS"],"build_version":"2019-01-23","purchased_purges":1,"victory":false,"max_hp_per_floor":[66,66,66,66,66,66,73,73,73,73,73,73,73,73,73,73,73,73,73,73,73,73,73,73,73,73,73,73,73,73,73,73,73,73,73,78,78,78,78,78,78,78,78,78,78,78,78,78,78,78],"card_choices":[{"not_picked":["Deflect","Slice"],"picked":"Distraction","floor":1.0},{"not_picked":["Eviscerate","Underhanded Strike"],"picked":"Distraction","floor":4.0},{"not_picked":["Blur","Endless Agony"],"picked":"Malaise","floor":7.0},{"not_picked":["Expertise","Prepared"],"picked":"Dagger Spray","floor":10.0},{"not_picked":["Calculated Gamble","Blade Dance"],"picked":"Backstab","floor":12.0},{"not_picked":["Deadly Poison","Flechettes"],"picked":"Finisher","floor":14.0},{"not_picked":["Corpse Explosion","Venomology"],"picked":"After Image","floor":16.0},{"not_picked":["Tactician","Finisher"],"picked":"Endless Agony","floor":18.0},{"not_picked":["Poisoned Stab","Deadly Poison"],"picked":"Quick Slash","floor":22.0},{"not_picked":["Blade Dance","Dagger Throw"],"picked":"Cloak And Dagger+1","floor":24.0},{"not_picked":["Acrobatics","Dagger Throw"],"picked":"Quick Slash","floor":25.0},{"not_picked":["Concentrate","Noxious Fumes+1"],"picked":"Infinite Blades","floor":28.0},{"not_picked":["Dodge and Roll","Prepared+1","Poisoned Stab"],"picked":"SKIP","floor":30.0},{"not_picked":["Slice","Outmaneuver+1"],"picked":"Night Terror","floor":31.0},{"not_picked":["Malaise","Wraith Form v2"],"picked":"Phantasmal Killer","floor":33.0},{"not_picked":["Dagger Spray","Leg Sweep"],"picked":"Expertise+1","floor":35.0},{"not_picked":["Dodge and Roll+1","Heel Hook","Backstab"],"picked":"SKIP","floor":36.0},{"not_picked":["Dodge and Roll+1","Heel Hook"],"picked":"Backstab","floor":36.0},{"not_picked":["Poisoned Stab","Deadly Poison+1","Escape Plan"],"picked":"SKIP","floor":38},{"not_picked":["Poisoned Stab","Accuracy"],"picked":"Caltrops+1","floor":41},{"not_picked":["Bouncing Flask+1","Dagger Spray+1","Outmaneuver+1"],"picked":"SKIP","floor":44},{"not_picked":["Expertise+1","Sucker Punch","Dagger Spray"],"picked":"SKIP","floor":46},{"not_picked":["Dagger Throw","Eviscerate","Outmaneuver"],"picked":"SKIP","floor":47},{"not_picked":["Finisher","Prepared","Calculated Gamble"],"picked":"SKIP","floor":48}],"player_experience":835365,"relics_obtained":[{"floor":2.0,"key":"Happy Flower"},{"floor":7.0,"key":"Strawberry"},{"floor":9.0,"key":"Blue Candle"},{"floor":19.0,"key":"Enchiridion"},{"floor":26.0,"key":"Bottled Lightning"},{"floor":28.0,"key":"Ninja Scroll"},{"floor":41,"key":"War Paint"},{"floor":43,"key":"Orichalcum"}],"event_choices":[{"cards_removed":["Strike_G"],"damage_healed":0.0,"max_hp_gain":0.0,"max_hp_loss":0.0,"gold_gain":0.0,"event_name":"Golden Wing","player_choice":"Card Removal","floor":5.0,"gold_loss":0.0,"damage_taken":7.0},{"cards_removed":["Strike_G"],"damage_healed":0.0,"max_hp_gain":0.0,"max_hp_loss":0.0,"gold_gain":0.0,"event_name":"Living Wall","player_choice":"Forget","floor":8.0,"gold_loss":0.0,"damage_taken":0.0},{"damage_healed":0.0,"max_hp_gain":0.0,"max_hp_loss":0.0,"gold_gain":0.0,"event_name":"Scrap Ooze","player_choice":"Success","floor":11.0,"gold_loss":0.0,"damage_taken":5.0,"relics_obtained":["Anchor"]},{"cards_removed":["Strike_G"],"damage_healed":0.0,"max_hp_gain":0.0,"max_hp_loss":0.0,"gold_gain":0.0,"event_name":"The Cleric","player_choice":"Card Removal","floor":13.0,"gold_loss":75.0,"damage_taken":0.0},{"damage_healed":0.0,"max_hp_gain":0.0,"max_hp_loss":0.0,"gold_gain":0.0,"event_name":"Cursed Tome","player_choice":"Obtained Book","floor":19.0,"gold_loss":0.0,"damage_taken":21.0},{"damage_healed":0.0,"max_hp_gain":0.0,"max_hp_loss":0.0,"gold_gain":0.0,"event_name":"The Mausoleum","player_choice":"Opened","floor":20.0,"gold_loss":0.0,"damage_taken":0.0,"relics_obtained":["Letter Opener"],"cards_obtained":["Writhe"]},{"damage_healed":0.0,"max_hp_gain":0.0,"max_hp_loss":0.0,"gold_gain":0.0,"event_name":"Match and Keep!","player_choice":"1 cards matched","floor":21.0,"gold_loss":0.0,"damage_taken":0.0,"cards_obtained":["Prepared"]},{"cards_removed":["Strike_G"],"damage_healed":0,"gold_gain":0,"player_choice":"Purged","damage_taken":0,"max_hp_gain":0,"max_hp_loss":0,"event_name":"Purifier","floor":39,"gold_loss":0}],"is_beta":false,"boss_relics":[{"not_picked":["Snecko Eye","Black Star"],"picked":"Runic Dome"},{"not_picked":["Tiny House","WristBlade"],"picked":"Fusion Hammer"}],"items_purged_floors":[37],"is_endless":false,"potions_floor_spawned":[7,10,12,16,22,25,28,31,36,38,41,46,47],"killed_by":"Time Eater","ascension_level":18}