{"gold_per_floor":[113,288,288,306,325,388,62,78,102,69,69,79,94,113,113,209,209,224,240,240],"floor_reached":20,"playtime":1416,"items_purged":["Doubt"],"score":205,"play_id":"1ffb7960-60ce-4c4e-a7cc-250255d0ff0d","local_time":"20190706164040","is_ascension_mode":true,"campfire_choices":[{"floor":11,"key":"REST"},{"floor":15,"key":"REST"}],"neow_cost":"NONE","seed_source_timestamp":85669651323813,"circlet_count":0,"master_deck":["Strike_G","Strike_G","Strike_G","Strike_G","Defend_G","Defend_G","Defend_G","Defend_G","Survivor","Neutralize","Bane","Decay","Outmaneuver","Flying Knee","Quick Slash","Escape Plan","Quick Slash","Noxious Fumes","Flying Knee","Unload","Escape Plan","Bane"],"relics":["Lizard Tail","Tiny Chest","Kunai","Anchor","Empty Cage"],"potions_floor_usage":[6,6,16,19],"damage_taken":[{"damage":2,"enemies":"Jaw Worm","floor":1,"turns":7},{"damage":7,"enemies":"Small Slimes","floor":4,"turns":4},{"damage":23,"enemies":"Cultist","floor":5,"turns":7},{"damage":22,"enemies":"Lagavulin","floor":6,"turns":5},{"damage":10,"enemies":"Red Slaver","floor":8,"turns":4},{"damage":0,"enemies":"2 Fungi Beasts","floor":12,"turns":3},{"damage":0,"enemies":"Looter","floor":13,"turns":3},{"damage":9,"enemies":"Red Slaver","floor":14,"turns":4},{"damage":39,"enemies":"Hexaghost","floor":16,"turns":11},{"damage":32,"enemies":"Spheric Guardian","floor":18,"turns":6},{"damage":14,"enemies":"3 Byrds","floor":19,"turns":5},{"damage":31,"enemies":"Sentry and Sphere","floor":20,"turns":4}],"seed_played":"186243239079725167","potions_obtained":[{"floor":4,"key":"Poison Potion"},{"floor":5,"key":"SkillPotion"},{"floor":14,"key":"Poison Potion"},{"floor":18,"key":"SneckoOil"}],"is_trial":false,"path_per_floor":["M","?","?","M","M","E","$","M","T","?","R","M","M","M","R","B",null,"M","M","M"],"character_chosen":"THE_SILENT","items_purchased":["Kunai"],"campfire_rested":2,"item_purchase_floors":[7],"current_hp_per_floor":[68,68,68,61,38,16,16,6,6,6,27,27,27,18,39,35,70,38,24,0],"gold":240,"neow_bonus":"BOSS_RELIC","is_prod":false,"is_daily":false,"chose_seed":false,"campfire_upgraded":0,"win_rate":0,"timestamp":1562456440,"path_taken":["M","?","?","?","M","E","?","M","T","?","R","M","M","M","R","BOSS","M","M","M"],"build_version":"2019-07-05","purchased_purges":1,"victory":false,"max_hp_per_floor":[70,70,70,70,70,70,70,70,70,70,70,70,70,70,70,70,70,70,70,70],"card_choices":[{"not_picked":["Backflip","Heel Hook"],"picked":"Bane","floor":1},{"not_picked":["PiercingWail","Cloak And Dagger"],"picked":"Outmaneuver","floor":4},{"not_picked":["Dagger Throw","Prepared"],"picked":"Flying Knee","floor":5},{"not_picked":["Deflect","Concentrate"],"picked":"Quick Slash","floor":6},{"not_picked":["Reflex","Dodge and Roll"],"picked":"Escape Plan","floor":8},{"not_picked":["Concentrate","Slice"],"picked":"Quick Slash","floor":12},{"not_picked":["Deadly Poison","Eviscerate"],"picked":"Noxious Fumes","floor":13},{"not_picked":["Slice","Dodge and Roll"],"picked":"Flying Knee","floor":14},{"not_picked":["Phantasmal Killer","Doppelganger"],"picked":"Unload","floor":16},{"not_picked":["Prepared","PiercingWail"],"picked":"Escape Plan","floor":18},{"not_picked":["Dagger Throw","Slice+1"],"picked":"Bane","floor":19}],"player_experience":200440,"relics_obtained":[{"floor":6,"key":"Tiny Chest"},{"floor":9,"key":"Anchor"}],"event_choices":[{"damage_healed":0,"gold_gain":175,"player_choice":"AGREE","damage_taken":0,"max_hp_gain":0,"max_hp_loss":0,"event_name":"Liars Game","floor":2,"gold_loss":0,"cards_obtained":["Doubt"]},{"damage_healed":0,"gold_gain":0,"player_choice":"Cursed","damage_taken":0,"max_hp_gain":0,"max_hp_loss":0,"event_name":"Wheel of Change","floor":3,"gold_loss":0,"cards_obtained":["Decay"]},{"damage_healed":0,"gold_gain":0,"player_choice":"Left Gold","damage_taken":0,"max_hp_gain":0,"max_hp_loss":0,"event_name":"World of Goop","floor":10,"gold_loss":33}],"is_beta":false,"boss_relics":[{"not_picked":["Velvet Choker","Busted Crown"],"picked":"Empty Cage"}],"items_purged_floors":[7],"is_endless":false,"potions_floor_spawned":[4,5,14,18],"killed_by":"Sentry and Sphere","ascension_level":3}