{"gold_per_floor":[115,115,129,143,15,15,30,30,30,30,44,57,72,104,104,201,201,221,221,221,221,23,56,56,81,105,5,24,24,24,24,24,125,125,137,151,196,106,122,122,7,37,61,61,78,78,94,112,112,112],"floor_reached":50,"playtime":3274,"items_purged":["Strike_B","Strike_B","Decay"],"score":510,"play_id":"d63ba30f-bbb3-440e-9258-f3fc3bddc2c6","local_time":"20190709182552","is_ascension_mode":false,"campfire_choices":[{"data":"Zap","floor":6.0,"key":"SMITH"},{"data":"Dualcast","floor":10.0,"key":"SMITH"},{"floor":15.0,"key":"RECALL"},{"floor":24.0,"key":"REST"},{"data":"Scrape","floor":30.0,"key":"SMITH"},{"floor":32.0,"key":"REST"},{"data":"Meteor Strike","floor":40,"key":"SMITH"},{"floor":49,"key":"REST"}],"neow_cost":"NONE","seed_source_timestamp":0,"circlet_count":0,"master_deck":["Defend_B","Defend_B","Defend_B+1","Defend_B","Zap+1","Dualcast+1","Redo+1","White Noise","Skim+1","Gash","Coolheaded","Defragment","FTL","Doom and Gloom","Scrape+1","All For One","Streamline","Necronomicurse","Self Repair","Gash","Shame","Meteor Strike+1","Gash","Stack","Scrape","Defragment","Doubt","Streamline+1","Blizzard","Sweeping Beam+1","Skim+1"],"special_seed":0,"relics":["Runic Dome","The Courier","Incense Burner","Cursed Key","Necronomicon","Mercury Hourglass","Bronze Scales","Potion Belt","Bag of Preparation","DataDisk","Matryoshka","PreservedInsect","Inserter","Ice Cream","Peace Pipe","Dream Catcher","Pen Nib"],"potions_floor_usage":[42,48,48],"damage_taken":[{"damage":3.0,"enemies":"Small Slimes","floor":1.0,"turns":3.0},{"damage":0.0,"enemies":"2 Louse","floor":3.0,"turns":2.0},{"damage":0.0,"enemies":"Jaw Worm","floor":4.0,"turns":3.0},{"damage":5.0,"enemies":"Red Slaver","floor":7.0,"turns":3.0},{"damage":0.0,"enemies":"Large Slime","floor":11.0,"turns":4.0},{"damage":0.0,"enemies":"3 Louse","floor":12.0,"turns":4.0},{"damage":0.0,"enemies":"Lots of Slimes","floor":13.0,"turns":3.0},{"damage":12.0,"enemies":"Gremlin Nob","floor":14.0,"turns":3.0},{"damage":9.0,"enemies":"Hexaghost","floor":16.0,"turns":7.0},{"damage":5.0,"enemies":"3 Byrds","floor":18.0,"turns":3.0},{"damage":27.0,"enemies":"Slavers","floor":23.0,"turns":4.0},{"damage":24.0,"enemies":"Gremlin Leader","floor":25.0,"turns":4.0},{"damage":7.0,"enemies":"Spheric Guardian","floor":28.0,"turns":3.0},{"damage":22.0,"enemies":"Collector","floor":33.0,"turns":6.0},{"damage":3,"enemies":"3 Darklings","floor":35,"turns":4},{"damage":2,"enemies":"Orb Walker","floor":36,"turns":2},{"damage":30,"enemies":"2 Orb Walkers","floor":37,"turns":4},{"damage":19,"enemies":"Spire Growth","floor":39,"turns":4},{"damage":19,"enemies":"Giant Head","floor":42,"turns":5},{"damage":3,"enemies":"Sphere and 2 Shapes","floor":45,"turns":3},{"damage":19,"enemies":"Jaw Worm Horde","floor":47,"turns":3},{"damage":7,"enemies":"4 Shapes","floor":48,"turns":4},{"damage":48,"enemies":"Time Eater","floor":50,"turns":3}],"seed_played":"-8268843575163816252","potions_obtained":[{"floor":1.0,"key":"Strength Potion"},{"floor":4.0,"key":"Ancient Potion"},{"floor":12.0,"key":"Poison Potion"},{"floor":13.0,"key":"Fire Potion"},{"floor":18.0,"key":"SmokeBomb"},{"floor":33.0,"key":"SpeedPotion"},{"floor":36,"key":"Fire Potion"},{"floor":37,"key":"FearPotion"},{"floor":48,"key":"SteroidPotion"}],"is_trial":false,"path_per_floor":["M","?","M","M","$","R","M","?","T","R","M","M","M","E","R","B",null,"M","?","?","?","$","E","R","E","T","$","M","?","R","T","R","B",null,"M","M","?","?","M","R","$","E","T","$","M","?","M","M","R","B"],"character_chosen":"DEFECT","items_purchased":["Gash","Bronze Scales","Scrape","Defragment"],"campfire_rested":3,"item_purchase_floors":[5,22,41,41],"current_hp_per_floor":[72,57,57,57,57,57,52,45,45,45,45,45,45,33,33,24,75,70,54,40,40,40,13,37,20,20,20,20,20,20,20,44,29,80,80,78,55,55,43,43,43,31,31,31,35,35,23,16,40,0],"gold":112,"neow_bonus":"BOSS_RELIC","is_prod":false,"is_daily":false,"chose_seed":false,"campfire_upgraded":4,"win_rate":0,"timestamp":1562721952,"path_taken":["M","?","M","M","$","R","M","?","T","R","M","M","?","E","R","BOSS","M","?","?","?","$","E","R","E","T","$","?","?","R","?","R","BOSS","M","M","?","?","?","R","$","E","T","?","M","?","M","M","R","BOSS"],"build_version":"2019-07-05","purchased_purges":3,"victory":false,"max_hp_per_floor":[75,75,75,75,75,75,75,75,75,75,75,75,75,75,75,75,75,75,75,80,80,80,80,80,80,80,80,80,80,80,80,80,80,80,80,80,80,80,80,80,80,80,80,80,80,80,80,80,80,80],"card_choices":[{"not_picked":["Go for the Eyes","Hello World"],"picked":"Redo","floor":1.0},{"not_picked":["Hologram","Turbo"],"picked":"White Noise","floor":3.0},{"not_picked":["Compile Driver","Aggregate"],"picked":"Skim","floor":4.0},{"not_picked":["Barrage","Compile Driver"],"picked":"Coolheaded","floor":7.0},{"not_picked":["Steam","Compile Driver"],"picked":"Defragment","floor":11.0},{"not_picked":["Conserve Battery","Cold Snap"],"picked":"FTL","floor":12.0},{"not_picked":["Ball Lightning","Meteor Strike"],"picked":"Doom and Gloom","floor":13.0},{"not_picked":["Capacitor","Blizzard"],"picked":"Scrape","floor":14.0},{"not_picked":["Machine Learning","Rainbow"],"picked":"All For One","floor":16.0},{"not_picked":["Cold Snap+1","Aggregate+1"],"picked":"Streamline","floor":18.0},{"not_picked":["Leap","Undo+1"],"picked":"Self Repair","floor":23.0},{"not_picked":["Ball Lightning","Coolheaded","Conserve Battery+1"],"picked":"SKIP","floor":25.0},{"not_picked":["Rebound","Stack+1"],"picked":"Gash","floor":28.0},{"not_picked":["All For One","Multi-Cast"],"picked":"Meteor Strike","floor":33.0},{"not_picked":["Redo","Genetic Algorithm+1","Hello World+1"],"picked":"SKIP","floor":35},{"not_picked":["Barrage","Glacier+1"],"picked":"Gash","floor":36},{"not_picked":["Turbo+1","Steam Power+1"],"picked":"Stack","floor":37},{"not_picked":["Rainbow","Recycle+1","Conserve Battery"],"picked":"SKIP","floor":39},{"not_picked":["Barrage+1","Darkness","Rebound"],"picked":"SKIP","floor":42},{"not_picked":["Auto Shields","Rebound+1"],"picked":"Streamline+1","floor":45},{"not_picked":["Compile Driver","Ball Lightning"],"picked":"Sweeping Beam+1","floor":47},{"not_picked":["Rip and Tear","Leap+1"],"picked":"Skim+1","floor":48}],"player_experience":238420,"relics_obtained":[{"floor":9.0,"key":"The Courier"},{"floor":14.0,"key":"Incense Burner"},{"floor":19.0,"key":"Necronomicon"},{"floor":23.0,"key":"Potion Belt"},{"floor":25.0,"key":"Bag of Preparation"},{"floor":26.0,"key":"DataDisk"},{"floor":31.0,"key":"PreservedInsect"},{"floor":37,"key":"Ice Cream"},{"floor":42,"key":"Peace Pipe"},{"floor":43,"key":"Dream Catcher"},{"floor":43,"key":"Pen Nib"}],"event_choices":[{"damage_healed":0.0,"max_hp_gain":0.0,"max_hp_loss":0.0,"gold_gain":0.0,"event_name":"Shining Light","player_choice":"Entered Light","floor":2.0,"gold_loss":0.0,"damage_taken":15.0,"cards_upgraded":["Defend_B","Redo"]},{"cards_removed":["Strike_B"],"damage_healed":0.0,"max_hp_gain":0.0,"max_hp_loss":0.0,"gold_gain":0.0,"event_name":"Golden Wing","player_choice":"Card Removal","floor":8.0,"gold_loss":0.0,"damage_taken":7.0},{"damage_healed":0.0,"max_hp_gain":0.0,"max_hp_loss":0.0,"gold_gain":0.0,"event_name":"Cursed Tome","player_choice":"Obtained Book","floor":19.0,"gold_loss":0.0,"damage_taken":16.0},{"damage_healed":0.0,"max_hp_gain":5.0,"max_hp_loss":0.0,"gold_gain":0.0,"event_name":"Forgotten Altar","player_choice":"Shed Blood","floor":20.0,"gold_loss":0.0,"damage_taken":19.0},{"damage_healed":0.0,"max_hp_gain":0.0,"max_hp_loss":0.0,"gold_gain":0.0,"event_name":"WeMeetAgain","player_choice":"Gave Potion","floor":21.0,"gold_loss":0.0,"damage_taken":0.0,"relics_obtained":["Mercury Hourglass"]},{"damage_healed":0.0,"max_hp_gain":0.0,"max_hp_loss":0.0,"gold_gain":0.0,"event_name":"Addict","player_choice":"Stole Relic","floor":29.0,"gold_loss":0.0,"damage_taken":0.0,"relics_obtained":["Matryoshka"],"cards_obtained":["Shame"]},{"damage_healed":0,"gold_gain":0,"player_choice":"Fight","damage_taken":0,"max_hp_gain":0,"max_hp_loss":0,"event_name":"Mysterious Sphere","floor":37,"gold_loss":0},{"cards_removed":["Writhe"],"damage_healed":0,"gold_gain":0,"player_choice":"Upgrade and Remove","damage_taken":0,"max_hp_gain":0,"max_hp_loss":0,"event_name":"Designer","floor":38,"gold_loss":90,"cards_upgraded":["Skim"]},{"damage_healed":0,"gold_gain":0,"cards_transformed":["Strike_B"],"player_choice":"Transformed","damage_taken":0,"max_hp_gain":0,"max_hp_loss":0,"event_name":"Transmorgrifier","floor":46,"gold_loss":0,"cards_obtained":["Blizzard"]}],"is_beta":false,"boss_relics":[{"not_picked":["Ectoplasm","Runic Pyramid"],"picked":"Cursed Key"},{"not_picked":["Snecko Eye","Pandora\u0027s Box"],"picked":"Inserter"}],"items_purged_floors":[5,22,27],"is_endless":false,"potions_floor_spawned":[1,4,12,13,18,33,36,37,48],"killed_by":"Time Eater","ascension_level":0}