{"gold_per_floor":[362,380,380,390,57,88,102,132,132,132,149,149,178,195,195,292,292,311,48,61,74,87,87,115,115,161,161,186,217,217,33,33,128,128,143,80,95,105,151,151,179,179,179,212,222,222,222,232,232,232],"floor_reached":50,"playtime":3543,"items_purged":["Strike_R","Strike_R","Strike_R"],"score":824,"play_id":"a8befc28-1d01-4cee-91b2-f5cd3fa54f6e","local_time":"20190718190035","is_ascension_mode":true,"campfire_choices":[{"data":"True Grit","floor":12,"key":"SMITH"},{"data":"Demon Form","floor":15,"key":"SMITH"},{"data":"Heavy Blade","floor":23,"key":"SMITH"},{"floor":27,"key":"REST"},{"data":"Pummel","floor":30,"key":"SMITH"},{"data":"True Grit","floor":32,"key":"SMITH"},{"floor":40,"key":"RECALL"},{"data":"Immolate","floor":42,"key":"SMITH"},{"floor":46,"key":"REST"},{"floor":49,"key":"REST"}],"neow_cost":"TEN_PERCENT_HP_LOSS","seed_source_timestamp":869119193124582,"circlet_count":0,"master_deck":["Strike_R+1","Strike_R+1","Defend_R","Defend_R+1","Defend_R+1","Bash","Pummel+1","Immolate+1","Heavy Blade+1","Power Through","True Grit+1","True Grit+1","Demon Form+1","Reaper","Evolve","Iron Wave+1","Anger+1","Reckless Charge+1","Sentinel+1","Finesse","Bludgeon+1","Uppercut+1","Ghostly Armor+1","Battle Trance+1","Intimidate+1","Doubt","Pummel+1","Rupture"],"relics":["Burning Blood","Vajra","Membership Card","Lantern","War Paint","Shuriken","Whetstone","Bag of Marbles","Dodecahedron","Cursed Key","Molten Egg 2","Medical Kit","Omamori","Necronomicon","Happy Flower","Red Mask","Question Card","Sozu","Turnip","PreservedInsect","Anchor"],"potions_floor_usage":[6,13,14,16,22,33,33,41,44],"damage_taken":[{"damage":9,"enemies":"2 Louse","floor":1,"turns":3},{"damage":3,"enemies":"Jaw Worm","floor":2,"turns":4},{"damage":0,"enemies":"Cultist","floor":4,"turns":2},{"damage":16,"enemies":"Gremlin Nob","floor":6,"turns":3},{"damage":0,"enemies":"3 Louse","floor":7,"turns":1},{"damage":4,"enemies":"3 Sentries","floor":8,"turns":4},{"damage":0,"enemies":"Blue Slaver","floor":11,"turns":2},{"damage":7,"enemies":"Lagavulin","floor":13,"turns":3},{"damage":12,"enemies":"Exordium Wildlife","floor":14,"turns":2},{"damage":24,"enemies":"The Guardian","floor":16,"turns":7},{"damage":2,"enemies":"Chosen","floor":18,"turns":4},{"damage":1,"enemies":"Spheric Guardian","floor":20,"turns":3},{"damage":14,"enemies":"Centurion and Healer","floor":21,"turns":5},{"damage":0,"enemies":"3 Cultists","floor":22,"turns":3},{"damage":17,"enemies":"Book of Stabbing","floor":24,"turns":4},{"damage":12,"enemies":"Masked Bandits","floor":28,"turns":4},{"damage":10,"enemies":"Gremlin Leader","floor":29,"turns":5},{"damage":34,"enemies":"Champ","floor":33,"turns":6},{"damage":4,"enemies":"3 Shapes","floor":35,"turns":2},{"damage":0,"enemies":"Orb Walker","floor":37,"turns":2},{"damage":13,"enemies":"Sphere and 2 Shapes","floor":38,"turns":3},{"damage":6,"enemies":"2 Orb Walkers","floor":39,"turns":4},{"damage":0,"enemies":"Giant Head","floor":41,"turns":4},{"damage":67,"enemies":"Reptomancer","floor":44,"turns":3},{"damage":17,"enemies":"Maw","floor":45,"turns":5},{"damage":13,"enemies":"Writhing Mass","floor":48,"turns":5},{"damage":83,"enemies":"Awakened One","floor":50,"turns":8}],"seed_played":"8156865583340623170","potions_obtained":[{"floor":2,"key":"Poison Potion"},{"floor":6,"key":"BloodPotion"},{"floor":8,"key":"AttackPotion"},{"floor":14,"key":"Strength Potion"},{"floor":20,"key":"GamblersBrew"},{"floor":33,"key":"Dexterity Potion"}],"is_trial":false,"path_per_floor":["M","M","?","M","$","E","M","E","T","?","M","R","E","M","R","B",null,"M","$","M","M","M","R","E","?","T","R","?","E","R","$","R","B",null,"M","$","M","M","?","R","E","R","T","E","M","R","?","M","R","B"],"character_chosen":"IRONCLAD","items_purchased":["Membership Card","Lantern","Heavy Blade","Molten Egg 2","Medical Kit","Evolve","Finesse","Ancient Potion","AttackPotion","Dexterity Potion"],"campfire_rested":3,"item_purchase_floors":[5,5,5,19,19,19,31,31,31,31],"current_hp_per_floor":[69,72,69,72,72,62,68,70,70,70,72,72,71,72,72,54,68,72,72,72,72,72,72,72,56,56,72,72,72,72,72,72,44,65,72,72,72,72,72,72,72,72,72,11,12,33,33,41,62,0],"gold":232,"neow_bonus":"TWO_FIFTY_GOLD","is_prod":false,"is_daily":false,"chose_seed":false,"campfire_upgraded":6,"win_rate":0,"timestamp":1563501635,"path_taken":["M","M","?","M","$","E","M","E","T","?","M","R","E","M","R","BOSS","M","$","?","M","M","R","E","?","T","R","?","E","R","$","R","BOSS","M","$","M","M","?","R","E","R","T","E","M","R","?","M","R","BOSS"],"build_version":"2019-07-17","purchased_purges":3,"victory":false,"max_hp_per_floor":[72,72,72,72,72,72,72,72,72,72,72,72,72,72,72,72,72,72,72,72,72,72,72,72,72,72,72,72,72,72,72,72,72,72,72,72,72,72,72,72,72,72,72,72,72,72,72,72,72,72],"card_choices":[{"not_picked":["Havoc","Headbutt"],"picked":"Twin Strike","floor":1},{"not_picked":["Cleave","Wild Strike"],"picked":"Pummel","floor":2},{"not_picked":["Cleave","Havoc"],"picked":"Immolate","floor":4},{"not_picked":["Rampage","Anger"],"picked":"Power Through","floor":6},{"not_picked":["Pommel Strike","Twin Strike","Cleave"],"picked":"SKIP","floor":7},{"not_picked":["Shockwave","Shrug It Off"],"picked":"True Grit","floor":8},{"not_picked":["Hemokinesis","Metallicize"],"picked":"True Grit","floor":11},{"not_picked":["True Grit","Sword Boomerang","Flex"],"picked":"SKIP","floor":13},{"not_picked":["Fire Breathing","Reckless Charge"],"picked":"Demon Form","floor":14},{"not_picked":["Immolate","Impervious"],"picked":"Reaper","floor":16},{"not_picked":["Anger","Uppercut","Heavy Blade"],"picked":"SKIP","floor":18},{"not_picked":["Combust","Flex"],"picked":"Iron Wave+1","floor":20},{"not_picked":["Shrug It Off","Power Through","Armaments"],"picked":"SKIP","floor":21},{"not_picked":["Entrench","Disarm"],"picked":"Anger+1","floor":22},{"not_picked":["Sever Soul+1","Demon Form"],"picked":"Reckless Charge+1","floor":24},{"not_picked":["Cleave+1","Blood for Blood+1"],"picked":"Sentinel+1","floor":28},{"not_picked":["Blood for Blood+1","Rupture","Clothesline+1"],"picked":"SKIP","floor":29},{"not_picked":["Feed+1","Brutality","Impervious"],"picked":"Bludgeon+1","floor":33},{"not_picked":["Hemokinesis+1","Bloodletting+1","Armaments+1"],"picked":"Uppercut+1","floor":35},{"not_picked":["Perfected Strike+1","Iron Wave+1","Rampage+1"],"picked":"Ghostly Armor+1","floor":37},{"not_picked":["Heavy Blade+1","Intimidate+1","Berserk"],"picked":"Battle Trance+1","floor":38},{"not_picked":["Havoc+1","Berserk","Blood for Blood+1"],"picked":"Intimidate+1","floor":41},{"not_picked":["Second Wind+1","Clothesline+1","Heavy Blade+1"],"picked":"Pummel+1","floor":44},{"not_picked":["Warcry+1","Searing Blow+1","Flex","Shrug It Off+1"],"picked":"SKIP","floor":45},{"not_picked":["Thunderclap+1","Rampage+1","Pommel Strike+1","Bloodletting+1"],"picked":"SKIP","floor":48}],"player_experience":344414,"relics_obtained":[{"floor":6,"key":"War Paint"},{"floor":8,"key":"Shuriken"},{"floor":9,"key":"Whetstone"},{"floor":13,"key":"Dodecahedron"},{"floor":24,"key":"Omamori"},{"floor":25,"key":"Necronomicon"},{"floor":26,"key":"Happy Flower"},{"floor":28,"key":"Red Mask"},{"floor":29,"key":"Question Card"},{"floor":39,"key":"Turnip"},{"floor":41,"key":"PreservedInsect"},{"floor":44,"key":"Anchor"}],"event_choices":[{"damage_healed":0,"gold_gain":0,"player_choice":"Success","damage_taken":3,"relics_obtained":["Vajra"],"max_hp_gain":0,"max_hp_loss":0,"event_name":"Scrap Ooze","floor":3,"gold_loss":0},{"cards_removed":["Twin Strike"],"damage_healed":0,"gold_gain":0,"player_choice":"Gave Card","damage_taken":0,"relics_obtained":["Bag of Marbles"],"max_hp_gain":0,"max_hp_loss":0,"event_name":"WeMeetAgain","floor":10,"gold_loss":0},{"damage_healed":0,"gold_gain":0,"player_choice":"Obtained Book","damage_taken":16,"max_hp_gain":0,"max_hp_loss":0,"event_name":"Cursed Tome","floor":25,"gold_loss":0},{"damage_healed":0,"gold_gain":0,"player_choice":"Fought Bandits","damage_taken":0,"max_hp_gain":0,"max_hp_loss":0,"event_name":"Masked Bandits","floor":28,"gold_loss":0},{"damage_healed":0,"gold_gain":0,"player_choice":"Fight","damage_taken":0,"max_hp_gain":0,"max_hp_loss":0,"event_name":"Mysterious Sphere","floor":39,"gold_loss":0},{"damage_healed":0,"gold_gain":0,"cards_transformed":["Defend_R"],"player_choice":"Transformed","damage_taken":0,"max_hp_gain":0,"max_hp_loss":0,"event_name":"Transmorgrifier","floor":47,"gold_loss":0,"cards_obtained":["Rupture"]}],"is_beta":false,"boss_relics":[{"not_picked":["Snecko Eye","Busted Crown"],"picked":"Cursed Key"},{"not_picked":["Calling Bell","Lizard Tail"],"picked":"Sozu"}],"items_purged_floors":[5,31,36],"is_endless":false,"potions_floor_spawned":[2,6,8,14,20,33,35,38,44,45],"killed_by":"Awakened One","ascension_level":7}