{"gold_per_floor":[115,190,365,380,305,305,133,133,133,168,133,143,168,181,181,277,277,292,302,302,43,43,43,71,71,71,81,6,6,40,56,56,56],"floor_reached":33,"playtime":2317,"items_purged":["Doubt","Strike_R","Strike_R"],"score":378,"play_id":"cb9a99ea-1ac9-41ba-9784-205214b54aab","local_time":"20180926174035","is_ascension_mode":true,"campfire_choices":[{"data":"Whirlwind","floor":6,"key":"SMITH"},{"floor":8,"key":"REST"},{"data":"Whirlwind","floor":15,"key":"SMITH"},{"data":"Limit Break","floor":23,"key":"SMITH"},{"floor":25,"key":"REST"},{"data":"Bash","floor":29,"key":"SMITH"},{"floor":32,"key":"REST"}],"neow_cost":"NONE","seed_source_timestamp":1297869629832088,"circlet_count":0,"master_deck":["Strike_R","Defend_R","Defend_R","Defend_R","Defend_R","Bash+1","Clothesline","Whirlwind+1","Whirlwind+1","Limit Break+1","Spot Weakness+1"],"relics":["Burning Blood","Juzu Bracelet","The Courier","Dodecahedron","Busted Crown","Sling","Bag of Preparation","Ornamental Fan","Anchor"],"potions_floor_usage":[13,16,30,33,33],"damage_taken":[{"damage":7,"enemies":"2 Louse","floor":1,"turns":2},{"damage":14,"enemies":"Jaw Worm","floor":4,"turns":5},{"damage":24,"enemies":"Gremlin Nob","floor":10,"turns":4},{"damage":0,"enemies":"Small Slimes","floor":12,"turns":2},{"damage":10,"enemies":"3 Sentries","floor":13,"turns":2},{"damage":14,"enemies":"Looter","floor":14,"turns":3},{"damage":65,"enemies":"The Guardian","floor":16,"turns":16},{"damage":0,"enemies":"3 Byrds","floor":18,"turns":2},{"damage":25,"enemies":"2 Thieves","floor":19,"turns":3},{"damage":18,"enemies":"Gremlin Leader","floor":24,"turns":3},{"damage":12,"enemies":"3 Cultists","floor":27,"turns":3},{"damage":27,"enemies":"Book of Stabbing","floor":30,"turns":3},{"damage":17,"enemies":"Centurion and Healer","floor":31,"turns":3},{"damage":74,"enemies":"Champ","floor":33,"turns":6}],"seed_played":"-8217393287632555964","potions_obtained":[{"floor":4,"key":"Explosive Potion"},{"floor":12,"key":"Swift Potion"},{"floor":14,"key":"Ancient Potion"},{"floor":27,"key":"PowerPotion"},{"floor":30,"key":"BloodPotion"}],"is_trial":false,"path_per_floor":["M","?","?","M","$","R","$","R","T","E","?","M","E","M","R","B",null,"M","M","?","$","?","R","E","R","T","M","?","R","E","M","R"],"character_chosen":"IRONCLAD","items_purchased":["Whirlwind","Sling"],"campfire_rested":3,"item_purchase_floors":[7,21],"current_hp_per_floor":[71,60,60,52,52,52,52,76,76,58,78,80,76,68,68,9,62,68,49,49,49,49,49,37,61,61,55,55,55,34,23,47,0],"gold":56,"neow_bonus":"REMOVE_CARD","is_prod":false,"is_daily":false,"chose_seed":false,"campfire_upgraded":4,"win_rate":0,"timestamp":1537998035,"path_taken":["M","?","?","M","$","R","$","R","T","E","?","M","E","M","R","BOSS","M","M","?","$","?","R","E","R","T","M","?","R","E","M","R","BOSS"],"build_version":"2018-09-20","purchased_purges":3,"victory":false,"max_hp_per_floor":[80,80,80,80,80,80,80,80,80,80,80,80,80,80,80,80,80,80,80,80,80,80,80,80,80,80,80,80,80,80,80,80,80],"card_choices":[{"not_picked":["Thunderclap","Bloodletting"],"picked":"Clothesline","floor":1},{"not_picked":["Evolve","Pommel Strike"],"picked":"Whirlwind","floor":4},{"not_picked":["Clash","Perfected Strike","Flex"],"picked":"SKIP","floor":10},{"not_picked":["Sentinel","Fire Breathing","Dark Embrace"],"picked":"SKIP","floor":12},{"not_picked":["Anger","Flex","Iron Wave"],"picked":"SKIP","floor":13},{"not_picked":["Infernal Blade","Dropkick","Wild Strike"],"picked":"SKIP","floor":14},{"not_picked":["Immolate","Bludgeon"],"picked":"Limit Break","floor":16},{"not_picked":["Warcry"],"picked":"SKIP","floor":18},{"not_picked":[],"picked":"Spot Weakness+1","floor":19},{"not_picked":["Body Slam+1"],"picked":"SKIP","floor":24},{"not_picked":["Pummel"],"picked":"SKIP","floor":27},{"not_picked":["Perfected Strike"],"picked":"SKIP","floor":30},{"not_picked":["Sever Soul+1"],"picked":"SKIP","floor":31}],"player_experience":403507,"relics_obtained":[{"floor":9,"key":"Juzu Bracelet"},{"floor":10,"key":"The Courier"},{"floor":13,"key":"Dodecahedron"},{"floor":24,"key":"Bag of Preparation"},{"floor":26,"key":"Ornamental Fan"},{"floor":30,"key":"Anchor"}],"event_choices":[{"event_name":"World of Goop","player_choice":"Gather Gold","floor":2,"damage_taken":0},{"event_name":"Liars Game","player_choice":"agreed","floor":3,"damage_taken":0},{"event_name":"The Cleric","player_choice":"Healed","floor":11,"damage_taken":0},{"event_name":"Duplicator","player_choice":"Ignored","floor":20,"damage_taken":0},{"event_name":"The Mausoleum","player_choice":"No","floor":22,"damage_taken":0},{"event_name":"Beggar","player_choice":"Gave Gold","floor":28,"damage_taken":0}],"is_beta":false,"boss_relics":[{"not_picked":["Empty Cage","Snecko Eye"],"picked":"Busted Crown"}],"items_purged_floors":[5,7,21],"is_endless":false,"potions_floor_spawned":[4,12,14,27,30],"killed_by":"Champ","ascension_level":6}