{"gold_per_floor":[117,137,137,87,106,133,151,151,178,190,218,243,255,7,7,102,102,90,90,0,18,117,117,133,133,133,147,147,163,163],"floor_reached":30,"playtime":1978,"items_purged":["Strike_G"],"score":313,"play_id":"a16dc76d-c537-423b-8ea9-de7a889dc44b","local_time":"20190808185705","is_ascension_mode":true,"campfire_choices":[{"floor":8,"key":"REST"},{"data":"Neutralize","floor":10,"key":"SMITH"},{"data":"Venomology","floor":15,"key":"SMITH"},{"floor":23,"key":"REST"},{"floor":25,"key":"REST"},{"floor":28,"key":"REST"}],"neow_cost":"NONE","seed_source_timestamp":245864643032402,"circlet_count":0,"master_deck":["Strike_G","Strike_G","Strike_G","Defend_G","Defend_G","Defend_G","Defend_G","Survivor","Neutralize+1","Prepared","Setup","Poisoned Stab","Outmaneuver","Calculated Gamble","Heel Hook","Footwork","Deadly Poison","Venomology+1","Doppelganger","Backflip","Bouncing Flask+1","Poisoned Stab","Prepared+1"],"relics":["Ring of the Snake","NeowsBlessing","Regal Pillow","MawBank","Black Star","Enchiridion","StoneCalendar"],"potions_floor_usage":[6,16,16,18,21,21,24,24,27,30,30,30],"damage_taken":[{"damage":0,"enemies":"Cultist","floor":1,"turns":1},{"damage":0,"enemies":"Small Slimes","floor":2,"turns":1},{"damage":0,"enemies":"Jaw Worm","floor":5,"turns":1},{"damage":23,"enemies":"Lagavulin","floor":6,"turns":8},{"damage":7,"enemies":"2 Fungi Beasts","floor":7,"turns":5},{"damage":20,"enemies":"Exordium Wildlife","floor":11,"turns":8},{"damage":4,"enemies":"Red Slaver","floor":12,"turns":4},{"damage":40,"enemies":"Hexaghost","floor":16,"turns":11},{"damage":34,"enemies":"2 Thieves","floor":18,"turns":4},{"damage":6,"enemies":"Chosen","floor":21,"turns":5},{"damage":30,"enemies":"Centurion and Healer","floor":24,"turns":8},{"damage":20,"enemies":"Shelled Parasite and Fungi","floor":27,"turns":7},{"damage":33,"enemies":"Snecko","floor":29,"turns":6},{"damage":29,"enemies":"Slavers","floor":30,"turns":1}],"seed_played":"4172186951553175160","potions_obtained":[{"floor":5,"key":"SteroidPotion"},{"floor":6,"key":"SpeedPotion"},{"floor":11,"key":"FearPotion"},{"floor":12,"key":"PowerPotion"},{"floor":21,"key":"Energy Potion"},{"floor":24,"key":"Strength Potion"}],"is_trial":false,"path_per_floor":["M","M","?","?","M","E","M","R","T","R","M","M","?","$","R","B",null,"M","?","?","M","?","R","M","R","T","M","R","M","E"],"character_chosen":"THE_SILENT","items_purchased":["Deadly Poison","Venomology"],"campfire_rested":4,"item_purchase_floors":[14,14],"current_hp_per_floor":[63,63,56,56,56,33,26,62,62,62,42,38,61,61,61,21,58,24,8,8,2,2,38,8,44,44,24,60,27,0],"gold":163,"neow_bonus":"THREE_ENEMY_KILL","is_prod":false,"is_daily":false,"chose_seed":false,"campfire_upgraded":2,"win_rate":0,"timestamp":1565315825,"path_taken":["M","M","?","?","?","E","M","R","T","R","M","M","?","?","R","BOSS","M","?","?","M","?","R","M","R","T","M","R","M","E"],"build_version":"2019-07-17","purchased_purges":1,"victory":false,"max_hp_per_floor":[70,70,70,70,70,70,70,70,70,70,70,70,70,70,70,70,70,70,70,70,70,70,70,70,70,70,70,70,70,70],"card_choices":[{"not_picked":["Underhanded Strike","Eviscerate"],"picked":"Prepared","floor":1},{"not_picked":["Quick Slash","PiercingWail"],"picked":"Setup","floor":2},{"not_picked":["Deflect","Backflip"],"picked":"Poisoned Stab","floor":5},{"not_picked":["Dash","PiercingWail"],"picked":"Outmaneuver","floor":6},{"not_picked":["Bane","Dagger Throw"],"picked":"Calculated Gamble","floor":7},{"not_picked":["Bane","Skewer"],"picked":"Heel Hook","floor":11},{"not_picked":["Night Terror","Acrobatics"],"picked":"Footwork","floor":12},{"not_picked":["Die Die Die","Unload"],"picked":"Doppelganger","floor":16},{"not_picked":["Leg Sweep","Bouncing Flask"],"picked":"Backflip","floor":18},{"not_picked":["Dodge and Roll","Backflip"],"picked":"Bouncing Flask+1","floor":21},{"not_picked":["Finisher","Well Laid Plans"],"picked":"Poisoned Stab","floor":24},{"not_picked":["Blade Dance","Caltrops+1","Poisoned Stab"],"picked":"SKIP","floor":27},{"not_picked":["Expertise","Cloak And Dagger"],"picked":"Prepared+1","floor":29}],"player_experience":228879,"relics_obtained":[{"floor":6,"key":"Regal Pillow"},{"floor":9,"key":"MawBank"},{"floor":19,"key":"Enchiridion"},{"floor":26,"key":"StoneCalendar"}],"event_choices":[{"cards_removed":["Strike_G"],"damage_healed":0,"gold_gain":0,"player_choice":"Card Removal","damage_taken":7,"max_hp_gain":0,"max_hp_loss":0,"event_name":"Golden Wing","floor":3,"gold_loss":0},{"cards_removed":["Defend_G"],"damage_healed":0,"gold_gain":0,"player_choice":"Card Removal","damage_taken":0,"max_hp_gain":0,"max_hp_loss":0,"event_name":"The Cleric","floor":4,"gold_loss":50},{"damage_healed":23,"gold_gain":0,"player_choice":"Banana","damage_taken":0,"max_hp_gain":0,"max_hp_loss":0,"event_name":"Big Fish","floor":13,"gold_loss":0},{"damage_healed":0,"gold_gain":0,"player_choice":"Obtained Book","damage_taken":16,"max_hp_gain":0,"max_hp_loss":0,"event_name":"Cursed Tome","floor":19,"gold_loss":0},{"damage_healed":0,"gold_gain":0,"player_choice":"Paid Fearfully","damage_taken":0,"max_hp_gain":0,"max_hp_loss":0,"event_name":"Masked Bandits","floor":20,"gold_loss":90},{"damage_healed":0,"gold_gain":99,"player_choice":"Stole From Cult","damage_taken":0,"max_hp_gain":0,"max_hp_loss":0,"event_name":"Nest","floor":22,"gold_loss":0}],"is_beta":false,"boss_relics":[{"not_picked":["Pandora\u0027s Box","Snecko Eye"],"picked":"Black Star"}],"items_purged_floors":[14],"is_endless":false,"potions_floor_spawned":[5,6,11,12,21,24],"killed_by":"Slavers","ascension_level":7}