{"gold_per_floor":[116,116,291,25,48,48,87,57,84,97,140,163,176,200,200,326,326,346,359,73,73,89,89,104,104,104,104],"floor_reached":27,"playtime":1782,"items_purged":["Doubt","Strike_B"],"score":313,"play_id":"e76fbbdd-a71a-43b5-b766-52e8a887e344","local_time":"20190812000036","is_ascension_mode":true,"campfire_choices":[{"data":"Chill","floor":6,"key":"SMITH"},{"data":"Echo Form","floor":15,"key":"SMITH"},{"floor":23,"key":"REST"},{"floor":25,"key":"REST"}],"neow_cost":"NONE","seed_source_timestamp":103712415792400,"circlet_count":0,"master_deck":["Strike_B","Defend_B","Defend_B","Defend_B","Defend_B","Zap","Dualcast","Chill+1","Turbo","Sweeping Beam","Capacitor","Gash","Echo Form+1","Coolheaded","Conserve Battery","Thunder Strike","Gash","Beam Cell","Leap","Conserve Battery","Steam","Force Field","Stack"],"relics":["Cracked Core","NeowsBlessing","Golden Idol","Lee\u0027s Waffle","Mercury Hourglass","Lantern","Smiling Mask","White Beast Statue","Blood Vial","Ancient Tea Set"],"potions_floor_usage":[11,16,18,18,22,27,27,27],"damage_taken":[{"damage":0,"enemies":"2 Louse","floor":1,"turns":1},{"damage":0,"enemies":"Small Slimes","floor":5,"turns":1},{"damage":0,"enemies":"3 Sentries","floor":7,"turns":2},{"damage":0,"enemies":"Cultist","floor":10,"turns":3},{"damage":14,"enemies":"Gremlin Nob","floor":11,"turns":3},{"damage":7,"enemies":"Blue Slaver","floor":12,"turns":3},{"damage":0,"enemies":"2 Fungi Beasts","floor":13,"turns":2},{"damage":0,"enemies":"Large Slime","floor":14,"turns":4},{"damage":22,"enemies":"The Guardian","floor":16,"turns":12},{"damage":17,"enemies":"2 Thieves","floor":18,"turns":4},{"damage":29,"enemies":"Shell Parasite","floor":19,"turns":9},{"damage":6,"enemies":"Shelled Parasite and Fungi","floor":22,"turns":8},{"damage":18,"enemies":"Snecko","floor":24,"turns":9},{"damage":26,"enemies":"Colosseum Slavers","floor":27,"turns":5},{"damage":63,"enemies":"Colosseum Nobs","floor":27,"turns":4}],"seed_played":"-8277514164153902953","potions_obtained":[{"floor":5,"key":"Strength Potion"},{"floor":8,"key":"EssenceOfSteel"},{"floor":8,"key":"FocusPotion"},{"floor":13,"key":"SneckoOil"},{"floor":14,"key":"EssenceOfSteel"},{"floor":18,"key":"EssenceOfSteel"},{"floor":19,"key":"FearPotion"},{"floor":22,"key":"LiquidBronze"},{"floor":24,"key":"Fire Potion"}],"is_trial":false,"path_per_floor":["M","?","?","$","M","R","E","?","T","M","E","M","M","M","R","B",null,"M","M","$","?","M","R","M","R","T","?"],"character_chosen":"DEFECT","items_purchased":["Lee\u0027s Waffle","Leap","Blood Vial","Conserve Battery"],"campfire_rested":2,"item_purchase_floors":[4,20,20,20],"current_hp_per_floor":[75,57,57,82,82,82,82,82,82,82,68,61,61,61,61,39,71,54,25,25,25,21,45,29,53,53,0],"gold":104,"neow_bonus":"THREE_ENEMY_KILL","is_prod":false,"is_daily":false,"chose_seed":false,"campfire_upgraded":2,"win_rate":0,"timestamp":1565593236,"path_taken":["M","?","?","$","M","R","E","?","T","M","E","M","M","M","R","BOSS","M","M","$","?","M","R","M","R","T","?"],"build_version":"2019-07-17","purchased_purges":2,"victory":false,"max_hp_per_floor":[75,75,75,82,82,82,82,82,82,82,82,82,82,82,82,82,82,82,82,82,82,82,82,82,82,82,82],"card_choices":[{"not_picked":["Steam","Stack"],"picked":"Chill","floor":1},{"not_picked":["Reinforced Body","Hello World"],"picked":"Turbo","floor":5},{"not_picked":["Chaos","Leap"],"picked":"Sweeping Beam","floor":7},{"not_picked":["Streamline","Storm"],"picked":"Capacitor","floor":10},{"not_picked":["Steam","Streamline"],"picked":"Gash","floor":11},{"not_picked":["Cold Snap","Static Discharge"],"picked":"Echo Form","floor":12},{"not_picked":["Rebound","Doom and Gloom"],"picked":"Coolheaded","floor":13},{"not_picked":["Rebound","Turbo"],"picked":"Conserve Battery","floor":14},{"not_picked":["Hyperbeam","Biased Cognition"],"picked":"Thunder Strike","floor":16},{"not_picked":["Fusion","Doom and Gloom"],"picked":"Gash","floor":18},{"not_picked":["Defragment","Scrape+1"],"picked":"Beam Cell","floor":19},{"not_picked":["Reprogram","Barrage"],"picked":"Stack","floor":22},{"not_picked":["White Noise+1","Redo","Self Repair+1"],"picked":"SKIP","floor":24}],"player_experience":308167,"relics_obtained":[{"floor":7,"key":"Mercury Hourglass"},{"floor":9,"key":"Lantern"},{"floor":11,"key":"Smiling Mask"},{"floor":26,"key":"Ancient Tea Set"}],"event_choices":[{"damage_healed":0,"gold_gain":0,"player_choice":"Take Damage","damage_taken":18,"relics_obtained":["Golden Idol"],"max_hp_gain":0,"max_hp_loss":0,"event_name":"Golden Idol","floor":2,"gold_loss":0},{"damage_healed":0,"gold_gain":175,"player_choice":"AGREE","damage_taken":0,"max_hp_gain":0,"max_hp_loss":0,"event_name":"Liars Game","floor":3,"gold_loss":0,"cards_obtained":["Doubt"]},{"damage_healed":0,"gold_gain":0,"player_choice":"Bought 2 Potions","damage_taken":0,"max_hp_gain":0,"max_hp_loss":0,"event_name":"The Woman in Blue","floor":8,"gold_loss":0},{"damage_healed":0,"gold_gain":0,"cards_transformed":["Strike_B","Strike_B"],"player_choice":"Became Test Subject","damage_taken":0,"max_hp_gain":0,"max_hp_loss":0,"event_name":"Drug Dealer","floor":21,"gold_loss":0,"cards_obtained":["Steam","Force Field"]},{"damage_healed":0,"gold_gain":0,"player_choice":"Fight","damage_taken":0,"max_hp_gain":0,"max_hp_loss":0,"event_name":"Colosseum","floor":27,"gold_loss":0},{"damage_healed":0,"gold_gain":0,"player_choice":"Fought Nobs","damage_taken":0,"max_hp_gain":0,"max_hp_loss":0,"event_name":"Colosseum","floor":27,"gold_loss":0}],"is_beta":false,"boss_relics":[{"not_picked":["Coffee Dripper","Snecko Eye"],"picked":"White Beast Statue"}],"items_purged_floors":[4,20],"is_endless":false,"potions_floor_spawned":[5,13,14,18,19,22,24,27],"killed_by":"Colosseum Nobs","ascension_level":5}