{"path_per_floor":["M","M","?","M","?","E","R","?","T","M","R","?","R","T","R","B",null,"M","?","?","T","M","R","M","R","T","M","$","M","R","M","R","B",null,"M","M","?","$","T","E","R","M","T","R","M","M","?","M","R","B"],"character_chosen":"IRONCLAD","items_purchased":["Pen Nib","Ancient Tea Set","Bag of Marbles","Whetstone"],"gold_per_floor":[114,126,126,147,147,178,178,178,233,257,257,257,257,305,305,426,426,442,367,367,418,441,441,454,454,454,473,100,123,123,139,139,270,270,295,316,316,26,26,69,69,82,128,128,152,176,176,190,190,190],"floor_reached":51,"campfire_rested":4,"playtime":1232,"current_hp_per_floor":[80,80,74,74,74,54,54,51,51,50,50,50,50,50,50,39,74,74,74,74,74,63,63,48,48,48,43,43,47,47,53,74,56,74,68,62,53,53,53,26,48,51,51,73,56,65,65,52,76,17],"items_purged":["Strike_R"],"gold":190,"score":577,"play_id":"9038d2aa-e522-4ad2-a293-e6baaab30a94","is_prod":false,"is_daily":false,"is_ascension_mode":false,"campfire_upgraded":7,"path_taken":["M","M","?","M","?","E","R","?","T","?","R","?","R","?","R","BOSS","M","?","?","?","M","R","?","R","T","M","$","M","R","M","R","BOSS","M","M","?","$","?","E","R","?","T","R","M","?","?","M","R","BOSS"],"build_version":"2018-02-22-PROD2","purchased_purges":1,"victory":true,"master_deck":["Strike_R","Strike_R+1","Defend_R+1","Defend_R","Defend_R+1","Defend_R+1","Bash+1","Bludgeon+1","Clash+1","Double Tap+1","Burning Pact+1","Cleave+1","Headbutt+1","Bludgeon+1","Infernal Blade+1","Madness","Madness","Pommel Strike+1","Thunderclap+1"],"max_hp_per_floor":[80,80,74,74,74,74,74,74,74,74,74,74,74,74,74,74,74,74,74,74,74,74,74,74,74,74,74,74,74,74,74,74,74,74,74,74,74,74,74,74,74,74,74,74,76,78,78,80,80,80],"relics":["Burning Blood","Golden Idol","Oddly Smooth Stone","Lantern","Art of War","Happy Flower","Sozu","Omamori","Orichalcum","Pen Nib","Ancient Tea Set","Bag of Marbles","Whetstone","Singing Bowl","Dodecahedron","Blood Vial"],"card_choices":[{"not_picked":["Body Slam","Sword Boomerang"],"picked":"Bludgeon"},{"not_picked":["Anger","Bloodletting"],"picked":"Clash"},{"not_picked":["Demon Form","Feed"],"picked":"Double Tap"},{"not_picked":["Clothesline","Anger"],"picked":"Burning Pact"},{"not_picked":["Warcry","Body Slam"],"picked":"Cleave"},{"not_picked":["Warcry","Sever Soul"],"picked":"Headbutt"},{"not_picked":["Demon Form","Immolate"],"picked":"Bludgeon"},{"not_picked":["Clothesline","Havoc"],"picked":"Infernal Blade"},{"not_picked":["Fire Breathing","Feel No Pain"],"picked":"Pommel Strike"},{"not_picked":["Shrug It Off","Anger"],"picked":"Thunderclap"}],"player_experience":349436,"potions_floor_usage":[31,50],"damage_taken":[{"damage":6.0,"enemies":"Jaw Worm","floor":1.0,"turns":3.0},{"damage":1.0,"enemies":"Cultist","floor":2.0,"turns":3.0},{"damage":1.0,"enemies":"2 Louse","floor":4.0,"turns":2.0},{"damage":26.0,"enemies":"Lagavulin","floor":6.0,"turns":5.0},{"damage":7.0,"enemies":"Exordium Thugs","floor":10.0,"turns":4.0},{"damage":17.0,"enemies":"Slime Boss","floor":16.0,"turns":8.0},{"damage":0.0,"enemies":"Spheric Guardian","floor":18.0,"turns":1.0},{"damage":17.0,"enemies":"3 Byrds","floor":22.0,"turns":7.0},{"damage":21.0,"enemies":"Slaver and Parasite","floor":24.0,"turns":6.0},{"damage":11.0,"enemies":"Centurion and Healer","floor":27.0,"turns":3.0},{"damage":2,"enemies":"Sentry and Sphere","floor":29,"turns":3},{"damage":0,"enemies":"Snecko","floor":31,"turns":2},{"damage":24,"enemies":"Collector","floor":33,"turns":5},{"damage":12,"enemies":"Orb Walker","floor":35,"turns":3},{"damage":12,"enemies":"3 Darklings","floor":36,"turns":4},{"damage":33,"enemies":"2 Orb Walkers","floor":40,"turns":3},{"damage":3,"enemies":"Sphere and 2 Shapes","floor":42,"turns":3},{"damage":26,"enemies":"4 Shapes","floor":45,"turns":3},{"damage":5,"enemies":"3 Darklings","floor":46,"turns":4},{"damage":23,"enemies":"Maw","floor":48,"turns":5},{"damage":67,"enemies":"Awakened One","floor":50,"turns":12}],"event_choices":[{"event_name":"Golden Idol","player_choice":"Lose Max HP","floor":3.0,"damage_taken":0.0},{"event_name":"The Woman in Blue","player_choice":"Bought 0 Potions","floor":5.0,"damage_taken":0.0},{"event_name":"Scrap Ooze","player_choice":"success","floor":8.0,"damage_taken":3.0},{"event_name":"Liars Game","player_choice":"disagreed","floor":12.0,"damage_taken":0.0},{"event_name":"Beggar","player_choice":"Gave Gold","floor":19.0,"damage_taken":0.0},{"event_name":"Back to Basics","player_choice":"Elegance","floor":20.0,"damage_taken":0.0},{"event_name":"Winding Halls","player_choice":"Embrace Madness","floor":37,"damage_taken":0},{"event_name":"Match and Keep!","player_choice":"0 cards matched","floor":47,"damage_taken":0}],"boss_relics":[{"not_picked":["White Beast Statue","Pandora\u0027s Box","Mark of Pain"]}],"potions_floor_spawned":[2,4,6,24,31,36,42],"seed_played":"-8052549411121179410","ascension_level":0,"is_trial":false}