{"gold_per_floor":[113,133,133,152,170,170,170,170,170,170,196,215,365,24,24,97,97,107,7,24,37,56,56,56,56,56,56],"floor_reached":27,"playtime":1477,"items_purged":["Doubt","Strike_G"],"score":440,"play_id":"d7264677-ed7c-413e-87fb-75526ecee065","local_time":"20190704102355","is_ascension_mode":true,"campfire_choices":[{"data":"Infinite Blades","floor":6,"key":"SMITH"},{"data":"Neutralize","floor":8,"key":"SMITH"},{"data":"Footwork","floor":10,"key":"SMITH"},{"floor":15,"key":"REST"},{"data":"Burst","floor":23,"key":"SMITH"},{"data":"Well Laid Plans","floor":25,"key":"SMITH"}],"neow_cost":"NONE","seed_source_timestamp":194392791887484,"circlet_count":0,"master_deck":["AscendersBane","Strike_G+1","Strike_G+1","Strike_G+1","Defend_G+1","Defend_G+1","Defend_G+1","Defend_G+1","Defend_G+1","Survivor","Neutralize+1","Footwork+1","Bane","Masterful Stab","Infinite Blades+1","Finisher","Slice","Backflip","Burst+1","Deflect","Well Laid Plans+1","Acrobatics","Skewer+1"],"relics":["Ring of the Snake","NeowsBlessing","Mango","Shuriken","Bag of Preparation","HandDrill","Coffee Dripper","Pear"],"potions_floor_usage":[11,16,18,21,21],"damage_taken":[{"damage":0,"enemies":"Small Slimes","floor":1,"turns":1},{"damage":0,"enemies":"Cultist","floor":2,"turns":1},{"damage":0,"enemies":"2 Louse","floor":4,"turns":1},{"damage":2,"enemies":"Exordium Wildlife","floor":5,"turns":5},{"damage":6,"enemies":"3 Sentries","floor":11,"turns":5},{"damage":3,"enemies":"Looter","floor":12,"turns":3},{"damage":13,"enemies":"Slime Boss","floor":16,"turns":8},{"damage":12,"enemies":"Chosen","floor":18,"turns":3},{"damage":8,"enemies":"2 Thieves","floor":20,"turns":3},{"damage":15,"enemies":"Snake Plant","floor":21,"turns":3},{"damage":7,"enemies":"Centurion and Healer","floor":22,"turns":6},{"damage":40,"enemies":"Slavers","floor":27,"turns":4}],"seed_played":"-6139486495380251524","potions_obtained":[{"floor":1,"key":"PowerPotion"},{"floor":2,"key":"SmokeBomb"},{"floor":4,"key":"LiquidBronze"},{"floor":16,"key":"Poison Potion"},{"floor":18,"key":"SkillPotion"}],"is_trial":false,"path_per_floor":["M","M","?","M","M","R","?","R","T","R","E","M","?","$","R","B",null,"M","$","M","M","M","R","?","R","T","E"],"character_chosen":"THE_SILENT","items_purchased":["HandDrill","Strength Potion"],"campfire_rested":1,"item_purchase_floors":[14,14],"current_hp_per_floor":[59,59,59,59,57,57,36,36,36,36,30,27,27,27,51,38,70,58,58,50,35,28,28,28,28,38,0],"gold":56,"neow_bonus":"THREE_ENEMY_KILL","is_prod":false,"is_daily":false,"chose_seed":false,"campfire_upgraded":5,"win_rate":0,"timestamp":1562250235,"path_taken":["M","M","?","?","M","R","?","R","T","R","E","M","?","$","R","BOSS","M","$","M","M","M","R","?","R","T","E"],"build_version":"2019-07-01","purchased_purges":2,"victory":false,"max_hp_per_floor":[66,66,66,66,66,66,80,80,80,80,80,80,80,80,80,80,80,80,80,80,80,80,80,80,80,90,90],"card_choices":[{"not_picked":["Predator","Infinite Blades"],"picked":"Footwork","floor":1},{"not_picked":["Underhanded Strike","Setup"],"picked":"Bane","floor":2},{"not_picked":["Dagger Throw","Backflip"],"picked":"Infinite Blades","floor":4},{"not_picked":["Prepared","Dodge and Roll"],"picked":"Finisher","floor":5},{"not_picked":["Deflect","Outmaneuver"],"picked":"Slice","floor":11},{"not_picked":["Quick Slash","Underhanded Strike"],"picked":"Backflip","floor":12},{"not_picked":["Phantasmal Killer","Doppelganger"],"picked":"Burst","floor":16},{"not_picked":["Underhanded Strike","Bane"],"picked":"Deflect","floor":18},{"not_picked":["Sucker Punch","Poisoned Stab+1"],"picked":"Well Laid Plans","floor":20},{"not_picked":["Quick Slash","Caltrops"],"picked":"Acrobatics","floor":21},{"not_picked":["Masterful Stab","All Out Attack"],"picked":"Skewer+1","floor":22}],"player_experience":854830,"relics_obtained":[{"floor":9,"key":"Shuriken"},{"floor":11,"key":"Bag of Preparation"},{"floor":26,"key":"Pear"}],"event_choices":[{"damage_healed":0,"gold_gain":0,"cards_transformed":["Strike_G"],"player_choice":"Transformed","damage_taken":0,"max_hp_gain":0,"max_hp_loss":0,"event_name":"Transmorgrifier","floor":3,"gold_loss":0,"cards_obtained":["Masterful Stab"]},{"damage_healed":0,"gold_gain":0,"player_choice":"Success","damage_taken":35,"relics_obtained":["Mango"],"max_hp_gain":0,"max_hp_loss":0,"event_name":"Scrap Ooze","floor":7,"gold_loss":0},{"damage_healed":0,"gold_gain":150,"player_choice":"AGREE","damage_taken":0,"max_hp_gain":0,"max_hp_loss":0,"event_name":"Liars Game","floor":13,"gold_loss":0,"cards_obtained":["Doubt"]},{"damage_healed":0,"gold_gain":0,"player_choice":"Simplicity","damage_taken":0,"max_hp_gain":0,"max_hp_loss":0,"event_name":"Back to Basics","floor":24,"gold_loss":0,"cards_upgraded":["Strike_G","Strike_G","Strike_G","Defend_G","Defend_G","Defend_G","Defend_G","Defend_G"]}],"is_beta":false,"boss_relics":[{"not_picked":["Ring of the Serpent","Ectoplasm"],"picked":"Coffee Dripper"}],"items_purged_floors":[14,19],"is_endless":false,"potions_floor_spawned":[1,2,4,16,18],"killed_by":"Slavers","ascension_level":19}