{"path_per_floor":["M","?","?","$","M","R","M","R","T","R","$","M","M","M","R","B",null,"M","?","?"],"character_chosen":"THE_SILENT","items_purchased":["Acrobatics","Outmaneuver"],"gold_per_floor":[114,114,114,39,54,54,69,69,94,94,23,38,53,68,68,168,168,183,183,183],"floor_reached":21,"campfire_rested":1,"playtime":939,"current_hp_per_floor":[70,70,70,70,68,68,65,65,65,65,65,61,56,39,60,37,37,2,2,2],"items_purged":["Strike_G"],"gold":183,"score":169,"play_id":"dda79f47-6784-4a10-9580-bc8d0c45aa7c","local_time":"20180304130814","daily_mods":[{"name":"Diverse","description":"Start with 2 cards from another class.","modID":"Diverse","img":{"data":{"file":{"file":{"path":"images\\ui\\run_mods\\diverse.png"},"type":"Internal"},"width":64,"height":64,"format":"RGBA8888","useMipMaps":false,"isPrepared":false},"glTarget":3553,"glHandle":685,"minFilter":"Linear","magFilter":"Linear","uWrap":"ClampToEdge","vWrap":"ClampToEdge"},"positive":true},{"name":"Lethal Enemies","description":"All enemies start with +3 Strength.","modID":"Lethal Enemies","img":{"data":{"file":{"file":{"path":"images\\ui\\run_mods\\lethal_enemies.png"},"type":"Internal"},"width":64,"height":64,"format":"RGBA8888","useMipMaps":false,"isPrepared":false},"glTarget":3553,"glHandle":675,"minFilter":"Linear","magFilter":"Linear","uWrap":"ClampToEdge","vWrap":"ClampToEdge"},"positive":false},{"name":"Restless Journey","description":"You no longer heal when entering new acts.","modID":"Restless Journey","img":{"data":{"file":{"file":{"path":"images\\ui\\run_mods\\restless_journey.png"},"type":"Internal"},"width":64,"height":64,"format":"RGBA8888","useMipMaps":false,"isPrepared":false},"glTarget":3553,"glHandle":676,"minFilter":"Linear","magFilter":"Linear","uWrap":"ClampToEdge","vWrap":"ClampToEdge"},"positive":false},{"name":"Binary","description":"Card rewards contain only 2 cards.","modID":"Binary","img":{"data":{"file":{"file":{"path":"images\\ui\\run_mods\\binary.png"},"type":"Internal"},"width":64,"height":64,"format":"RGBA8888","useMipMaps":false,"isPrepared":false},"glTarget":3553,"glHandle":680,"minFilter":"Linear","magFilter":"Linear","uWrap":"ClampToEdge","vWrap":"ClampToEdge"},"positive":false}],"is_prod":false,"is_daily":true,"is_ascension_mode":false,"campfire_upgraded":3,"timestamp":1520186894,"path_taken":["M","?","?","?","M","R","M","R","T","R","$","M","M","M","R","BOSS","M","?","?","M"],"build_version":"2018-03-01-PROD1","purchased_purges":1,"victory":false,"master_deck":["Defend_G","Defend_G","Defend_G","Defend_G","Defend_G","Strike_G","Survivor","Neutralize","Noxious Fumes+1","Unload","Outmaneuver+1","Backflip+1","Acrobatics","Outmaneuver","Acrobatics","Catalyst","Deflect","Envenom","Storm of Steel+1","Terror+1","Reflex+1","Crippling Poison","Noxious Fumes+1"],"max_hp_per_floor":[70,70,70,70,70,70,70,70,70,70,70,70,70,70,70,70,70,70,70,70],"relics":["Ring of the Snake","Vajra","Astrolabe"],"card_choices":[{"not_picked":["PiercingWail"],"picked":"Noxious Fumes"},{"not_picked":["Poisoned Stab"],"picked":"Outmaneuver"},{"not_picked":["Dagger Spray"],"picked":"Backflip"},{"not_picked":["Sucker Punch"],"picked":"Acrobatics"},{"not_picked":["Deflect"],"picked":"Catalyst"},{"not_picked":["Masterful Stab"],"picked":"Deflect"},{"not_picked":["Grand Finale"],"picked":"Envenom"},{"not_picked":["Poisoned Stab"],"picked":"Crippling Poison"}],"player_experience":377519,"potions_floor_usage":[13,16],"damage_taken":[{"damage":0,"enemies":"Small Slimes","floor":1,"turns":3},{"damage":2,"enemies":"Cultist","floor":5,"turns":4},{"damage":3,"enemies":"2 Louse","floor":7,"turns":4},{"damage":4,"enemies":"Exordium Wildlife","floor":12,"turns":4},{"damage":5,"enemies":"Exordium Thugs","floor":13,"turns":4},{"damage":17,"enemies":"3 Louse","floor":14,"turns":4},{"damage":23,"enemies":"Slime Boss","floor":16,"turns":10},{"damage":35,"enemies":"Spheric Guardian","floor":18,"turns":6},{"damage":0,"enemies":"3 Byrds","floor":21,"turns":1}],"event_choices":[{"event_name":"Transmorgrifier","player_choice":"Transform","floor":2,"damage_taken":0},{"event_name":"Bonfire Elementals","player_choice":"UNCOMMON","floor":3,"damage_taken":0},{"event_name":"Cursed Tome","player_choice":"Ignored","floor":19,"damage_taken":0},{"event_name":"Duplicator","player_choice":"One dupe","floor":20,"damage_taken":0}],"boss_relics":[{"not_picked":["White Beast Statue","Lizard Tail"],"picked":"Astrolabe"}],"potions_floor_spawned":[1,12,13],"seed_played":"2393319582917663715","killed_by":"3 Byrds","ascension_level":0,"is_trial":false}