{"gold_per_floor":[209,10,27,27,47,47,78,78,78,78,111,127,127,148,148,271,271,294,294,244,41,56,56,87,87,87,130,130,130,130,150,150,276,276,297,630,235,254,273,273,273,223,223,233,233,109,120,139,139,139],"floor_reached":51,"playtime":2748,"items_purged":["Writhe","Strike_B","Defend_B","Writhe","Undo"],"score":1047,"play_id":"1805995c-6682-47f8-82e2-8537122503e6","local_time":"20181021151117","is_ascension_mode":true,"campfire_choices":[{"floor":8.0,"key":"REST"},{"data":"Strike_B","floor":10.0,"key":"PURGE"},{"floor":13.0,"key":"REST"},{"floor":15.0,"key":"REST"},{"data":"Dualcast","floor":23.0,"key":"PURGE"},{"data":"Defend_B","floor":25.0,"key":"PURGE"},{"data":"Defend_B","floor":30.0,"key":"PURGE"},{"floor":32.0,"key":"REST"},{"data":"Defend_B","floor":40.0,"key":"PURGE"},{"floor":49.0,"key":"REST"}],"neow_cost":"NONE","seed_source_timestamp":704668652456930,"circlet_count":0,"master_deck":["Strike_B","Zap","AscendersBane","Consume","Tempest","Lockon","Core Surge","Coolheaded","Electrodynamics","Conserve Battery","Conserve Battery","Reboot","Biased Cognition","BootSequence","Chill+1","Coolheaded"],"special_seed":0,"relics":["Cracked Core","ClockworkSouvenir","Peace Pipe","Bottled Flame","Emotion Chip","Fusion Hammer","Smiling Mask","Blue Candle","Sundial","Pocketwatch","Busted Crown","DollysMirror","Bag of Preparation","Lantern"],"potions_floor_usage":[50,50],"damage_taken":[{"damage":1.0,"enemies":"Jaw Worm","floor":1.0,"turns":4.0},{"damage":0.0,"enemies":"Small Slimes","floor":3.0,"turns":4.0},{"damage":3.0,"enemies":"2 Louse","floor":5.0,"turns":3.0},{"damage":45.0,"enemies":"Lagavulin","floor":7.0,"turns":7.0},{"damage":36.0,"enemies":"Gremlin Nob","floor":11.0,"turns":4.0},{"damage":2.0,"enemies":"Looter","floor":12.0,"turns":3.0},{"damage":16.0,"enemies":"2 Fungi Beasts","floor":14.0,"turns":3.0},{"damage":12.0,"enemies":"The Guardian","floor":16.0,"turns":9.0},{"damage":2.0,"enemies":"2 Thieves","floor":18.0,"turns":2.0},{"damage":5.0,"enemies":"Shell Parasite","floor":22.0,"turns":5.0},{"damage":16.0,"enemies":"Book of Stabbing","floor":24.0,"turns":5.0},{"damage":14.0,"enemies":"Slavers","floor":27.0,"turns":3.0},{"damage":12.0,"enemies":"Snake Plant","floor":31.0,"turns":3.0},{"damage":37.0,"enemies":"Automaton","floor":33.0,"turns":9.0},{"damage":13.0,"enemies":"3 Shapes","floor":35.0,"turns":2.0},{"damage":2.0,"enemies":"Orb Walker","floor":38.0,"turns":2.0},{"damage":1.0,"enemies":"3 Darklings","floor":39.0,"turns":3.0},{"damage":20.0,"enemies":"Maw","floor":44.0,"turns":5.0},{"damage":6.0,"enemies":"Transient","floor":47.0,"turns":5.0},{"damage":0.0,"enemies":"Sphere and 2 Shapes","floor":48.0,"turns":2.0},{"damage":63,"enemies":"Time Eater","floor":50,"turns":13}],"seed_played":"-2476529557497458397","potions_obtained":[{"floor":1.0,"key":"PowerPotion"},{"floor":5.0,"key":"LiquidBronze"},{"floor":16.0,"key":"PowerPotion"},{"floor":18.0,"key":"Weak Potion"},{"floor":24.0,"key":"FocusPotion"},{"floor":29.0,"key":"Ancient Potion"},{"floor":29.0,"key":"SneckoOil"},{"floor":38.0,"key":"SkillPotion"},{"floor":48.0,"key":"Regen Potion"}],"is_trial":false,"path_per_floor":["M","$","M","?","M","?","E","R","T","R","E","M","R","M","R","B",null,"M","?","$","$","M","R","E","R","T","E","?","?","R","M","R","B",null,"M","?","$","M","M","R","?","$","T","M","?","$","M","M","R","B"],"character_chosen":"DEFECT","items_purchased":["ClockworkSouvenir","Electrodynamics","DollysMirror","Bag of Preparation","FocusPotion"],"campfire_rested":5,"item_purchase_floors":[2,21,37,37,46],"current_hp_per_floor":[67,67,67,67,64,64,19,39,39,39,3,1,21,5,25,13,55,53,53,53,53,48,48,32,32,32,18,41,41,41,29,49,12,55,42,42,42,40,39,39,56,56,56,36,36,36,30,30,50,2],"gold":139,"neow_bonus":"HUNDRED_GOLD","is_prod":false,"is_daily":false,"chose_seed":false,"campfire_upgraded":0,"win_rate":0,"timestamp":1540149077,"path_taken":["M","$","M","?","M","?","E","R","T","R","E","M","R","M","R","BOSS","M","?","?","$","M","R","E","R","T","E","?","?","R","?","R","BOSS","M","?","?","M","M","R","?","$","T","M","?","$","M","M","R","BOSS"],"build_version":"2018-10-18","purchased_purges":5,"victory":true,"max_hp_per_floor":[75,75,75,75,75,69,69,69,69,69,69,69,69,69,69,69,69,69,69,69,69,69,69,69,69,69,69,69,69,69,69,69,69,69,69,69,69,69,69,69,69,69,69,69,69,69,69,69,69,69],"card_choices":[{"not_picked":["Barrage","White Noise"],"picked":"Consume","floor":1.0},{"not_picked":["Beam Cell","Doom and Gloom","Streamline"],"picked":"SKIP","floor":3.0},{"not_picked":["Hologram","Leap","Double Energy"],"picked":"SKIP","floor":5.0},{"not_picked":["Darkness","White Noise"],"picked":"Tempest","floor":7.0},{"not_picked":["Defragment","Turbo"],"picked":"Biased Cognition","floor":11.0},{"not_picked":["Darkness","Melter"],"picked":"Undo","floor":12.0},{"not_picked":["Barrage","Compile Driver"],"picked":"Lockon","floor":14.0},{"not_picked":["Fission","Hyperbeam"],"picked":"Core Surge","floor":16.0},{"not_picked":["Leap","Go for the Eyes+1"],"picked":"Coolheaded","floor":18.0},{"not_picked":["Turbo+1","Reinforced Body"],"picked":"Conserve Battery","floor":22.0},{"not_picked":["Beam Cell+1","Hello World","Turbo"],"picked":"SKIP","floor":24.0},{"not_picked":["Chaos","Electrodynamics"],"picked":"Conserve Battery","floor":27.0},{"not_picked":["Force Field","Darkness","Compile Driver+1"],"picked":"SKIP","floor":31.0},{"not_picked":["Multi-Cast","Machine Learning"],"picked":"Reboot","floor":33.0},{"not_picked":["Compile Driver"],"picked":"SKIP","floor":35.0},{"not_picked":["Compile Driver"],"picked":"SKIP","floor":38.0},{"not_picked":[],"picked":"BootSequence","floor":39.0},{"not_picked":[],"picked":"Chill+1","floor":44.0},{"not_picked":["Gash"],"picked":"SKIP","floor":47.0},{"not_picked":[],"picked":"Coolheaded","floor":48.0}],"player_experience":535770,"relics_obtained":[{"floor":7.0,"key":"Peace Pipe"},{"floor":9.0,"key":"Bottled Flame"},{"floor":11.0,"key":"Emotion Chip"},{"floor":24.0,"key":"Blue Candle"},{"floor":26.0,"key":"Sundial"},{"floor":27.0,"key":"Pocketwatch"},{"floor":43.0,"key":"Lantern"}],"event_choices":[{"cards_removed":["Strike_B"],"damage_healed":0.0,"max_hp_gain":0.0,"max_hp_loss":0.0,"gold_gain":0.0,"event_name":"Living Wall","player_choice":"Forget","floor":4.0,"gold_loss":0.0,"damage_taken":0.0},{"damage_healed":0.0,"max_hp_gain":0.0,"max_hp_loss":6.0,"gold_gain":0.0,"event_name":"Golden Idol","player_choice":"Lose Max HP","floor":6.0,"gold_loss":0.0,"damage_taken":0.0,"relics_obtained":["Golden Idol"]},{"damage_healed":0.0,"max_hp_gain":0.0,"max_hp_loss":0.0,"gold_gain":0.0,"event_name":"The Mausoleum","player_choice":"Opened","floor":19.0,"gold_loss":0.0,"damage_taken":0.0,"relics_obtained":["Smiling Mask"],"cards_obtained":["Writhe"]},{"damage_healed":23.0,"max_hp_gain":0.0,"max_hp_loss":0.0,"gold_gain":0.0,"event_name":"The Library","player_choice":"Heal","floor":28.0,"gold_loss":0.0,"damage_taken":0.0},{"damage_healed":0.0,"max_hp_gain":0.0,"max_hp_loss":0.0,"gold_gain":0.0,"event_name":"The Lab","player_choice":"Got Potions","floor":29.0,"gold_loss":0.0,"damage_taken":0.0},{"damage_healed":0.0,"max_hp_gain":0.0,"max_hp_loss":0.0,"gold_gain":333.0,"event_name":"The Moai Head","player_choice":"Gave Idol","floor":36.0,"relics_lost":["Golden Idol"],"gold_loss":0.0,"damage_taken":0.0},{"damage_healed":17.0,"max_hp_gain":0.0,"max_hp_loss":0.0,"gold_gain":0.0,"event_name":"Winding Halls","player_choice":"Writhe","floor":41.0,"gold_loss":0.0,"damage_taken":0.0,"cards_obtained":["Writhe"]},{"cards_removed":["Biased Cognition"],"damage_healed":0.0,"max_hp_gain":0.0,"max_hp_loss":0.0,"gold_gain":0.0,"event_name":"Falling","player_choice":"Removed Power","floor":45.0,"gold_loss":0.0,"damage_taken":0.0}],"is_beta":false,"boss_relics":[{"not_picked":["Tiny House","Velvet Choker"],"picked":"Fusion Hammer"},{"not_picked":["Empty Cage","Philosopher\u0027s Stone"],"picked":"Busted Crown"}],"items_purged_floors":[20,21,37,42,46],"is_endless":false,"potions_floor_spawned":[1,5,16,18,24,38,48],"ascension_level":11}