{"gold_per_floor":[110,110,36,56,131,131,152,152,200,200,240,240,240,256,256,381,381,405,405,405,18,18,54,54,72,99,99,123,123,123,123,123,244,244,268,268,268,289,63,63,63,63,86,107,107,128,128,147,147,147],"floor_reached":51,"playtime":2152,"items_purged":["Offering"],"score":734,"play_id":"e89b104d-5fc9-4ec7-9a62-7bd0bf96fdca","local_time":"20190808143924","is_ascension_mode":false,"campfire_choices":[{"floor":6.0,"key":"DIG"},{"floor":8.0,"key":"DIG"},{"floor":10.0,"key":"DIG"},{"floor":15.0,"key":"REST"},{"floor":24.0,"key":"DIG"},{"floor":30.0,"key":"DIG"},{"floor":32.0,"key":"DIG"},{"floor":40,"key":"DIG"},{"floor":45,"key":"DIG"},{"floor":49,"key":"DIG"}],"neow_cost":"PERCENT_DAMAGE","seed_source_timestamp":505620410111047,"circlet_count":0,"master_deck":["Defend_R+1","Defend_R+1","Defend_R+1","Defend_R+1","Shrug It Off","Heavy Blade","Demon Form+1","Shrug It Off","Shrug It Off+1","Trip+1","True Grit+1","Bite","Bite","Bite+1","Bite+1","Bite","Offering+1","Brutality+1"],"special_seed":0,"relics":["Burning Blood","Shovel","Golden Idol","Red Skull","Incense Burner","Omamori","Dead Branch","Frozen Egg 2","Pen Nib","Coffee Dripper","Centennial Puzzle","Toxic Egg 2","Art of War","PreservedInsect","Darkstone Periapt","Bronze Scales","Runic Dome","Oddly Smooth Stone","Bottled Lightning","Ancient Tea Set","Vajra","Whetstone","Boot"],"potions_floor_usage":[44,50,50,50],"damage_taken":[{"damage":5.0,"enemies":"2 Louse","floor":1.0,"turns":3.0},{"damage":0.0,"enemies":"Jaw Worm","floor":4.0,"turns":3.0},{"damage":4.0,"enemies":"Small Slimes","floor":7.0,"turns":4.0},{"damage":18.0,"enemies":"Lagavulin","floor":11.0,"turns":6.0},{"damage":12.0,"enemies":"Blue Slaver","floor":14.0,"turns":3.0},{"damage":35.0,"enemies":"Hexaghost","floor":16.0,"turns":6.0},{"damage":6.0,"enemies":"3 Byrds","floor":18.0,"turns":5.0},{"damage":21.0,"enemies":"Gremlin Leader","floor":23.0,"turns":5.0},{"damage":19.0,"enemies":"2 Thieves","floor":25.0,"turns":3.0},{"damage":12.0,"enemies":"Snake Plant","floor":28.0,"turns":4.0},{"damage":65.0,"enemies":"Automaton","floor":33.0,"turns":8.0},{"damage":19,"enemies":"3 Shapes","floor":35,"turns":3},{"damage":15,"enemies":"Orb Walker","floor":38,"turns":3},{"damage":11,"enemies":"Jaw Worm Horde","floor":44,"turns":3},{"damage":9,"enemies":"Spire Growth","floor":46,"turns":4},{"damage":22,"enemies":"Writhing Mass","floor":48,"turns":4},{"damage":72,"enemies":"Time Eater","floor":50,"turns":6}],"seed_played":"4913884892941370454","potions_obtained":[{"floor":4.0,"key":"AttackPotion"},{"floor":7.0,"key":"Energy Potion"},{"floor":14.0,"key":"Explosive Potion"},{"floor":16.0,"key":"SpeedPotion"},{"floor":23.0,"key":"Strength Potion"},{"floor":28.0,"key":"BloodPotion"},{"floor":38,"key":"Explosive Potion"},{"floor":46,"key":"Block Potion"},{"floor":48,"key":"Poison Potion"}],"is_trial":false,"path_per_floor":["M","?","$","M","?","R","M","R","T","R","E","?","?","M","R","B",null,"M","?","?","$","?","E","R","M","T","?","M","?","R","?","R","B",null,"M","?","?","M","$","R","?","T","T","M","R","M","?","M","R","B",null],"character_chosen":"IRONCLAD","items_purchased":["Rampage","Toxic Egg 2","Shrug It Off+1","Trip+1","Oddly Smooth Stone"],"campfire_rested":1,"item_purchase_floors":[3,21,21,21,39],"current_hp_per_floor":[57,57,57,63,52,52,54,54,54,54,42,35,32,26,48,19,74,74,74,74,74,74,59,59,48,48,48,48,48,48,48,48,39,74,74,74,74,74,74,74,74,74,74,74,74,74,70,67,67,19],"gold":147,"neow_bonus":"ONE_RARE_RELIC","is_prod":false,"is_daily":false,"chose_seed":false,"campfire_upgraded":0,"win_rate":0,"timestamp":1565289564,"path_taken":["M","?","$","M","?","R","M","R","T","R","E","?","?","?","R","BOSS","M","?","?","$","?","E","R","M","T","?","?","?","R","?","R","BOSS","M","?","?","M","?","R","?","?","T","M","R","?","?","M","R","BOSS"],"build_version":"2019-07-17","purchased_purges":1,"victory":true,"max_hp_per_floor":[80,74,74,74,74,74,74,74,74,74,74,74,74,74,74,74,74,74,74,74,74,74,74,74,74,74,74,74,74,74,74,74,74,74,74,74,74,74,74,74,74,74,74,74,74,74,70,70,70,70],"card_choices":[{"not_picked":["Sever Soul","Hemokinesis"],"picked":"Shrug It Off","floor":1.0},{"not_picked":["Clothesline","Fire Breathing"],"picked":"Heavy Blade","floor":4.0},{"not_picked":["Flex","Uppercut","Rupture"],"picked":"SKIP","floor":7.0},{"not_picked":["Bloodletting","Pommel Strike"],"picked":"Demon Form","floor":11.0},{"not_picked":["Havoc","Clash","Intimidate"],"picked":"SKIP","floor":14.0},{"not_picked":["Havoc","Clash","Intimidate"],"picked":"SKIP","floor":14.0},{"not_picked":["Double Tap","Barricade+1"],"picked":"Offering","floor":16.0},{"not_picked":["Warcry","Evolve+1"],"picked":"Shrug It Off","floor":18.0},{"not_picked":["Iron Wave+1","Offering+1","Clash"],"picked":"SKIP","floor":23.0},{"not_picked":["Rage+1","Armaments+1","Sword Boomerang"],"picked":"SKIP","floor":25.0},{"not_picked":["Searing Blow+1","Pummel","Thunderclap"],"picked":"SKIP","floor":28.0},{"not_picked":["Barricade+1","Juggernaut+1"],"picked":"Brutality+1","floor":33.0},{"not_picked":["True Grit+1","Corruption+1","Heavy Blade+1"],"picked":"SKIP","floor":35},{"not_picked":["Clash","Twin Strike+1","Pummel+1"],"picked":"SKIP","floor":38},{"not_picked":["Clothesline","Armaments+1","Sentinel+1"],"picked":"SKIP","floor":44},{"not_picked":["Iron Wave","Rage+1","True Grit+1"],"picked":"SKIP","floor":46},{"not_picked":["Twin Strike","Pummel+1","Whirlwind+1"],"picked":"SKIP","floor":48}],"player_experience":954184,"relics_obtained":[{"floor":6.0,"key":"Red Skull"},{"floor":8.0,"key":"Incense Burner"},{"floor":9.0,"key":"Omamori"},{"floor":10.0,"key":"Dead Branch"},{"floor":11.0,"key":"Frozen Egg 2"},{"floor":23.0,"key":"Art of War"},{"floor":24.0,"key":"Blood Vial"},{"floor":26.0,"key":"PreservedInsect"},{"floor":30.0,"key":"Darkstone Periapt"},{"floor":32.0,"key":"Bronze Scales"},{"floor":40,"key":"Bottled Lightning"},{"floor":42,"key":"Ancient Tea Set"},{"floor":43,"key":"Vajra"},{"floor":45,"key":"Whetstone"},{"floor":49,"key":"Boot"}],"event_choices":[{"damage_healed":0.0,"max_hp_gain":0.0,"max_hp_loss":6.0,"gold_gain":0.0,"event_name":"Golden Idol","player_choice":"Lose Max HP","floor":2.0,"gold_loss":0.0,"damage_taken":0.0,"relics_obtained":["Golden Idol"]},{"damage_healed":0.0,"max_hp_gain":0.0,"max_hp_loss":0.0,"gold_gain":75.0,"event_name":"World of Goop","player_choice":"Gather Gold","floor":5.0,"gold_loss":0.0,"damage_taken":11.0},{"cards_removed":["Strike_R"],"damage_healed":0.0,"max_hp_gain":0.0,"max_hp_loss":0.0,"gold_gain":0.0,"event_name":"Golden Wing","player_choice":"Card Removal","floor":12.0,"gold_loss":0.0,"damage_taken":7.0},{"damage_healed":0.0,"max_hp_gain":0.0,"max_hp_loss":0.0,"gold_gain":0.0,"event_name":"Scrap Ooze","player_choice":"Success","floor":13.0,"gold_loss":0.0,"damage_taken":3.0,"relics_obtained":["Pen Nib"]},{"damage_healed":0.0,"max_hp_gain":0.0,"max_hp_loss":0.0,"gold_gain":0.0,"event_name":"Back to Basics","player_choice":"Simplicity","floor":19.0,"gold_loss":0.0,"damage_taken":0.0,"cards_upgraded":["Strike_R","Strike_R","Strike_R","Strike_R","Defend_R","Defend_R","Defend_R","Defend_R"]},{"damage_healed":0.0,"max_hp_gain":0.0,"max_hp_loss":0.0,"gold_gain":0.0,"event_name":"The Mausoleum","player_choice":"Opened","floor":20.0,"gold_loss":0.0,"damage_taken":0.0,"relics_obtained":["Centennial Puzzle"],"cards_obtained":["Writhe"]},{"damage_healed":0.0,"max_hp_gain":0.0,"max_hp_loss":0.0,"gold_gain":0.0,"event_name":"The Library","player_choice":"Read","floor":22.0,"gold_loss":0.0,"damage_taken":0.0,"cards_obtained":["True Grit"]},{"damage_healed":0.0,"max_hp_gain":0.0,"max_hp_loss":0.0,"gold_gain":0.0,"event_name":"Vampires","player_choice":"Became a vampire (Vial)","floor":27.0,"relics_lost":["Blood Vial"],"gold_loss":0.0,"damage_taken":0.0,"cards_obtained":["Bite","Bite","Bite","Bite","Bite"]},{"damage_healed":0.0,"max_hp_gain":0.0,"max_hp_loss":0.0,"gold_gain":0.0,"cards_transformed":["Bash","Rampage"],"event_name":"Drug Dealer","player_choice":"Became Test Subject","floor":29.0,"gold_loss":0.0,"damage_taken":0.0,"cards_obtained":["Rampage","Offering"]},{"damage_healed":0.0,"max_hp_gain":0.0,"max_hp_loss":0.0,"gold_gain":0.0,"event_name":"Cursed Tome","player_choice":"Ignored","floor":31.0,"gold_loss":0.0,"damage_taken":0.0},{"cards_removed":["Rampage"],"damage_healed":0,"gold_gain":0,"player_choice":"Removed Attack","damage_taken":0,"max_hp_gain":0,"max_hp_loss":0,"event_name":"Falling","floor":36,"gold_loss":0},{"damage_healed":0,"gold_gain":0,"player_choice":"Memory 1","damage_taken":0,"max_hp_gain":0,"max_hp_loss":0,"event_name":"SensoryStone","floor":37,"gold_loss":0},{"damage_healed":0,"gold_gain":0,"player_choice":"Ignored","damage_taken":0,"max_hp_gain":0,"max_hp_loss":0,"event_name":"Mysterious Sphere","floor":41,"gold_loss":0},{"damage_healed":0,"gold_gain":0,"player_choice":"Max HP","damage_taken":0,"max_hp_gain":0,"max_hp_loss":4,"event_name":"Winding Halls","floor":47,"gold_loss":0}],"is_beta":false,"boss_relics":[{"not_picked":["Tiny House","Lizard Tail"],"picked":"Coffee Dripper"},{"not_picked":["Snecko Eye","Astrolabe"],"picked":"Runic Dome"}],"items_purged_floors":[39],"is_endless":false,"potions_floor_spawned":[4,7,14,16,23,28,38,46,48],"ascension_level":0}