{"gold_per_floor":[116,116,126,137,137,137,150,150,150,160,177,196,196,210,210,210],"floor_reached":16,"playtime":636,"items_purged":[],"score":96,"play_id":"4b9d3629-5581-418f-9cec-6def544c18c5","local_time":"20190108005158","is_ascension_mode":false,"campfire_choices":[{"data":"Heavy Blade","floor":6,"key":"SMITH"},{"data":"Flex","floor":8,"key":"SMITH"},{"data":"Defend_R","floor":15,"key":"SMITH"}],"neow_cost":"NONE","seed_source_timestamp":1729022254658,"circlet_count":0,"master_deck":["Strike_R","Strike_R","Strike_R","Strike_R","Strike_R","Defend_R","Defend_R","Defend_R+1","Defend_R","Bash","Pommel Strike","Flex+1","Heavy Blade+1","Ghostly Armor","Disarm"],"relics":["Mark of Pain","Gambling Chip","FossilizedHelix"],"potions_floor_usage":[],"damage_taken":[{"damage":0,"enemies":"Cultist","floor":1,"turns":3},{"damage":1,"enemies":"Jaw Worm","floor":3,"turns":3},{"damage":0,"enemies":"Small Slimes","floor":4,"turns":3},{"damage":4,"enemies":"2 Fungi Beasts","floor":7,"turns":3},{"damage":0,"enemies":"Exordium Wildlife","floor":10,"turns":3},{"damage":0,"enemies":"Blue Slaver","floor":11,"turns":2},{"damage":6,"enemies":"3 Louse","floor":12,"turns":3},{"damage":0,"enemies":"Exordium Thugs","floor":14,"turns":4},{"damage":0,"enemies":"Slime Boss","floor":16,"turns":1}],"seed_played":"-155552474275270257","potions_obtained":[{"floor":1,"key":"Weak Potion"},{"floor":2,"key":"Dexterity Potion"},{"floor":2,"key":"LiquidBronze"},{"floor":2,"key":"LiquidBronze"},{"floor":7,"key":"EntropicBrew"}],"is_trial":false,"path_per_floor":["M","?","M","M","?","R","M","R","T","M","M","M","$","M","R","B"],"character_chosen":"IRONCLAD","items_purchased":[],"campfire_rested":0,"item_purchase_floors":[],"current_hp_per_floor":[80,80,79,79,79,79,75,75,75,75,75,69,69,69,69,69],"gold":210,"neow_bonus":"BOSS_RELIC","is_prod":false,"is_daily":false,"chose_seed":false,"campfire_upgraded":3,"win_rate":0,"timestamp":1546926718,"path_taken":["M","?","?","M","?","R","M","R","T","?","M","M","$","M","R","BOSS"],"build_version":"2019-01-03v4","purchased_purges":0,"victory":false,"max_hp_per_floor":[80,80,80,80,80,80,80,80,80,80,80,80,80,80,80,80],"card_choices":[{"not_picked":["Fire Breathing","Warcry"],"picked":"Pommel Strike","floor":1},{"not_picked":["Warcry","Clothesline"],"picked":"Flex","floor":3},{"not_picked":["Iron Wave","Pommel Strike"],"picked":"Heavy Blade","floor":4},{"not_picked":["Perfected Strike","Flex"],"picked":"Ghostly Armor","floor":7},{"not_picked":["Warcry","Fiend Fire","Wild Strike"],"picked":"SKIP","floor":10},{"not_picked":["Cleave","Carnage"],"picked":"Disarm","floor":11},{"not_picked":["Blood for Blood","Twin Strike","Ghostly Armor"],"picked":"SKIP","floor":12},{"not_picked":["Twin Strike","Cleave","Metallicize"],"picked":"SKIP","floor":14}],"player_experience":686579,"relics_obtained":[{"floor":9,"key":"FossilizedHelix"}],"event_choices":[{"damage_healed":0,"gold_gain":0,"player_choice":"Got Potions","damage_taken":0,"max_hp_gain":0,"max_hp_loss":0,"event_name":"Lab","floor":2,"gold_loss":0},{"damage_healed":0,"gold_gain":0,"player_choice":"Gave Potion","damage_taken":0,"relics_obtained":["Gambling Chip"],"max_hp_gain":0,"max_hp_loss":0,"event_name":"WeMeetAgain","floor":5,"gold_loss":0}],"is_beta":false,"boss_relics":[],"items_purged_floors":[],"is_endless":false,"potions_floor_spawned":[1,7,12,14],"killed_by":"Slime Boss","ascension_level":0}