{"gold_per_floor":[118,118,131,151,40,40,54,54,54,65,391,391,407,436,436,536,536,551,583,583,183,197,197,197],"floor_reached":24,"playtime":2266,"items_purged":["Strike_B","Defend_B"],"score":258,"play_id":"df2769b7-bfd7-4541-87b4-ba425ac3a056","local_time":"20190811232255","is_ascension_mode":true,"campfire_choices":[{"data":"Streamline","floor":6,"key":"SMITH"},{"data":"Dualcast","floor":8,"key":"SMITH"},{"data":"Scrape","floor":15,"key":"SMITH"},{"data":"Streamline","floor":23,"key":"SMITH"}],"neow_cost":"NONE","seed_source_timestamp":100966686875800,"circlet_count":0,"master_deck":["Strike_B","Strike_B","Defend_B","Defend_B","Zap","Dualcast+1","Turbo","Streamline+1","Glacier","Hologram","Loop","Sweeping Beam","Conserve Battery","Scrape+1","Multi-Cast","Leap","Streamline+1"],"relics":["Cracked Core","Nunchaku","Old Coin","Ice Cream","Eternal Feather","Red Mask","Incense Burner"],"potions_floor_usage":[11,11,14,19,24],"damage_taken":[{"damage":2,"enemies":"Jaw Worm","floor":1,"turns":3},{"damage":1,"enemies":"Cultist","floor":3,"turns":3},{"damage":0,"enemies":"Small Slimes","floor":4,"turns":2},{"damage":2,"enemies":"Blue Slaver","floor":7,"turns":4},{"damage":0,"enemies":"Exordium Wildlife","floor":10,"turns":3},{"damage":17,"enemies":"3 Sentries","floor":11,"turns":7},{"damage":1,"enemies":"Large Slime","floor":13,"turns":5},{"damage":23,"enemies":"Gremlin Nob","floor":14,"turns":4},{"damage":39,"enemies":"Slime Boss","floor":16,"turns":12},{"damage":18,"enemies":"2 Thieves","floor":18,"turns":3},{"damage":13,"enemies":"Masked Bandits","floor":19,"turns":4},{"damage":10,"enemies":"Shell Parasite","floor":22,"turns":7},{"damage":75,"enemies":"Gremlin Leader","floor":24,"turns":7}],"seed_played":"-2976120969471516578","potions_obtained":[{"floor":0,"key":"SneckoOil"},{"floor":0,"key":"Regen Potion"},{"floor":0,"key":"Regen Potion"},{"floor":3,"key":"EssenceOfSteel"},{"floor":16,"key":"Fire Potion"},{"floor":18,"key":"Ancient Potion"},{"floor":19,"key":"Block Potion"}],"is_trial":false,"path_per_floor":["M","?","M","M","$","R","M","R","T","M","E","?","M","E","R","B",null,"M","?","?","$","M","R","E"],"character_chosen":"DEFECT","items_purchased":["Glacier","Incense Burner"],"campfire_rested":0,"item_purchase_floors":[5,21],"current_hp_per_floor":[73,66,65,65,65,65,63,63,63,63,61,61,60,49,49,10,59,41,28,75,75,65,74,0],"gold":197,"neow_bonus":"THREE_SMALL_POTIONS","is_prod":false,"is_daily":false,"chose_seed":false,"campfire_upgraded":4,"win_rate":0,"timestamp":1565590975,"path_taken":["M","?","M","M","$","R","M","R","T","M","E","?","M","E","R","BOSS","M","?","?","$","M","R","E"],"build_version":"2019-07-17","purchased_purges":2,"victory":false,"max_hp_per_floor":[75,75,75,75,75,75,75,75,75,75,75,75,75,75,75,75,75,75,75,75,75,75,75,75],"card_choices":[{"not_picked":["Go for the Eyes","Storm"],"picked":"Turbo","floor":1},{"not_picked":["Melter","Go for the Eyes"],"picked":"Streamline","floor":3},{"not_picked":["Go for the Eyes","Blizzard","Darkness"],"picked":"SKIP","floor":4},{"not_picked":["Cold Snap","Compile Driver"],"picked":"Hologram","floor":7},{"not_picked":["Cold Snap","Ball Lightning"],"picked":"Loop","floor":10},{"not_picked":["Coolheaded","Aggregate"],"picked":"Sweeping Beam","floor":11},{"not_picked":["Turbo","Compile Driver"],"picked":"Conserve Battery","floor":13},{"not_picked":["Rainbow","Heatsinks"],"picked":"Scrape","floor":14},{"not_picked":["Core Surge","Rainbow"],"picked":"Multi-Cast","floor":16},{"not_picked":["Ball Lightning","Rebound+1"],"picked":"Scrape","floor":18},{"not_picked":["Doom and Gloom+1","Scrape"],"picked":"Leap","floor":19},{"not_picked":["Ball Lightning","Cold Snap"],"picked":"Streamline","floor":22}],"player_experience":305450,"relics_obtained":[{"floor":9,"key":"Nunchaku"},{"floor":11,"key":"Old Coin"},{"floor":14,"key":"Ice Cream"},{"floor":19,"key":"Red Mask"}],"event_choices":[{"cards_removed":["Defend_B"],"damage_healed":0,"gold_gain":0,"player_choice":"Card Removal","damage_taken":7,"max_hp_gain":0,"max_hp_loss":0,"event_name":"Golden Wing","floor":2,"gold_loss":0},{"cards_removed":["Strike_B"],"damage_healed":0,"gold_gain":0,"player_choice":"Forget","damage_taken":0,"max_hp_gain":0,"max_hp_loss":0,"event_name":"Living Wall","floor":12,"gold_loss":0},{"damage_healed":0,"gold_gain":0,"player_choice":"Fought Bandits","damage_taken":0,"max_hp_gain":0,"max_hp_loss":0,"event_name":"Masked Bandits","floor":19,"gold_loss":0},{"cards_removed":["Scrape"],"damage_healed":47,"gold_gain":0,"player_choice":"Offered Uncommon","damage_taken":0,"max_hp_gain":0,"max_hp_loss":0,"event_name":"Bonfire Elementals","floor":20,"gold_loss":0}],"is_beta":false,"boss_relics":[{"not_picked":["Busted Crown","Sozu"],"picked":"Eternal Feather"}],"items_purged_floors":[5,21],"is_endless":false,"potions_floor_spawned":[1,3,10,16,18,19],"killed_by":"Gremlin Leader","ascension_level":5}