{"gold_per_floor":[119,119,137,137,137,162,162,197,223,253,267,267,279,308,308,387,387,406,418,9,20,70,70,103,117,117,117,117,17,32,42,42,116,116,129,145,145,145,145],"floor_reached":39,"playtime":2205,"items_purged":["Strike_R","Decay"],"score":863,"play_id":"8a7f9ce6-7ff9-4322-ab46-1c9824fe6a46","local_time":"20181230183505","is_ascension_mode":true,"campfire_choices":[{"data":"Bash","floor":7.0,"key":"SMITH"},{"data":"Bludgeon","floor":12.0,"key":"SMITH"},{"data":"Limit Break","floor":15.0,"key":"SMITH"},{"floor":23.0,"key":"REST"},{"floor":28.0,"key":"REST"},{"floor":32.0,"key":"REST"}],"neow_cost":"NONE","seed_source_timestamp":375796134770829,"circlet_count":0,"master_deck":["AscendersBane","Strike_R","Defend_R","Defend_R","Defend_R","Defend_R","Bash+1","Spot Weakness","Disarm","Bludgeon+1","Headbutt","Shrug It Off","Limit Break+1","Whirlwind","Shrug It Off","Shrug It Off","Armaments+1"],"special_seed":0,"relics":["Burning Blood","NeowsBlessing","Bag of Preparation","Dodecahedron","Bag of Marbles","Darkstone Periapt","Matryoshka","Fusion Hammer","Thread and Needle","Regal Pillow","Singing Bowl","Letter Opener","Empty Cage"],"potions_floor_usage":[39,39],"damage_taken":[{"damage":0.0,"enemies":"2 Louse","floor":1.0,"turns":1.0},{"damage":0.0,"enemies":"Cultist","floor":3.0,"turns":1.0},{"damage":0.0,"enemies":"Gremlin Nob","floor":6.0,"turns":1.0},{"damage":25.0,"enemies":"Lagavulin","floor":8.0,"turns":6.0},{"damage":29.0,"enemies":"3 Sentries","floor":10.0,"turns":5.0},{"damage":3.0,"enemies":"Small Slimes","floor":11.0,"turns":2.0},{"damage":1.0,"enemies":"Looter","floor":13.0,"turns":2.0},{"damage":4.0,"enemies":"Gremlin Nob","floor":14.0,"turns":3.0},{"damage":28.0,"enemies":"Hexaghost","floor":16.0,"turns":7.0},{"damage":0.0,"enemies":"Chosen","floor":18.0,"turns":3.0},{"damage":22.0,"enemies":"2 Thieves","floor":19.0,"turns":2.0},{"damage":12.0,"enemies":"3 Cultists","floor":21.0,"turns":3.0},{"damage":62.0,"enemies":"Book of Stabbing","floor":24.0,"turns":4.0},{"damage":0.0,"enemies":"Centurion and Healer","floor":25.0,"turns":2.0},{"damage":18.0,"enemies":"Cultist and Chosen","floor":30.0,"turns":7.0},{"damage":4.0,"enemies":"Snake Plant","floor":31.0,"turns":3.0},{"damage":87.0,"enemies":"Automaton","floor":33.0,"turns":10.0},{"damage":7.0,"enemies":"Orb Walker","floor":35.0,"turns":2.0},{"damage":10.0,"enemies":"3 Darklings","floor":36.0,"turns":6.0},{"damage":82,"enemies":"Transient","floor":39,"turns":6}],"seed_played":"-8065719226503874898","potions_obtained":[{"floor":1.0,"key":"PowerPotion"},{"floor":3.0,"key":"Explosive Potion"},{"floor":8.0,"key":"SkillPotion"},{"floor":14.0,"key":"BloodPotion"},{"floor":18.0,"key":"Explosive Potion"},{"floor":21.0,"key":"Ancient Potion"},{"floor":24.0,"key":"Explosive Potion"},{"floor":30.0,"key":"SpeedPotion"},{"floor":33.0,"key":"FearPotion"},{"floor":36.0,"key":"Fire Potion"}],"is_trial":false,"path_per_floor":["M","?","M","?","?","E","R","E","T","E","M","R","M","E","R","B",null,"M","M","$","M","?","R","E","M","T","?","R","$","M","M","R","B",null,"M","M","?","?","M"],"character_chosen":"IRONCLAD","items_purchased":["Thread and Needle"],"campfire_rested":3,"item_purchase_floors":[20],"current_hp_per_floor":[74,74,75,80,80,80,80,61,61,38,41,41,46,48,48,26,67,73,57,57,51,51,75,27,33,33,39,79,79,67,71,88,9,70,69,67,67,67,0],"gold":145,"neow_bonus":"THREE_ENEMY_KILL","is_prod":false,"is_daily":false,"chose_seed":false,"campfire_upgraded":3,"win_rate":0,"timestamp":1546212905,"path_taken":["M","?","M","?","?","E","R","E","T","E","M","R","M","E","R","BOSS","M","M","$","M","?","R","E","M","T","?","R","$","M","?","R","BOSS","M","M","?","?","M"],"build_version":"2018-12-20","purchased_purges":2,"victory":false,"max_hp_per_floor":[75,75,75,80,80,80,80,80,80,80,80,80,80,80,80,80,80,80,80,80,80,80,80,80,80,80,86,86,86,86,88,88,90,90,90,92,92,92,92],"card_choices":[{"not_picked":["Corruption","Wild Strike","Metallicize"],"picked":"SKIP","floor":1.0},{"not_picked":["Sentinel","Entrench","Sword Boomerang"],"picked":"SKIP","floor":3.0},{"not_picked":["Clash","Flex"],"picked":"Spot Weakness","floor":6.0},{"not_picked":["Headbutt","Flex"],"picked":"Disarm","floor":8.0},{"not_picked":["Pummel","Armaments"],"picked":"Bludgeon","floor":10.0},{"not_picked":["Inflame","Dropkick"],"picked":"Headbutt","floor":11.0},{"not_picked":["Twin Strike","Sword Boomerang"],"picked":"Shrug It Off","floor":13.0},{"not_picked":["Wild Strike","Cleave"],"picked":"Limit Break","floor":14.0},{"not_picked":["Uppercut","Anger","Intimidate"],"picked":"SKIP","floor":18.0},{"not_picked":["Sever Soul","Clash+1"],"picked":"Whirlwind","floor":19.0},{"not_picked":["Sword Boomerang+1","Headbutt+1","Uppercut"],"picked":"SKIP","floor":21.0},{"not_picked":["Thunderclap","Uppercut","Immolate"],"picked":"SKIP","floor":24.0},{"not_picked":["Body Slam","Pommel Strike"],"picked":"Shrug It Off","floor":25.0},{"not_picked":["Fire Breathing","Perfected Strike"],"picked":"Shrug It Off","floor":30.0},{"not_picked":["Uppercut","Corruption","Seeing Red"],"picked":"Singing Bowl","floor":31.0},{"not_picked":["Barricade","Brutality","Demon Form"],"picked":"Singing Bowl","floor":33.0},{"not_picked":["Sever Soul+1","Clothesline+1"],"picked":"Armaments+1","floor":35.0},{"not_picked":["Twin Strike","Flex","Iron Wave"],"picked":"Singing Bowl","floor":36.0}],"player_experience":647265,"relics_obtained":[{"floor":6.0,"key":"Bag of Preparation"},{"floor":8.0,"key":"Dodecahedron"},{"floor":9.0,"key":"Bag of Marbles"},{"floor":10.0,"key":"Darkstone Periapt"},{"floor":14.0,"key":"Matryoshka"},{"floor":24.0,"key":"Regal Pillow"},{"floor":26.0,"key":"Singing Bowl"},{"floor":26.0,"key":"Letter Opener"}],"event_choices":[{"damage_healed":0.0,"max_hp_gain":0.0,"max_hp_loss":0.0,"gold_gain":0.0,"event_name":"Liars Game","player_choice":"Ignored","floor":2.0,"gold_loss":0.0,"damage_taken":0.0},{"damage_healed":0.0,"max_hp_gain":5.0,"max_hp_loss":0.0,"gold_gain":0.0,"event_name":"Big Fish","player_choice":"Donut","floor":4.0,"gold_loss":0.0,"damage_taken":0.0},{"cards_removed":["Strike_R"],"damage_healed":0.0,"max_hp_gain":0.0,"max_hp_loss":0.0,"gold_gain":0.0,"event_name":"Bonfire Elementals","player_choice":"Offered Basic","floor":5.0,"gold_loss":0.0,"damage_taken":0.0},{"damage_healed":0.0,"max_hp_gain":0.0,"max_hp_loss":0.0,"gold_gain":50.0,"event_name":"Nest","player_choice":"Stole From Cult","floor":22.0,"gold_loss":0.0,"damage_taken":0.0},{"damage_healed":0.0,"max_hp_gain":0.0,"max_hp_loss":0.0,"gold_gain":0.0,"event_name":"Wheel of Change","player_choice":"Cursed","floor":27.0,"gold_loss":0.0,"damage_taken":0.0,"cards_obtained":["Decay"]},{"damage_healed":0.0,"max_hp_gain":0.0,"max_hp_loss":0.0,"gold_gain":0.0,"event_name":"Mysterious Sphere","player_choice":"Ignored","floor":37.0,"gold_loss":0.0,"damage_taken":0.0},{"damage_healed":0.0,"max_hp_gain":0.0,"max_hp_loss":0.0,"gold_gain":0.0,"event_name":"Tomb of Lord Red Mask","player_choice":"Ignored","floor":38.0,"gold_loss":0.0,"damage_taken":0.0}],"is_beta":false,"boss_relics":[{"not_picked":["Runic Dome","Orrery"],"picked":"Fusion Hammer"},{"not_picked":["Calling Bell","Black Blood"],"picked":"Empty Cage"}],"items_purged_floors":[20,29],"is_endless":false,"potions_floor_spawned":[1,3,8,14,18,21,24,30,33,36],"killed_by":"Transient","ascension_level":18}