{"gold_per_floor":[109,59,75,89,11,11,43,53,53,80,80,80,80,94,94,165,165,182,70,84,183,183,183,195,69,69,69,69,80,97,125,125,202,202,220,220,240,260,260],"floor_reached":39,"playtime":4785,"items_purged":["Well Laid Plans","Pain"],"score":699,"play_id":"3aaea4e8-38dc-42a4-92b1-9bb201395316","local_time":"20190329135807","is_ascension_mode":true,"campfire_choices":[{"data":"Neutralize","floor":6.0,"key":"SMITH"},{"floor":13,"key":"REST"},{"data":"1","floor":15,"key":"LIFT"},{"data":"2","floor":23,"key":"LIFT"},{"floor":27,"key":"REST"},{"floor":32,"key":"REST"}],"neow_cost":"NONE","seed_source_timestamp":0,"circlet_count":0,"master_deck":["AscendersBane","Defend_G","Defend_G","Defend_G","Defend_G","Defend_G","Strike_G+1","Survivor","Neutralize+1","Flying Knee","Dagger Spray","Flechettes+1","Venomology","Prepared","Deadly Poison","Noxious Fumes+1","Blur","Deadly Poison","Backflip","Noxious Fumes+1","Leg Sweep","Deflect+1","Envenom+1","Dodge and Roll+1","Dagger Spray+1","Cloak And Dagger+1","Catalyst","Purity","PiercingWail+1","Deflect"],"special_seed":0,"relics":["Ring of the Snake","Frozen Egg 2","Prayer Wheel","Girya","Runic Pyramid","WarpedTongs","Orichalcum","Smiling Mask","Astrolabe"],"potions_floor_usage":[8,8,14,16,20,20,24,24,29,30,30,31,33,35,35,38,39],"damage_taken":[{"damage":0.0,"enemies":"Small Slimes","floor":1.0,"turns":4.0},{"damage":2.0,"enemies":"Jaw Worm","floor":3.0,"turns":8.0},{"damage":0.0,"enemies":"Cultist","floor":4.0,"turns":4.0},{"damage":14.0,"enemies":"Lagavulin","floor":7.0,"turns":9.0},{"damage":0,"enemies":"Large Slime","floor":8,"turns":6},{"damage":23,"enemies":"Gremlin Nob","floor":10,"turns":5},{"damage":0,"enemies":"Lots of Slimes","floor":14,"turns":2},{"damage":9,"enemies":"Hexaghost","floor":16,"turns":11},{"damage":18,"enemies":"2 Thieves","floor":18,"turns":4},{"damage":12,"enemies":"Shell Parasite","floor":20,"turns":4},{"damage":16,"enemies":"Shelled Parasite and Fungi","floor":24,"turns":6},{"damage":0,"enemies":"Chosen and Byrds","floor":29,"turns":4},{"damage":16,"enemies":"Centurion and Healer","floor":30,"turns":6},{"damage":1,"enemies":"Gremlin Leader","floor":31,"turns":6},{"damage":17,"enemies":"Automaton","floor":33,"turns":10},{"damage":0,"enemies":"Orb Walker","floor":35,"turns":4},{"damage":19,"enemies":"3 Shapes","floor":37,"turns":5},{"damage":16,"enemies":"Spire Growth","floor":38,"turns":5},{"damage":31,"enemies":"Transient","floor":39,"turns":3}],"seed_played":"1947709747812975540","potions_obtained":[{"floor":1.0,"key":"EssenceOfSteel"},{"floor":7.0,"key":"Explosive Potion"},{"floor":10,"key":"SteroidPotion"},{"floor":14,"key":"EssenceOfSteel"},{"floor":20,"key":"Energy Potion"},{"floor":30,"key":"Fruit Juice"},{"floor":31,"key":"SkillPotion"},{"floor":33,"key":"Ancient Potion"}],"is_trial":false,"path_per_floor":["M","?","M","M","$","R","E","M","T","E","?","?","R","M","R","B",null,"M","$","M","?","?","R","M","$","T","R","?","M","M","E","R","B",null,"M","?","M","M","M"],"character_chosen":"THE_SILENT","items_purchased":["Flechettes","Noxious Fumes+1","Backflip"],"campfire_rested":3,"item_purchase_floors":[5,19,25],"current_hp_per_floor":[59,59,57,57,57,57,43,43,43,20,20,7,26,26,26,17,54,36,36,24,24,24,24,8,8,8,27,27,27,16,15,36,19,58,58,58,39,23,0],"gold":260,"neow_bonus":"REMOVE_CARD","is_prod":false,"is_daily":false,"chose_seed":false,"campfire_upgraded":1,"win_rate":0,"timestamp":1553882287,"path_taken":["M","?","M","M","$","R","E","M","T","E","?","?","R","?","R","BOSS","M","$","M","?","?","R","?","$","T","R","?","M","M","E","R","BOSS","M","?","M","M","M"],"build_version":"2019-01-23","purchased_purges":2,"victory":false,"max_hp_per_floor":[66,66,66,66,66,66,66,66,66,66,66,66,66,66,66,66,66,66,66,66,66,66,66,66,66,66,66,66,66,71,71,71,71,71,71,71,71,71,71],"card_choices":[{"not_picked":["Caltrops","Sucker Punch"],"picked":"Flying Knee","floor":1.0},{"not_picked":["Outmaneuver","Bane"],"picked":"Well Laid Plans","floor":3.0},{"not_picked":["Riddle With Holes","Crippling Poison"],"picked":"Dagger Spray","floor":4.0},{"not_picked":["Deflect","Prepared","Phantasmal Killer"],"picked":"SKIP","floor":7.0},{"not_picked":["Concentrate","Distraction","Acrobatics"],"picked":"SKIP","floor":8},{"not_picked":["Eviscerate","Deflect","Quick Slash"],"picked":"SKIP","floor":10},{"not_picked":["Cloak And Dagger","Dodge and Roll"],"picked":"Infinite Blades+1","floor":14},{"not_picked":["Slice","Leg Sweep","Dash"],"picked":"SKIP","floor":14},{"not_picked":["Slice","Leg Sweep","Dash"],"picked":"SKIP","floor":14},{"not_picked":["Slice","Leg Sweep","Dash"],"picked":"SKIP","floor":14},{"not_picked":["Slice","Leg Sweep","Dash"],"picked":"SKIP","floor":14},{"not_picked":["Malaise","Night Terror"],"picked":"Venomology","floor":16},{"not_picked":["Flying Knee","Flechettes"],"picked":"Prepared","floor":18},{"not_picked":["Quick Slash","Endless Agony"],"picked":"Deadly Poison","floor":18},{"not_picked":["Dagger Throw+1","Doppelganger","Predator"],"picked":"SKIP","floor":20},{"not_picked":["Slice","Heel Hook","Blade Dance"],"picked":"SKIP","floor":20},{"not_picked":["Cloak And Dagger","Tactician"],"picked":"Blur","floor":24},{"not_picked":["Dagger Throw","Slice"],"picked":"Deadly Poison","floor":24},{"not_picked":["Deflect","Underhanded Strike","Choke+1"],"picked":"SKIP","floor":29},{"not_picked":["Acrobatics","Poisoned Stab","Dagger Spray"],"picked":"SKIP","floor":29},{"not_picked":["Dodge and Roll+1","Eviscerate"],"picked":"Noxious Fumes+1","floor":30},{"not_picked":["Unload","Deadly Poison"],"picked":"Leg Sweep","floor":30},{"not_picked":["Blade Dance","Skewer"],"picked":"Deflect+1","floor":31},{"not_picked":["Adrenaline","Doppelganger"],"picked":"Envenom+1","floor":33},{"not_picked":["Well Laid Plans+1","Deflect"],"picked":"Catalyst","floor":35},{"not_picked":["Slice","Underhanded Strike","Flying Knee"],"picked":"SKIP","floor":35},{"not_picked":["Magnetism+1","Dramatic Entrance"],"picked":"Purity","floor":36},{"not_picked":["Cloak And Dagger","Underhanded Strike"],"picked":"PiercingWail+1","floor":37},{"not_picked":["Prepared","Phantasmal Killer","Dagger Throw"],"picked":"SKIP","floor":37},{"not_picked":["Skewer","Distraction"],"picked":"Deflect","floor":38},{"not_picked":["Calculated Gamble+1","Choke+1","Bouncing Flask"],"picked":"SKIP","floor":38}],"player_experience":787261,"relics_obtained":[{"floor":7.0,"key":"Frozen Egg 2"},{"floor":9,"key":"Prayer Wheel"},{"floor":10,"key":"Girya"},{"floor":26,"key":"Orichalcum"},{"floor":31,"key":"Smiling Mask"}],"event_choices":[{"cards_removed":["Strike_G"],"damage_healed":0.0,"max_hp_gain":0.0,"max_hp_loss":0.0,"gold_gain":0.0,"event_name":"The Cleric","player_choice":"Card Removal","floor":2.0,"gold_loss":50.0,"damage_taken":0.0},{"damage_healed":0,"gold_gain":0,"player_choice":"Ignored","damage_taken":0,"max_hp_gain":0,"max_hp_loss":0,"event_name":"Liars Game","floor":11,"gold_loss":0},{"damage_healed":0,"gold_gain":0,"player_choice":"Entered Light","damage_taken":13,"max_hp_gain":0,"max_hp_loss":0,"event_name":"Shining Light","floor":12,"gold_loss":0,"cards_upgraded":["Flechettes","Strike_G"]},{"damage_healed":0,"gold_gain":99,"player_choice":"Stole From Cult","damage_taken":0,"max_hp_gain":0,"max_hp_loss":0,"event_name":"Nest","floor":21,"gold_loss":0},{"damage_healed":0,"gold_gain":0,"player_choice":"Rummage","damage_taken":0,"relics_obtained":["WarpedTongs"],"max_hp_gain":0,"max_hp_loss":0,"event_name":"Accursed Blacksmith","floor":22,"gold_loss":0,"cards_obtained":["Pain"]},{"damage_healed":0,"gold_gain":0,"player_choice":"Ignored","damage_taken":0,"max_hp_gain":0,"max_hp_loss":0,"event_name":"Cursed Tome","floor":28,"gold_loss":0},{"damage_healed":0,"gold_gain":0,"player_choice":"Memory 1","damage_taken":0,"max_hp_gain":0,"max_hp_loss":0,"event_name":"SensoryStone","floor":36,"gold_loss":0}],"is_beta":false,"boss_relics":[{"not_picked":["Black Star","White Beast Statue"],"picked":"Runic Pyramid"},{"not_picked":["Tiny House","Empty Cage"],"picked":"Astrolabe"}],"items_purged_floors":[19,25],"is_endless":false,"potions_floor_spawned":[1,7,10,14,20,30,31,33],"killed_by":"Transient","ascension_level":14}