{"gold_per_floor":[110,122,136,136,20,20,37,12,12,12,22,22,36,55,55,151,151,76,24,40,40,108,108],"floor_reached":23,"playtime":2589,"items_purged":[],"score":206,"play_id":"2ec8ccee-801b-4a14-b105-091317b1ac26","local_time":"20190811173939","is_ascension_mode":false,"campfire_choices":[{"data":"Machine Learning","floor":6,"key":"SMITH"},{"floor":12,"key":"REST"},{"floor":15,"key":"REST"}],"neow_cost":"NONE","seed_source_timestamp":2502706481328100,"circlet_count":0,"master_deck":["Strike_B","Strike_B+1","Strike_B","Strike_B","Defend_B","Defend_B","Defend_B","Defend_B","Zap","Dualcast","Compile Driver","Machine Learning+1","Ball Lightning","Hello World","Coolheaded","Conserve Battery","Leap+1","Barrage","Beam Cell","Reboot","Sweeping Beam","Capacitor","Seek","Clumsy","Parasite","Doubt","Storm","Steam Power+1","Decay"],"relics":["Cracked Core","Dream Catcher","Calling Bell","Ancient Tea Set","Toxic Egg 2","Mango","Darkstone Periapt","Dodecahedron"],"potions_floor_usage":[13,16,16],"damage_taken":[{"damage":0,"enemies":"Cultist","floor":1,"turns":4},{"damage":0,"enemies":"2 Louse","floor":2,"turns":2},{"damage":6,"enemies":"Jaw Worm","floor":3,"turns":4},{"damage":13,"enemies":"2 Fungi Beasts","floor":7,"turns":3},{"damage":17,"enemies":"Gremlin Gang","floor":11,"turns":6},{"damage":0,"enemies":"Exordium Wildlife","floor":13,"turns":2},{"damage":7,"enemies":"Red Slaver","floor":14,"turns":3},{"damage":28,"enemies":"Slime Boss","floor":16,"turns":10},{"damage":25,"enemies":"2 Thieves","floor":18,"turns":5},{"damage":49,"enemies":"3 Byrds","floor":20,"turns":7},{"damage":33,"enemies":"Book of Stabbing","floor":23,"turns":5}],"seed_played":"7434172779718743917","potions_obtained":[{"floor":2,"key":"FearPotion"},{"floor":3,"key":"Fire Potion"},{"floor":13,"key":"Block Potion"}],"is_trial":false,"path_per_floor":["M","M","M","?","$","R","M","$","T","?","M","R","M","M","R","B",null,"M","?","M","?","T","E"],"character_chosen":"DEFECT","items_purchased":["Hello World","Coolheaded","Leap"],"campfire_rested":2,"item_purchase_floors":[5,5,8],"current_hp_per_floor":[82,82,76,76,76,76,63,63,63,47,30,54,54,47,71,43,96,71,71,22,28,28,0],"gold":108,"neow_bonus":"TEN_PERCENT_HP_BONUS","is_prod":false,"is_daily":false,"chose_seed":false,"campfire_upgraded":1,"win_rate":0.0,"timestamp":1565570379,"path_taken":["M","?","M","?","$","R","M","$","T","?","M","R","M","M","R","BOSS","M","?","?","?","?","E"],"build_version":"2019-07-17","purchased_purges":0,"victory":false,"max_hp_per_floor":[82,82,82,82,82,82,82,82,82,82,82,82,82,82,82,82,96,96,96,96,102,102,102],"card_choices":[{"not_picked":["Leap","Steam"],"picked":"Compile Driver","floor":1},{"not_picked":["Barrage","Coolheaded"],"picked":"Machine Learning","floor":2},{"not_picked":["Steam","Beam Cell"],"picked":"Ball Lightning","floor":3},{"not_picked":["Leap","Gash"],"picked":"Conserve Battery","floor":7},{"not_picked":["Steam","Gash"],"picked":"Barrage","floor":11},{"not_picked":["Go for the Eyes","Barrage"],"picked":"Beam Cell","floor":12},{"not_picked":["Ball Lightning","Melter"],"picked":"Reboot","floor":13},{"not_picked":["Compile Driver","Melter"],"picked":"Sweeping Beam","floor":14},{"not_picked":["Beam Cell","Ball Lightning"],"picked":"Capacitor","floor":15},{"not_picked":["Machine Learning","Fission"],"picked":"Seek","floor":16},{"not_picked":["Beam Cell","Consume+1"],"picked":"Storm","floor":18},{"not_picked":["Compile Driver","Beam Cell"],"picked":"Steam Power+1","floor":20}],"player_experience":39119,"relics_obtained":[{"floor":9,"key":"Dream Catcher"},{"floor":17,"key":"Ancient Tea Set"},{"floor":17,"key":"Toxic Egg 2"},{"floor":17,"key":"Mango"},{"floor":22,"key":"Dodecahedron"}],"event_choices":[{"damage_healed":0,"gold_gain":0,"player_choice":"Ignored","damage_taken":0,"max_hp_gain":0,"max_hp_loss":0,"event_name":"Golden Idol","floor":4,"gold_loss":0},{"damage_healed":0,"gold_gain":0,"player_choice":"Entered Light","damage_taken":16,"max_hp_gain":0,"max_hp_loss":0,"event_name":"Shining Light","floor":10,"gold_loss":0,"cards_upgraded":["Leap","Strike_B"]},{"damage_healed":0,"gold_gain":0,"player_choice":"Paid Gold","damage_taken":0,"relics_obtained":["Darkstone Periapt"],"max_hp_gain":0,"max_hp_loss":0,"event_name":"WeMeetAgain","floor":19,"gold_loss":52},{"damage_healed":0,"gold_gain":0,"player_choice":"Smashed Altar","damage_taken":0,"max_hp_gain":0,"max_hp_loss":0,"event_name":"Forgotten Altar","floor":21,"gold_loss":0,"cards_obtained":["Decay"]}],"is_beta":false,"boss_relics":[{"not_picked":["Coffee Dripper","Empty Cage"],"picked":"Calling Bell"}],"items_purged_floors":[],"is_endless":false,"potions_floor_spawned":[2,3,13],"killed_by":"Book of Stabbing","ascension_level":0}