{"gold_per_floor":[109,259,259,274,10,43,43,43,43,43,55,55,55,66,66,141,141,117,117,6,23,23,23,38,38,38,38,51,62,77,90,90,90],"floor_reached":33,"playtime":2222,"items_purged":[],"score":530,"play_id":"3a140052-e73c-4b99-966b-967186b22c8c","local_time":"20190720170905","is_ascension_mode":true,"campfire_choices":[{"data":"Strike_B","floor":8.0,"key":"PURGE"},{"data":"Strike_B","floor":12.0,"key":"PURGE"},{"data":"Strike_B","floor":15.0,"key":"PURGE"},{"data":"Defend_B","floor":23.0,"key":"PURGE"},{"data":"Defend_B","floor":25.0,"key":"PURGE"},{"data":"Defend_B","floor":27.0,"key":"PURGE"},{"data":"Fusion","floor":32.0,"key":"SMITH"}],"neow_cost":"NONE","seed_source_timestamp":25478412260268,"circlet_count":0,"master_deck":["AscendersBane","Defend_B+1","Zap+1","Sweeping Beam","Glacier","Genetic Algorithm","Blizzard","Genetic Algorithm","Chill","Fission+1","Skim","Cold Snap","Conserve Battery","Glacier","Coolheaded","Fusion+1"],"special_seed":0,"relics":["Cracked Core","NeowsBlessing","Frozen Egg 2","Peace Pipe","Sundial","Nuclear Battery","Mummified Hand"],"potions_floor_usage":[33],"damage_taken":[{"damage":0.0,"enemies":"2 Louse","floor":1.0,"turns":1.0},{"damage":0.0,"enemies":"Small Slimes","floor":4.0,"turns":1.0},{"damage":0.0,"enemies":"Lagavulin","floor":6.0,"turns":1.0},{"damage":0.0,"enemies":"Cultist","floor":11.0,"turns":4.0},{"damage":0.0,"enemies":"Looter","floor":14.0,"turns":3.0},{"damage":31.0,"enemies":"The Guardian","floor":16.0,"turns":16.0},{"damage":3.0,"enemies":"2 Thieves","floor":18.0,"turns":5.0},{"damage":17.0,"enemies":"Chosen","floor":21.0,"turns":8.0},{"damage":3.0,"enemies":"Sentry and Sphere","floor":24.0,"turns":11.0},{"damage":0.0,"enemies":"Snake Plant","floor":28.0,"turns":5.0},{"damage":0.0,"enemies":"Centurion and Healer","floor":29.0,"turns":6.0},{"damage":0.0,"enemies":"Shelled Parasite and Fungi","floor":30.0,"turns":8.0},{"damage":6.0,"enemies":"Cultist and Chosen","floor":31.0,"turns":10.0},{"damage":59,"enemies":"Automaton","floor":33,"turns":12}],"seed_played":"-3872465940140100403","potions_obtained":[{"floor":6.0,"key":"FairyPotion"},{"floor":11.0,"key":"Energy Potion"},{"floor":16.0,"key":"LiquidBronze"},{"floor":18.0,"key":"SkillPotion"},{"floor":24.0,"key":"Regen Potion"},{"floor":28.0,"key":"Strength Potion"},{"floor":29.0,"key":"Regen Potion"}],"is_trial":false,"path_per_floor":["M","?","?","M","$","E","?","R","T","$","M","R","?","M","R","B",null,"M","?","$","M","?","R","M","R","T","R","M","M","M","M","R","B"],"character_chosen":"DEFECT","items_purchased":["Frozen Egg 2","Cold Snap","Conserve Battery"],"campfire_rested":0,"item_purchase_floors":[5,20,20],"current_hp_per_floor":[64,64,64,64,64,64,64,64,64,64,64,64,43,43,43,12,56,53,53,53,36,36,36,33,33,33,33,47,47,62,56,56,0],"gold":90,"neow_bonus":"THREE_ENEMY_KILL","is_prod":false,"is_daily":false,"chose_seed":false,"campfire_upgraded":1,"win_rate":0,"timestamp":1563656945,"path_taken":["M","?","?","?","$","E","?","R","T","$","?","R","?","M","R","BOSS","M","?","$","M","?","R","M","R","T","R","M","M","M","M","R","BOSS"],"build_version":"2019-07-17","purchased_purges":0,"victory":false,"max_hp_per_floor":[71,71,71,71,71,71,71,71,71,71,71,71,71,71,71,71,71,71,71,71,71,71,71,71,71,71,71,71,71,71,71,71,71],"card_choices":[{"not_picked":["Stack","Conserve Battery"],"picked":"Sweeping Beam","floor":1.0},{"not_picked":["Stack","Streamline"],"picked":"Glacier","floor":4.0},{"not_picked":["Ball Lightning","Seek"],"picked":"Genetic Algorithm","floor":6.0},{"not_picked":["Turbo","Aggregate"],"picked":"Genetic Algorithm","floor":11.0},{"not_picked":["Ball Lightning","Double Energy"],"picked":"Chill","floor":14.0},{"not_picked":["Thunder Strike","Meteor Strike"],"picked":"Fission","floor":16.0},{"not_picked":["Steam","Go for the Eyes"],"picked":"Skim","floor":18.0},{"not_picked":["Stack","Beam Cell","White Noise"],"picked":"SKIP","floor":21.0},{"not_picked":["All For One","Leap+1"],"picked":"Glacier","floor":24.0},{"not_picked":["Loop+1","Rip and Tear"],"picked":"Coolheaded","floor":28.0},{"not_picked":["Leap","Gash+1"],"picked":"Fusion","floor":29.0},{"not_picked":["BootSequence","Cold Snap","Melter"],"picked":"SKIP","floor":30.0},{"not_picked":["Rip and Tear","Hologram","Skim"],"picked":"SKIP","floor":31.0},{"not_picked":["Rip and Tear","Hologram","Skim"],"picked":"SKIP","floor":31.0}],"player_experience":902829,"relics_obtained":[{"floor":6.0,"key":"Peace Pipe"},{"floor":9.0,"key":"Sundial"},{"floor":26.0,"key":"Mummified Hand"}],"event_choices":[{"damage_healed":0.0,"max_hp_gain":0.0,"max_hp_loss":0.0,"gold_gain":150.0,"event_name":"Liars Game","player_choice":"AGREE","floor":2.0,"gold_loss":0.0,"damage_taken":0.0,"cards_obtained":["Doubt"]},{"cards_removed":["Doubt"],"damage_healed":0.0,"max_hp_gain":0.0,"max_hp_loss":0.0,"gold_gain":0.0,"event_name":"Fountain of Cleansing","player_choice":"Removed Curses","floor":3.0,"gold_loss":0.0,"damage_taken":0.0},{"damage_healed":0.0,"max_hp_gain":0.0,"max_hp_loss":0.0,"gold_gain":0.0,"cards_transformed":["Strike_B"],"event_name":"Transmorgrifier","player_choice":"Transformed","floor":7.0,"gold_loss":0.0,"damage_taken":0.0,"cards_obtained":["Blizzard"]},{"damage_healed":0.0,"max_hp_gain":0.0,"max_hp_loss":0.0,"gold_gain":0.0,"event_name":"Shining Light","player_choice":"Entered Light","floor":13.0,"gold_loss":0.0,"damage_taken":21.0,"cards_upgraded":["Zap","Defend_B"]},{"cards_removed":["Dualcast"],"damage_healed":0.0,"max_hp_gain":0.0,"max_hp_loss":0.0,"gold_gain":0.0,"event_name":"Back to Basics","player_choice":"Elegance","floor":19.0,"gold_loss":0.0,"damage_taken":0.0},{"damage_healed":0.0,"max_hp_gain":0.0,"max_hp_loss":0.0,"gold_gain":0.0,"event_name":"Upgrade Shrine","player_choice":"Upgraded","floor":22.0,"gold_loss":0.0,"damage_taken":0.0,"cards_upgraded":["Fission"]}],"is_beta":false,"boss_relics":[{"not_picked":["Tiny House","Lizard Tail"],"picked":"Nuclear Battery"}],"items_purged_floors":[],"is_endless":false,"potions_floor_spawned":[6,11,16,18,24,28,29],"killed_by":"Automaton","ascension_level":19}