{"gold_per_floor":[109,121,132,152,167,202,214,21,46,146,146,221,221,109,109,211,261,249,266,283,298,127,127,127,52,52,68,84,84],"floor_reached":29,"playtime":1341,"items_purged":["Strike_B","Strike_B"],"score":229,"play_id":"92d73974-b853-4278-8ae0-2d4ec74c2dd6","local_time":"20190808083112","is_ascension_mode":false,"campfire_choices":[{"data":"Zap","floor":11,"key":"SMITH"},{"floor":13,"key":"REST"},{"data":"Dualcast","floor":15,"key":"SMITH"},{"floor":23,"key":"REST"}],"neow_cost":"NONE","seed_source_timestamp":257558993005981,"circlet_count":0,"master_deck":["Strike_B","Defend_B","Defend_B","Defend_B","Defend_B+1","Zap+1","Dualcast+1","Leap","Gash","Echo Form","Gash","Gash"],"relics":["Cracked Core","NeowsBlessing","Juzu Bracelet","Membership Card","Bag of Preparation","Tiny House","Gremlin Horn","Question Card"],"potions_floor_usage":[4,6,16,16,18,20,21,29],"damage_taken":[{"damage":0,"enemies":"2 Louse","floor":1,"turns":1},{"damage":0,"enemies":"Cultist","floor":2,"turns":1},{"damage":0,"enemies":"Jaw Worm","floor":3,"turns":1},{"damage":1,"enemies":"Looter","floor":4,"turns":3},{"damage":2,"enemies":"Blue Slaver","floor":5,"turns":4},{"damage":24,"enemies":"Gremlin Nob","floor":6,"turns":4},{"damage":17,"enemies":"Exordium Thugs","floor":7,"turns":5},{"damage":38,"enemies":"The Guardian","floor":16,"turns":13},{"damage":18,"enemies":"2 Thieves","floor":18,"turns":4},{"damage":14,"enemies":"Shell Parasite","floor":19,"turns":8},{"damage":12,"enemies":"Centurion and Healer","floor":20,"turns":6},{"damage":15,"enemies":"Cultist and Chosen","floor":21,"turns":7},{"damage":0,"enemies":"Snecko","floor":27,"turns":6},{"damage":27,"enemies":"Snake Plant","floor":28,"turns":5},{"damage":31,"enemies":"Shelled Parasite and Fungi","floor":29,"turns":4}],"seed_played":"-3900387749436540569","potions_obtained":[{"floor":2,"key":"Block Potion"},{"floor":4,"key":"Energy Potion"},{"floor":5,"key":"Poison Potion"},{"floor":17,"key":"Ancient Potion"},{"floor":18,"key":"Swift Potion"},{"floor":28,"key":"Fruit Juice"}],"is_trial":false,"path_per_floor":["M","M","M","M","M","E","M","$","T","?","R","?","R","$","R","B",null,"M","M","M","M","$","R","?","?","T","M","M","M"],"character_chosen":"DEFECT","items_purchased":["Membership Card","Gash","Regen Potion","AttackPotion","Gremlin Horn"],"campfire_rested":2,"item_purchase_floors":[8,14,14,14,22],"current_hp_per_floor":[75,75,75,74,72,48,31,31,31,31,31,24,46,46,46,23,80,62,48,36,21,21,45,45,45,45,45,18,0],"gold":84,"neow_bonus":"THREE_ENEMY_KILL","is_prod":false,"is_daily":false,"chose_seed":false,"campfire_upgraded":2,"win_rate":0,"timestamp":1565278272,"path_taken":["M","M","M","M","M","E","M","$","T","?","R","?","R","?","R","BOSS","M","M","M","M","$","R","?","?","T","M","M","M"],"build_version":"2019-07-17","purchased_purges":2,"victory":false,"max_hp_per_floor":[75,75,75,75,75,75,75,75,75,75,75,75,75,75,75,75,80,80,80,80,80,80,80,80,80,80,80,80,85],"card_choices":[{"not_picked":["Skim","Rebound"],"picked":"Leap","floor":1},{"not_picked":["Barrage","Turbo","Compile Driver"],"picked":"SKIP","floor":2},{"not_picked":["Go for the Eyes","Ball Lightning","BootSequence"],"picked":"SKIP","floor":3},{"not_picked":["Lockon","Aggregate","Barrage"],"picked":"SKIP","floor":4},{"not_picked":["Barrage","Rainbow","Beam Cell"],"picked":"SKIP","floor":5},{"not_picked":["Scrape","Static Discharge","Storm"],"picked":"SKIP","floor":6},{"not_picked":["Fusion","Stack","Leap"],"picked":"SKIP","floor":7},{"not_picked":["Seek","Core Surge"],"picked":"Echo Form","floor":16},{"not_picked":["Beam Cell","Capacitor","Steam"],"picked":"SKIP","floor":18},{"not_picked":["Compile Driver+1","Leap"],"picked":"Gash","floor":19},{"not_picked":["Coolheaded+1","Stack","Steam Power"],"picked":"SKIP","floor":20},{"not_picked":["Steam","Biased Cognition","Hologram"],"picked":"SKIP","floor":21},{"not_picked":["Leap","Rebound+1","Hello World","Gash+1"],"picked":"SKIP","floor":27},{"not_picked":["Genetic Algorithm","Loop","Leap","Rebound+1"],"picked":"SKIP","floor":28}],"player_experience":529738,"relics_obtained":[{"floor":6,"key":"Juzu Bracelet"},{"floor":9,"key":"Bag of Preparation"},{"floor":26,"key":"Question Card"}],"event_choices":[{"damage_healed":0,"gold_gain":100,"player_choice":"Gold","damage_taken":0,"max_hp_gain":0,"max_hp_loss":0,"event_name":"Wheel of Change","floor":10,"gold_loss":0},{"damage_healed":0,"gold_gain":75,"player_choice":"Touch","damage_taken":7,"max_hp_gain":0,"max_hp_loss":0,"event_name":"FaceTrader","floor":12,"gold_loss":0},{"damage_healed":0,"gold_gain":0,"player_choice":"Read","damage_taken":0,"max_hp_gain":0,"max_hp_loss":0,"event_name":"The Library","floor":24,"gold_loss":0,"cards_obtained":["Gash"]},{"cards_removed":["Strike_B"],"damage_healed":0,"gold_gain":0,"player_choice":"Gave Gold","damage_taken":0,"max_hp_gain":0,"max_hp_loss":0,"event_name":"Beggar","floor":25,"gold_loss":75}],"is_beta":false,"boss_relics":[{"not_picked":["Inserter","Velvet Choker"],"picked":"Tiny House"}],"items_purged_floors":[14,22],"is_endless":false,"potions_floor_spawned":[2,4,5,18,28],"killed_by":"Shelled Parasite and Fungi","ascension_level":0}