{"gold_per_floor":[113,113,113,130,55,55,66,95,95,95,112,177,197,52,52,149,149,165,16,31,44,44,73,85,105,130,130,130],"floor_reached":28,"playtime":3382,"items_purged":["Strike_G","Strike_G","Strike_G"],"score":303,"play_id":"f40841fc-c6f6-4923-a3b9-e2e8f7f30baf","local_time":"20190630215010","is_ascension_mode":true,"campfire_choices":[{"data":"Neutralize","floor":6,"key":"SMITH"},{"floor":10,"key":"REST"},{"data":"Footwork","floor":15,"key":"SMITH"},{"floor":27,"key":"REST"}],"neow_cost":"NONE","seed_source_timestamp":393339545069110,"circlet_count":0,"master_deck":["Defend_G","Defend_G","Defend_G","Defend_G","Defend_G+1","Strike_G+1","Survivor","Neutralize+1","Quick Slash","Poisoned Stab","Footwork+1","Quick Slash+1","Malaise","Backflip","PiercingWail","Bane+1","Corpse Explosion","PiercingWail+1","Deadly Poison","Bane+1","Flying Knee+1","Purity","Burst","Deadly Poison"],"relics":["Philosopher\u0027s Stone","Molten Egg 2","Bottled Lightning","Tiny Chest","Black Star","Ninja Scroll","Centennial Puzzle","Bag of Preparation"],"potions_floor_usage":[16,16,16,23,25],"damage_taken":[{"damage":0,"enemies":"Jaw Worm","floor":1,"turns":5},{"damage":0,"enemies":"2 Louse","floor":4,"turns":2},{"damage":0,"enemies":"Cultist","floor":7,"turns":3},{"damage":17,"enemies":"3 Sentries","floor":8,"turns":11},{"damage":3,"enemies":"Lots of Slimes","floor":11,"turns":3},{"damage":0,"enemies":"Lagavulin","floor":12,"turns":9},{"damage":4,"enemies":"2 Fungi Beasts","floor":13,"turns":4},{"damage":10,"enemies":"Slime Boss","floor":16,"turns":12},{"damage":3,"enemies":"Shell Parasite","floor":18,"turns":5},{"damage":7,"enemies":"Spheric Guardian","floor":20,"turns":6},{"damage":8,"enemies":"Snake Plant","floor":21,"turns":5},{"damage":32,"enemies":"Book of Stabbing","floor":23,"turns":6},{"damage":1,"enemies":"Chosen and Byrds","floor":24,"turns":6},{"damage":3,"enemies":"3 Cultists","floor":25,"turns":6},{"damage":27,"enemies":"Snecko","floor":28,"turns":5}],"seed_played":"6971257557547132392","potions_obtained":[{"floor":4,"key":"LiquidBronze"},{"floor":11,"key":"GamblersBrew"},{"floor":12,"key":"Energy Potion"},{"floor":13,"key":"Fire Potion"},{"floor":18,"key":"SpeedPotion"},{"floor":23,"key":"SpeedPotion"}],"is_trial":false,"path_per_floor":["M","?","?","M","$","R","M","E","T","R","M","E","M","$","R","B",null,"M","$","M","M","?","E","M","M","T","R","M"],"character_chosen":"THE_SILENT","items_purchased":["Bane+1","Deadly Poison"],"campfire_rested":2,"item_purchase_floors":[14,19],"current_hp_per_floor":[70,56,56,56,56,56,56,39,39,60,57,57,53,53,53,43,70,67,67,60,52,38,6,5,2,2,23,0],"gold":130,"neow_bonus":"BOSS_RELIC","is_prod":false,"is_daily":false,"chose_seed":false,"campfire_upgraded":2,"win_rate":0,"timestamp":1561956610,"path_taken":["M","?","?","M","$","R","?","E","T","R","M","E","?","$","R","BOSS","M","$","M","M","?","E","M","?","T","R","M"],"build_version":"2019-01-23","purchased_purges":3,"victory":false,"max_hp_per_floor":[70,70,70,70,70,70,70,70,70,70,70,70,70,70,70,70,70,70,70,70,70,70,70,70,70,70,70,70],"card_choices":[{"not_picked":["Dagger Spray","Backflip"],"picked":"Quick Slash","floor":1},{"not_picked":["Flying Knee","Eviscerate"],"picked":"Poisoned Stab","floor":4},{"not_picked":["Prepared","Backstab"],"picked":"Footwork","floor":7},{"not_picked":["Dodge and Roll","Endless Agony"],"picked":"Quick Slash","floor":8},{"not_picked":["Terror","Underhanded Strike+1"],"picked":"Malaise","floor":11},{"not_picked":["Deflect","Predator+1"],"picked":"Backflip","floor":12},{"not_picked":["Accuracy","Cloak And Dagger"],"picked":"PiercingWail","floor":13},{"not_picked":["Wraith Form v2","Adrenaline"],"picked":"Corpse Explosion","floor":16},{"not_picked":["Cloak And Dagger","Dagger Spray+1"],"picked":"PiercingWail+1","floor":18},{"not_picked":["Dagger Throw+1","Acrobatics"],"picked":"Bane+1","floor":20},{"not_picked":["Sucker Punch+1","Leg Sweep+1"],"picked":"Flying Knee+1","floor":21},{"not_picked":["Outmaneuver","Riddle With Holes+1"],"picked":"Burst","floor":23},{"not_picked":["Tactician","Outmaneuver","Dagger Throw+1"],"picked":"SKIP","floor":24},{"not_picked":["Quick Slash+1","Outmaneuver"],"picked":"Deadly Poison","floor":25}],"player_experience":110462,"relics_obtained":[{"floor":8,"key":"Molten Egg 2"},{"floor":9,"key":"Bottled Lightning"},{"floor":12,"key":"Tiny Chest"},{"floor":23,"key":"Ninja Scroll"},{"floor":23,"key":"Centennial Puzzle"},{"floor":26,"key":"Bag of Preparation"}],"event_choices":[{"damage_healed":0,"gold_gain":0,"player_choice":"Entered Light","damage_taken":14,"max_hp_gain":0,"max_hp_loss":0,"event_name":"Shining Light","floor":2,"gold_loss":0,"cards_upgraded":["Strike_G","Defend_G"]},{"cards_removed":["Strike_G"],"damage_healed":0,"gold_gain":0,"player_choice":"Card Removal","damage_taken":0,"max_hp_gain":0,"max_hp_loss":0,"event_name":"Wheel of Change","floor":3,"gold_loss":0},{"damage_healed":0,"gold_gain":0,"player_choice":"CARD ","damage_taken":14,"max_hp_gain":0,"max_hp_loss":0,"event_name":"Knowing Skull","floor":22,"potions_obtained":[],"gold_loss":0,"cards_obtained":["Purity"]}],"is_beta":false,"boss_relics":[{"not_picked":["Calling Bell","Astrolabe"],"picked":"Black Star"}],"items_purged_floors":[5,14,19],"is_endless":false,"potions_floor_spawned":[4,11,12,13,18,23],"killed_by":"Snecko","ascension_level":2}