{"gold_per_floor":[117,131,142,159,172,202,202,215,239,259,289,289,68,94,94,94],"floor_reached":16,"playtime":1226,"items_purged":["Strike_G"],"score":161,"play_id":"c78976a1-c8dd-4765-aafb-2e9b8bf1d51f","local_time":"20181025184008","is_ascension_mode":true,"campfire_choices":[{"data":"Terror","floor":7.0,"key":"SMITH"},{"floor":12.0,"key":"REST"},{"data":"Setup","floor":15,"key":"SMITH"}],"neow_cost":"NONE","seed_source_timestamp":0,"circlet_count":0,"master_deck":["Defend_G","Defend_G","Defend_G","Defend_G","Defend_G","Strike_G","Strike_G","Strike_G","Survivor","Neutralize","Dagger Spray","Deadly Poison","Terror+1","Acrobatics","Dash","Poisoned Stab","Bane","Venomology","Sadistic Nature","Setup+1"],"special_seed":0,"relics":["Ring of the Snake","Smiling Mask","Orichalcum","Dream Catcher","Potion Belt"],"potions_floor_usage":[16,16],"damage_taken":[{"damage":0.0,"enemies":"Cultist","floor":1.0,"turns":5.0},{"damage":1.0,"enemies":"Jaw Worm","floor":2.0,"turns":4.0},{"damage":4.0,"enemies":"Small Slimes","floor":3.0,"turns":3.0},{"damage":0.0,"enemies":"Exordium Thugs","floor":4.0,"turns":3.0},{"damage":4.0,"enemies":"Blue Slaver","floor":5.0,"turns":5.0},{"damage":10.0,"enemies":"3 Sentries","floor":6.0,"turns":7.0},{"damage":0.0,"enemies":"Large Slime","floor":8.0,"turns":5.0},{"damage":0.0,"enemies":"Exordium Thugs","floor":10.0,"turns":3.0},{"damage":23.0,"enemies":"Lagavulin","floor":11.0,"turns":4.0},{"damage":11,"enemies":"3 Sentries","floor":14,"turns":8},{"damage":31,"enemies":"Slime Boss","floor":16,"turns":5}],"seed_played":"2817652211851908288","potions_obtained":[{"floor":3.0,"key":"Fire Potion"},{"floor":4.0,"key":"Fire Potion"},{"floor":5.0,"key":"PowerPotion"},{"floor":6.0,"key":"PowerPotion"},{"floor":10.0,"key":"SkillPotion"}],"is_trial":false,"path_per_floor":["M","M","M","M","M","E","R","M","T","M","E","R","$","E","R"],"character_chosen":"THE_SILENT","items_purchased":["Sadistic Nature"],"campfire_rested":1,"item_purchase_floors":[13],"current_hp_per_floor":[63,62,58,58,54,44,44,44,44,44,21,42,42,31,31,0],"gold":94,"neow_bonus":"REMOVE_CARD","is_prod":false,"is_daily":false,"chose_seed":false,"campfire_upgraded":2,"win_rate":0,"timestamp":1540507208,"path_taken":["M","?","M","M","M","E","R","M","T","M","E","R","$","E","R","BOSS"],"build_version":"2018-10-18","purchased_purges":1,"victory":false,"max_hp_per_floor":[70,70,70,70,70,70,70,70,70,70,70,70,70,70,70,70],"card_choices":[{"not_picked":["Slice","Acrobatics"],"picked":"Dagger Spray","floor":1.0},{"not_picked":["Riddle With Holes","Leg Sweep"],"picked":"Deadly Poison","floor":2.0},{"not_picked":["Sucker Punch","Quick Slash"],"picked":"Terror","floor":3.0},{"not_picked":["Dodge and Roll","Expertise"],"picked":"Acrobatics","floor":4.0},{"not_picked":["Dagger Throw","Setup"],"picked":"Dash","floor":5.0},{"not_picked":["Acrobatics","Masterful Stab"],"picked":"Poisoned Stab","floor":6.0},{"not_picked":["Prepared","Riddle With Holes"],"picked":"Bane","floor":8.0},{"not_picked":["Blade Dance","All Out Attack","Quick Slash"],"picked":"SKIP","floor":10.0},{"not_picked":["Crippling Poison","Deadly Poison","Reflex"],"picked":"SKIP","floor":11.0},{"not_picked":["Prepared","Endless Agony"],"picked":"Venomology","floor":12.0},{"not_picked":["Blade Dance","Cloak And Dagger"],"picked":"Setup","floor":14}],"player_experience":545552,"relics_obtained":[{"floor":6.0,"key":"Smiling Mask"},{"floor":9.0,"key":"Orichalcum"},{"floor":11.0,"key":"Dream Catcher"},{"floor":14,"key":"Potion Belt"}],"event_choices":[],"is_beta":false,"boss_relics":[],"items_purged_floors":[13],"is_endless":false,"potions_floor_spawned":[3,4,5,6,10],"killed_by":"Slime Boss","ascension_level":6}