{"gold_per_floor":[113,131,131,147,72,72,72,83,159,194,94,94,54,65,65,161,161,178,53,152,169,182,182,107,118,118,153,166,16,16,32,32,135,135,153,172,190,15,28,43,43,43,112,129,129,140,0,13,13,13],"floor_reached":51,"playtime":3641,"items_purged":["Strike_R","Strike_R","Strike_R","Juggernaut+1","Defend_R"],"score":648,"play_id":"6e9b0f9e-4070-458f-80db-5de5348bec6f","local_time":"20190113040806","is_ascension_mode":false,"campfire_choices":[{"data":"Flex","floor":6.0,"key":"SMITH"},{"data":"Dual Wield","floor":12.0,"key":"SMITH"},{"data":"Warcry","floor":15.0,"key":"SMITH"},{"data":"Limit Break","floor":23.0,"key":"SMITH"},{"floor":30,"key":"REST"},{"floor":32,"key":"REST"},{"data":"Defend_R","floor":41,"key":"SMITH"},{"data":"Dropkick","floor":45,"key":"SMITH"},{"floor":49,"key":"REST"}],"neow_cost":"TEN_PERCENT_HP_LOSS","seed_source_timestamp":0,"circlet_count":0,"master_deck":["Defend_R","Defend_R","Defend_R+1","Bash+1","Warcry+1","Dropkick+1","Flex+1","Dual Wield+1","Limit Break+1","Shrug It Off+1","Shrug It Off+1","Thunderclap+1"],"special_seed":0,"relics":["Burning Blood","Bottled Lightning","Oddly Smooth Stone","Runic Pyramid","Shuriken","Bronze Scales","White Beast Statue","Bottled Flame","Red Mask"],"potions_floor_usage":[28,28,31,36,39,40,46,46,46,50,50],"damage_taken":[{"damage":1.0,"enemies":"Jaw Worm","floor":1.0,"turns":5.0},{"damage":0.0,"enemies":"Small Slimes","floor":2.0,"turns":3.0},{"damage":0.0,"enemies":"2 Louse","floor":4.0,"turns":3.0},{"damage":3.0,"enemies":"Large Slime","floor":8.0,"turns":6.0},{"damage":21.0,"enemies":"Lagavulin","floor":10.0,"turns":5.0},{"damage":4.0,"enemies":"Looter","floor":14.0,"turns":2.0},{"damage":29.0,"enemies":"The Guardian","floor":16.0,"turns":9.0},{"damage":26.0,"enemies":"Shell Parasite","floor":18.0,"turns":4.0},{"damage":14.0,"enemies":"Chosen","floor":21.0,"turns":4.0},{"damage":6.0,"enemies":"3 Cultists","floor":22.0,"turns":3.0},{"damage":1.0,"enemies":"Centurion and Healer","floor":25.0,"turns":4.0},{"damage":48,"enemies":"Slavers","floor":27,"turns":7},{"damage":3,"enemies":"Snecko","floor":28,"turns":4},{"damage":3,"enemies":"Shelled Parasite and Fungi","floor":31,"turns":6},{"damage":30,"enemies":"Champ","floor":33,"turns":3},{"damage":22,"enemies":"3 Darklings","floor":35,"turns":7},{"damage":9,"enemies":"3 Shapes","floor":36,"turns":7},{"damage":16,"enemies":"Sphere and 2 Shapes","floor":37,"turns":7},{"damage":5,"enemies":"Maw","floor":39,"turns":4},{"damage":3,"enemies":"Writhing Mass","floor":40,"turns":3},{"damage":9,"enemies":"4 Shapes","floor":44,"turns":6},{"damage":6,"enemies":"Jaw Worm Horde","floor":46,"turns":3},{"damage":7,"enemies":"Spire Growth","floor":48,"turns":3},{"damage":45,"enemies":"Time Eater","floor":50,"turns":7}],"seed_played":"-7892601272448193631","potions_obtained":[{"floor":1.0,"key":"SteroidPotion"},{"floor":8.0,"key":"Fire Potion"},{"floor":14.0,"key":"Energy Potion"},{"floor":18.0,"key":"AttackPotion"},{"floor":27,"key":"EssenceOfSteel"},{"floor":28,"key":"Fruit Juice"},{"floor":33,"key":"SpeedPotion"},{"floor":35,"key":"Regen Potion"},{"floor":36,"key":"Strength Potion"},{"floor":37,"key":"Block Potion"},{"floor":39,"key":"Fire Potion"},{"floor":40,"key":"SteroidPotion"},{"floor":44,"key":"EssenceOfSteel"},{"floor":46,"key":"Energy Potion"},{"floor":48,"key":"Explosive Potion"}],"is_trial":false,"path_per_floor":["M","M","?","M","$","R","?","M","T","E","$","R","$","M","R","B",null,"M","$","?","M","M","R","?","M","T","E","M","$","R","M","R","B",null,"M","M","M","$","M","M","R","?","T","M","R","M","?","M","R","B",null],"character_chosen":"IRONCLAD","items_purchased":["Sever Soul"],"campfire_rested":3,"item_purchase_floors":[13],"current_hp_per_floor":[72,72,72,72,72,72,58,61,61,46,46,46,46,48,48,25,72,52,52,52,44,44,44,44,49,49,7,15,15,38,41,64,40,77,61,73,63,63,64,67,67,67,67,64,64,64,64,63,77,38],"gold":13,"neow_bonus":"TRANSFORM_TWO_CARDS","is_prod":false,"is_daily":false,"chose_seed":false,"campfire_upgraded":6,"win_rate":0,"timestamp":1547370486,"path_taken":["M","M","?","M","$","R","?","M","T","E","$","R","?","M","R","BOSS","M","$","?","M","M","R","?","M","T","E","M","$","R","M","R","BOSS","M","M","M","$","M","M","R","?","T","M","R","M","?","M","R","BOSS"],"build_version":"2019-01-10","purchased_purges":5,"victory":true,"max_hp_per_floor":[72,72,72,72,72,72,72,72,72,72,72,72,72,72,72,72,72,72,72,72,72,72,72,72,72,72,72,77,77,77,77,77,77,77,77,77,77,77,77,77,77,77,77,77,77,77,77,77,77,77],"card_choices":[{"not_picked":["Thunderclap","True Grit"],"picked":"Dropkick","floor":1.0},{"not_picked":["Ghostly Armor","Flame Barrier"],"picked":"Flex","floor":2.0},{"not_picked":["Sword Boomerang","Body Slam","Carnage"],"picked":"SKIP","floor":4.0},{"not_picked":["Twin Strike","Iron Wave","Wild Strike"],"picked":"SKIP","floor":8.0},{"not_picked":["Shrug It Off","Clothesline"],"picked":"Dual Wield","floor":10.0},{"not_picked":["Combust","Searing Blow","Havoc"],"picked":"SKIP","floor":14.0},{"not_picked":["Impervious","Reaper"],"picked":"Limit Break","floor":16.0},{"not_picked":["Clash","Inflame","Headbutt"],"picked":"SKIP","floor":18.0},{"not_picked":["Twin Strike","Power Through","Havoc"],"picked":"SKIP","floor":21.0},{"not_picked":["Clash","Uppercut"],"picked":"Shrug It Off+1","floor":22.0},{"not_picked":["Dual Wield","Sentinel","Carnage+1"],"picked":"SKIP","floor":25.0},{"not_picked":["Bloodletting+1","Warcry","Cleave"],"picked":"SKIP","floor":27},{"not_picked":["Intimidate+1","Heavy Blade+1","Immolate"],"picked":"SKIP","floor":28},{"not_picked":["Rage","Pommel Strike","Metallicize"],"picked":"SKIP","floor":31},{"not_picked":["Iron Wave","Fire Breathing+1"],"picked":"Shrug It Off+1","floor":35},{"not_picked":["Havoc","Carnage","True Grit"],"picked":"SKIP","floor":36},{"not_picked":["Havoc+1","Heavy Blade+1","Headbutt"],"picked":"SKIP","floor":37},{"not_picked":["Cleave","Flex+1","Twin Strike"],"picked":"SKIP","floor":39},{"not_picked":["Warcry+1","Bludgeon"],"picked":"Thunderclap+1","floor":40},{"not_picked":["Seeing Red","Shrug It Off+1","True Grit"],"picked":"SKIP","floor":44},{"not_picked":["True Grit+1","Flex","Cleave"],"picked":"SKIP","floor":46},{"not_picked":["Iron Wave","Infernal Blade","Battle Trance+1"],"picked":"SKIP","floor":48}],"player_experience":700082,"relics_obtained":[{"floor":9.0,"key":"Bottled Lightning"},{"floor":10.0,"key":"Oddly Smooth Stone"},{"floor":26.0,"key":"Shuriken"},{"floor":27,"key":"Bronze Scales"},{"floor":43,"key":"Bottled Flame"}],"event_choices":[{"damage_healed":0.0,"max_hp_gain":0.0,"max_hp_loss":0.0,"gold_gain":0.0,"event_name":"Liars Game","player_choice":"Ignored","floor":3.0,"gold_loss":0.0,"damage_taken":0.0},{"damage_healed":0.0,"max_hp_gain":0.0,"max_hp_loss":0.0,"gold_gain":0.0,"event_name":"Shining Light","player_choice":"Entered Light","floor":7.0,"gold_loss":0.0,"damage_taken":14.0,"cards_upgraded":["Juggernaut","Bash"]},{"damage_healed":0.0,"max_hp_gain":0.0,"max_hp_loss":0.0,"gold_gain":99.0,"event_name":"Nest","player_choice":"Stole From Cult","floor":20.0,"gold_loss":0.0,"damage_taken":0.0},{"cards_removed":["Sever Soul"],"damage_healed":0.0,"max_hp_gain":0.0,"max_hp_loss":0.0,"gold_gain":0.0,"event_name":"Beggar","player_choice":"Gave Gold","floor":24.0,"gold_loss":75.0,"damage_taken":0.0},{"damage_healed":0,"gold_gain":0,"player_choice":"Ignored","damage_taken":0,"max_hp_gain":0,"max_hp_loss":0,"event_name":"Mysterious Sphere","floor":42,"gold_loss":0},{"damage_healed":0,"gold_gain":0,"player_choice":"Paid","damage_taken":0,"relics_obtained":["Red Mask"],"max_hp_gain":0,"max_hp_loss":0,"event_name":"Tomb of Lord Red Mask","floor":47,"gold_loss":140}],"is_beta":false,"boss_relics":[{"not_picked":["Cursed Key","Tiny House"],"picked":"Runic Pyramid"},{"not_picked":["Black Star","Lizard Tail"],"picked":"White Beast Statue"}],"items_purged_floors":[5,11,19,29,38],"is_endless":false,"potions_floor_spawned":[1,8,14,18,27,28,33,35,36,37,39,40,44,46,48],"ascension_level":0}