{"gold_per_floor":[119,119,131,151,3,3,33,33,33,48,48,58,58,23,23,121,121,134,149,149,166,23,23,57,73,73,73],"floor_reached":27,"playtime":1583,"items_purged":[],"score":315,"play_id":"635ad45b-263f-4b01-bec8-b2afc4f32683","local_time":"20190728142201","is_ascension_mode":true,"campfire_choices":[{"data":"Fusion","floor":6,"key":"SMITH"},{"floor":8,"key":"REST"},{"floor":13,"key":"REST"},{"data":"Hologram","floor":15,"key":"SMITH"},{"floor":23,"key":"REST"}],"neow_cost":"NONE","seed_source_timestamp":369949429082889,"circlet_count":0,"master_deck":["Strike_B","Strike_B","Strike_B","Defend_B","Defend_B","Defend_B","Defend_B+1","Zap","Dualcast","Loop","Coolheaded","Fusion+1","Heatsinks+1","Streamline","Hologram+1","Electrodynamics","Glacier","Double Energy","Blind","Zap","Fusion","Thunder Strike","Lockon+1","Loop","Consume"],"relics":["Cracked Core","NeowsBlessing","Happy Flower","Pantograph","Pear","Inserter","Vajra","Anchor","Calipers"],"potions_floor_usage":[10,16,19,24,27],"damage_taken":[{"damage":0,"enemies":"2 Louse","floor":1,"turns":1},{"damage":0,"enemies":"Cultist","floor":3,"turns":1},{"damage":0,"enemies":"Small Slimes","floor":4,"turns":1},{"damage":29,"enemies":"3 Sentries","floor":7,"turns":10},{"damage":11,"enemies":"Looter","floor":10,"turns":3},{"damage":29,"enemies":"Exordium Thugs","floor":12,"turns":5},{"damage":22,"enemies":"The Guardian","floor":16,"turns":15},{"damage":18,"enemies":"Spheric Guardian","floor":18,"turns":6},{"damage":12,"enemies":"3 Byrds","floor":19,"turns":4},{"damage":28,"enemies":"Snake Plant","floor":21,"turns":6},{"damage":11,"enemies":"Gremlin Leader","floor":24,"turns":7},{"damage":34,"enemies":"3 Cultists","floor":25,"turns":5},{"damage":6,"enemies":"Slavers","floor":27,"turns":1}],"seed_played":"-6979032644444394674","potions_obtained":[{"floor":7,"key":"Fire Potion"},{"floor":12,"key":"Dexterity Potion"},{"floor":16,"key":"Poison Potion"},{"floor":18,"key":"FearPotion"},{"floor":19,"key":"Ancient Potion"}],"is_trial":false,"path_per_floor":["M","?","M","M","$","R","E","R","T","M","?","M","R","?","R","B",null,"M","M","?","M","$","R","E","M","T","E"],"character_chosen":"DEFECT","items_purchased":["Happy Flower","Vajra"],"campfire_rested":3,"item_purchase_floors":[5,22],"current_hp_per_floor":[68,68,68,68,68,68,39,61,71,60,43,14,39,60,60,63,80,62,50,50,22,22,47,36,2,2,0],"gold":73,"neow_bonus":"THREE_ENEMY_KILL","is_prod":false,"is_daily":false,"chose_seed":false,"campfire_upgraded":2,"win_rate":0,"timestamp":1564348921,"path_taken":["M","?","?","M","$","R","E","R","T","M","?","M","R","?","R","BOSS","M","M","?","M","?","R","E","?","T","E"],"build_version":"2019-07-17","purchased_purges":0,"victory":false,"max_hp_per_floor":[75,75,75,75,75,75,75,75,85,85,85,85,85,85,85,85,85,85,85,85,85,85,85,85,85,85,85],"card_choices":[{"not_picked":["Streamline","Leap"],"picked":"Loop","floor":1},{"not_picked":["Auto Shields","Rebound"],"picked":"Coolheaded","floor":3},{"not_picked":["Turbo","Rip and Tear"],"picked":"Fusion","floor":4},{"not_picked":["Fusion","Barrage"],"picked":"Heatsinks","floor":7},{"not_picked":["Scrape","Turbo"],"picked":"Streamline","floor":10},{"not_picked":["Beam Cell","Thunder Strike"],"picked":"Hologram","floor":12},{"not_picked":["All For One","Thunder Strike"],"picked":"Electrodynamics","floor":16},{"not_picked":["Sunder","Loop"],"picked":"Glacier","floor":18},{"not_picked":["Rebound","Steam"],"picked":"Double Energy","floor":19},{"not_picked":["Steam","Streamline"],"picked":"Lockon+1","floor":21},{"not_picked":["Rebound","Hologram"],"picked":"Loop","floor":24},{"not_picked":["Skim","Chaos"],"picked":"Consume","floor":25}],"player_experience":405184,"relics_obtained":[{"floor":7,"key":"Pantograph"},{"floor":9,"key":"Pear"},{"floor":24,"key":"Anchor"},{"floor":26,"key":"Calipers"}],"event_choices":[{"cards_removed":["Strike_B"],"damage_healed":0,"gold_gain":0,"player_choice":"Offered Basic","damage_taken":0,"max_hp_gain":0,"max_hp_loss":0,"event_name":"Bonfire Elementals","floor":2,"gold_loss":0},{"damage_healed":0,"gold_gain":0,"player_choice":"Entered Light","damage_taken":17,"max_hp_gain":0,"max_hp_loss":0,"event_name":"Shining Light","floor":11,"gold_loss":0,"cards_upgraded":["Heatsinks","Defend_B"]},{"damage_healed":21,"gold_gain":0,"player_choice":"Healed","damage_taken":0,"max_hp_gain":0,"max_hp_loss":0,"event_name":"The Cleric","floor":14,"gold_loss":35},{"damage_healed":0,"gold_gain":0,"player_choice":"4 cards matched","damage_taken":0,"max_hp_gain":0,"max_hp_loss":0,"event_name":"Match and Keep!","floor":20,"gold_loss":0,"cards_obtained":["Blind","Zap","Fusion","Thunder Strike"]}],"is_beta":false,"boss_relics":[{"not_picked":["Coffee Dripper","Cursed Key"],"picked":"Inserter"}],"items_purged_floors":[],"is_endless":false,"potions_floor_spawned":[7,12,16,18,19],"killed_by":"Slavers","ascension_level":7}