{"gold_per_floor":[109,124,143,68,68,68,94,108,108,125,140,140],"floor_reached":12,"playtime":696,"items_purged":["Strike_R"],"score":152,"play_id":"08021d79-dd84-4131-b1da-fb2009710e68","local_time":"20181224160240","is_ascension_mode":true,"campfire_choices":[{"data":"Body Slam","floor":6,"key":"SMITH"}],"neow_cost":"NONE","seed_source_timestamp":23811436823577,"circlet_count":0,"master_deck":["AscendersBane","Strike_R","Strike_R","Strike_R","Strike_R","Defend_R","Defend_R","Defend_R","Defend_R","Bash","Body Slam+1","True Grit+1","Shrug It Off","Armaments","Ghostly Armor"],"relics":["Burning Blood","NeowsBlessing","Sundial","Bottled Lightning"],"potions_floor_usage":[7,8],"damage_taken":[{"damage":0,"enemies":"Cultist","floor":1,"turns":1},{"damage":0,"enemies":"Small Slimes","floor":2,"turns":1},{"damage":0,"enemies":"Jaw Worm","floor":3,"turns":1},{"damage":38,"enemies":"3 Sentries","floor":7,"turns":15},{"damage":0,"enemies":"Blue Slaver","floor":8,"turns":3},{"damage":14,"enemies":"Large Slime","floor":10,"turns":8},{"damage":9,"enemies":"2 Fungi Beasts","floor":11,"turns":4},{"damage":41,"enemies":"Gremlin Nob","floor":12,"turns":4}],"seed_played":"-7435838272371951525","potions_obtained":[{"floor":1,"key":"Poison Potion"},{"floor":7,"key":"AttackPotion"}],"is_trial":false,"path_per_floor":["M","M","M","$","?","R","E","M","T","M","M","E"],"character_chosen":"IRONCLAD","items_purchased":[],"campfire_rested":0,"item_purchase_floors":[],"current_hp_per_floor":[74,75,75,75,75,75,43,49,49,41,38,0],"gold":140,"neow_bonus":"THREE_ENEMY_KILL","is_prod":false,"is_daily":false,"chose_seed":false,"campfire_upgraded":1,"win_rate":0,"timestamp":1545685360,"path_taken":["M","?","M","$","?","R","E","M","T","?","M","E"],"build_version":"2018-12-20","purchased_purges":1,"victory":false,"max_hp_per_floor":[75,75,75,75,75,75,75,75,75,75,75,75],"card_choices":[{"not_picked":["Feel No Pain","Rupture","Anger"],"picked":"SKIP","floor":1},{"not_picked":["Flex","Ghostly Armor"],"picked":"Body Slam","floor":2},{"not_picked":["Body Slam","Flex"],"picked":"True Grit","floor":3},{"not_picked":["Body Slam","Immolate"],"picked":"Shrug It Off","floor":7},{"not_picked":["Clothesline","Warcry","Clash"],"picked":"SKIP","floor":8},{"not_picked":["Clothesline","Warcry","Clash"],"picked":"SKIP","floor":8},{"not_picked":["Corruption","Thunderclap"],"picked":"Armaments","floor":10},{"not_picked":["Perfected Strike","Cleave"],"picked":"Ghostly Armor","floor":11}],"player_experience":627066,"relics_obtained":[{"floor":7,"key":"Sundial"},{"floor":9,"key":"Bottled Lightning"}],"event_choices":[{"damage_healed":0,"gold_gain":0,"player_choice":"Upgraded","damage_taken":0,"max_hp_gain":0,"max_hp_loss":0,"event_name":"Upgrade Shrine","floor":5,"gold_loss":0,"cards_upgraded":["True Grit"]}],"is_beta":false,"boss_relics":[],"items_purged_floors":[4],"is_endless":false,"potions_floor_spawned":[1,7],"killed_by":"Gremlin Nob","ascension_level":17}