{"path_per_floor":["M","?","$","M","?","R","M","R","T","?","?","M","M","?","R","B",null,"M","?","?","M","?","R","M","R","T","R","?","?","R","?","R","B",null,"M","?","?","?","M","R","M","M","T"],"character_chosen":"IRONCLAD","items_purchased":[],"gold_per_floor":[13,13,13,27,27,27,44,44,44,44,44,62,85,85,85,210,210,210,160,160,160,75,75,75,75,75,75,35,35,35,35,35,35,35,35,35,35,35,35,35,35,35,35],"floor_reached":44,"campfire_rested":3,"playtime":776,"current_hp_per_floor":[75,75,75,72,72,72,76,76,76,74,74,62,51,69,69,20,74,40,40,64,43,43,43,25,47,47,47,47,47,69,69,69,63,74,74,74,65,65,58,74,43,26,26],"items_purged":[],"gold":35,"score":344,"play_id":"1c3d7cf8-6332-420e-ac0c-b4dae1bb3826","is_prod":false,"is_daily":false,"is_ascension_mode":false,"campfire_upgraded":6,"path_taken":["M","?","$","M","?","R","M","R","T","?","?","M","M","?","R","BOSS","M","?","?","M","?","R","M","R","T","R","?","?","R","?","R","BOSS","M","?","?","?","M","R","M","M","T","M"],"build_version":"2018-02-22-PROD2","purchased_purges":0,"victory":false,"master_deck":["Strike_R","Strike_R","Strike_R","Defend_R","Defend_R","Defend_R","Bash+1","Body Slam+1","Rampage+1","Whirlwind+1","Spot Weakness","Madness+1","Shrug It Off","Parasite","Limit Break+1","Double Tap+1","Madness","Madness","True Grit+1","Shrug It Off+1"],"max_hp_per_floor":[80,80,80,80,80,80,80,80,80,74,74,74,74,74,74,74,74,74,74,74,74,74,74,74,74,74,74,74,74,74,74,74,74,74,74,74,74,74,74,74,74,74,74],"relics":["Burning Blood","Juzu Bracelet","Du-Vu Doll","Golden Idol","Ectoplasm","Orichalcum","Happy Flower","Sozu","Regal Pillow"],"card_choices":[{"not_picked":["Feel No Pain","Pommel Strike"],"picked":"Body Slam"},{"not_picked":["Flame Barrier","Blood for Blood"],"picked":"Rampage"},{"not_picked":["Rupture","Sword Boomerang"],"picked":"Whirlwind"},{"not_picked":["Havoc","Body Slam"],"picked":"Shrug It Off"},{"not_picked":["Immolate","Fiend Fire"],"picked":"Limit Break"},{"not_picked":["Dark Embrace","Berserk"],"picked":"Double Tap"},{"not_picked":["Dropkick","Pommel Strike"],"picked":"True Grit"},{"not_picked":["Rampage","Sever Soul"],"picked":"Shrug It Off"}],"player_experience":346804,"potions_floor_usage":[12,16,21,24,33,33,39],"damage_taken":[{"damage":11,"enemies":"Jaw Worm","floor":1,"turns":4},{"damage":9,"enemies":"2 Louse","floor":4,"turns":3},{"damage":2,"enemies":"Small Slimes","floor":7,"turns":3},{"damage":18,"enemies":"Exordium Thugs","floor":12,"turns":3},{"damage":17,"enemies":"Red Slaver","floor":13,"turns":4},{"damage":55,"enemies":"Hexaghost","floor":16,"turns":9},{"damage":40,"enemies":"Spheric Guardian","floor":18,"turns":6},{"damage":27,"enemies":"3 Byrds","floor":21,"turns":3},{"damage":24,"enemies":"Snecko","floor":24,"turns":6},{"damage":12,"enemies":"Collector","floor":33,"turns":5},{"damage":4,"enemies":"Orb Walker","floor":35,"turns":2},{"damage":13,"enemies":"3 Shapes","floor":39,"turns":5},{"damage":37,"enemies":"3 Darklings","floor":41,"turns":3},{"damage":23,"enemies":"4 Shapes","floor":42,"turns":3},{"damage":26,"enemies":"Sphere and 2 Shapes","floor":44,"turns":3}],"event_choices":[{"event_name":"Living Wall","player_choice":"Forget","floor":2,"damage_taken":0},{"event_name":"Big Fish","player_choice":"Box","floor":5,"damage_taken":0},{"event_name":"Golden Idol","player_choice":"Lose Max HP","floor":10,"damage_taken":0},{"event_name":"Match and Keep!","player_choice":"2 cards matched","floor":11,"damage_taken":0},{"event_name":"Mushrooms","player_choice":"Healed and dodged fight","floor":14,"damage_taken":0},{"event_name":"The Joust","player_choice":"Bet on Murderer","floor":19,"damage_taken":0},{"event_name":"The Library","player_choice":"Heal","floor":20,"damage_taken":0},{"event_name":"Addict","player_choice":"Obtained Relic","floor":22,"damage_taken":0},{"event_name":"The Woman in Blue","player_choice":"Bought 3 Potions","floor":28,"damage_taken":0},{"event_name":"The Lab","player_choice":"Got Potions","floor":29,"damage_taken":0},{"event_name":"Back to Basics","player_choice":"Elegance","floor":31,"damage_taken":0},{"event_name":"Mysterious Sphere","player_choice":"Ignore","floor":36,"damage_taken":0},{"event_name":"Winding Halls","player_choice":"Embrace Madness","floor":37,"damage_taken":0},{"event_name":"Upgrade Shrine","player_choice":"Upgraded","floor":38,"damage_taken":0}],"boss_relics":[{"not_picked":["Tiny House","Mark of Pain"],"picked":"Ectoplasm"},{"not_picked":["Black Blood","Cursed Key"],"picked":"Sozu"}],"potions_floor_spawned":[1,7,12,21,33,39,41],"seed_played":"8828954987293422800","killed_by":"Sphere and 2 Shapes","ascension_level":0,"is_trial":false}