{"gold_per_floor":[17,29,47,122,141,141,160,9,63,63,92,111,138,148,148,249,249,249,3,3,3,3,3,3,3,3,3,3,3,3,3,3,3],"floor_reached":33,"playtime":3792,"items_purged":["Strike_R"],"score":507,"play_id":"c85a2969-323e-43b1-841a-65b4870bd66d","local_time":"20190804122155","is_ascension_mode":true,"campfire_choices":[{"data":"True Grit","floor":6.0,"key":"SMITH"},{"data":"Havoc","floor":15.0,"key":"SMITH"},{"data":"Rupture","floor":24.0,"key":"SMITH"},{"data":"Inflame","floor":29.0,"key":"SMITH"},{"floor":32.0,"key":"REST"}],"neow_cost":"NO_GOLD","seed_source_timestamp":965101314803881,"circlet_count":0,"master_deck":["AscendersBane","Strike_R","Defend_R","Defend_R","Defend_R","Defend_R","Bash","Sword Boomerang","Body Slam","Headbutt","Iron Wave","True Grit+1","Corruption","Power Through","Rupture+1","Anger","Havoc+1","Evolve","Immolate","Heavy Blade","Combust","Writhe","Cleave+1","Inflame+1","Whirlwind","Evolve","Rupture"],"special_seed":0,"relics":["Burning Blood","Strawberry","Potion Belt","Meat on the Bone","Art of War","PreservedInsect","Ectoplasm","Blood Vial","Bag of Marbles","Lantern","Omamori","Question Card"],"potions_floor_usage":[33],"damage_taken":[{"damage":9.0,"enemies":"2 Louse","floor":1.0,"turns":4.0},{"damage":11.0,"enemies":"Cultist","floor":2.0,"turns":4.0},{"damage":6.0,"enemies":"Jaw Worm","floor":3.0,"turns":4.0},{"damage":0.0,"enemies":"2 Fungi Beasts","floor":5.0,"turns":4.0},{"damage":8.0,"enemies":"Blue Slaver","floor":7.0,"turns":5.0},{"damage":13.0,"enemies":"Gremlin Nob","floor":11.0,"turns":4.0},{"damage":16.0,"enemies":"Looter","floor":12.0,"turns":4.0},{"damage":36.0,"enemies":"3 Sentries","floor":13.0,"turns":10.0},{"damage":0.0,"enemies":"3 Louse","floor":14.0,"turns":3.0},{"damage":39.0,"enemies":"The Guardian","floor":16.0,"turns":15.0},{"damage":30.0,"enemies":"Spheric Guardian","floor":18.0,"turns":5.0},{"damage":6.0,"enemies":"Slavers","floor":23.0,"turns":3.0},{"damage":17.0,"enemies":"3 Byrds","floor":25.0,"turns":4.0},{"damage":13.0,"enemies":"Book of Stabbing","floor":27.0,"turns":4.0},{"damage":34.0,"enemies":"3 Cultists","floor":28.0,"turns":4.0},{"damage":11.0,"enemies":"Gremlin Leader","floor":30.0,"turns":5.0},{"damage":62.0,"enemies":"Shelled Parasite and Fungi","floor":31.0,"turns":7.0},{"damage":62,"enemies":"Automaton","floor":33,"turns":7}],"seed_played":"-4889555135206244896","potions_obtained":[{"floor":3.0,"key":"PowerPotion"},{"floor":5.0,"key":"Strength Potion"},{"floor":13.0,"key":"SteroidPotion"},{"floor":18.0,"key":"SkillPotion"},{"floor":23.0,"key":"PowerPotion"},{"floor":28.0,"key":"BloodPotion"},{"floor":31.0,"key":"SneckoOil"}],"is_trial":false,"path_per_floor":["M","M","M","?","M","R","M","$","T","?","E","M","E","M","R","B",null,"M","$","?","?","?","E","R","M","T","E","M","R","E","M","R","B"],"character_chosen":"IRONCLAD","items_purchased":["Strawberry","Combust","AttackPotion","Energy Potion"],"campfire_rested":1,"item_purchase_floors":[8,19,19,19],"current_hp_per_floor":[69,64,64,56,62,62,60,67,67,49,54,56,38,56,56,35,74,50,50,50,50,33,47,47,50,50,57,43,43,52,33,60,0],"gold":3,"neow_bonus":"TRANSFORM_TWO_CARDS","is_prod":false,"is_daily":false,"chose_seed":false,"campfire_upgraded":4,"win_rate":0,"timestamp":1564946515,"path_taken":["M","M","M","?","?","R","M","$","T","?","E","M","E","M","R","BOSS","M","$","?","?","?","E","R","M","T","E","M","R","E","M","R","BOSS"],"build_version":"2019-07-17","purchased_purges":1,"victory":false,"max_hp_per_floor":[80,80,80,80,80,80,80,87,87,87,87,87,87,87,87,87,87,87,87,87,87,92,92,92,92,92,92,92,92,92,92,92,92],"card_choices":[{"not_picked":["Pommel Strike","Anger"],"picked":"Headbutt","floor":1.0},{"not_picked":["Sentinel","Heavy Blade"],"picked":"Iron Wave","floor":2.0},{"not_picked":["Havoc","Combust"],"picked":"True Grit","floor":3.0},{"not_picked":["Blood for Blood","Headbutt"],"picked":"Corruption","floor":5.0},{"not_picked":["Clothesline","Heavy Blade"],"picked":"Power Through","floor":7.0},{"not_picked":["Headbutt","Searing Blow"],"picked":"Rupture","floor":11.0},{"not_picked":["Headbutt","Cleave"],"picked":"Anger","floor":12.0},{"not_picked":["Blood for Blood","Perfected Strike"],"picked":"Havoc","floor":13.0},{"not_picked":["Power Through","Headbutt"],"picked":"Evolve","floor":14.0},{"not_picked":["Limit Break","Feed"],"picked":"Immolate","floor":16.0},{"not_picked":["Havoc","Flex"],"picked":"Heavy Blade","floor":18.0},{"not_picked":["Exhume","Sword Boomerang"],"picked":"Cleave+1","floor":23.0},{"not_picked":["Iron Wave","Carnage"],"picked":"Inflame","floor":25.0},{"not_picked":["Thunderclap","Twin Strike"],"picked":"Whirlwind","floor":27.0},{"not_picked":["Thunderclap","Shrug It Off"],"picked":"Evolve","floor":28.0},{"not_picked":["Havoc","Juggernaut","Sword Boomerang"],"picked":"SKIP","floor":30.0},{"not_picked":["Pommel Strike","Cleave","Havoc+1"],"picked":"Rupture","floor":31.0}],"player_experience":455121,"relics_obtained":[{"floor":9.0,"key":"Potion Belt"},{"floor":11.0,"key":"Art of War"},{"floor":13.0,"key":"PreservedInsect"},{"floor":23.0,"key":"Bag of Marbles"},{"floor":26.0,"key":"Lantern"},{"floor":27.0,"key":"Omamori"},{"floor":30.0,"key":"Question Card"}],"event_choices":[{"damage_healed":0.0,"max_hp_gain":0.0,"max_hp_loss":0.0,"gold_gain":75.0,"event_name":"FaceTrader","player_choice":"Touch","floor":4.0,"gold_loss":0.0,"damage_taken":8.0},{"damage_healed":0.0,"max_hp_gain":0.0,"max_hp_loss":0.0,"gold_gain":0.0,"event_name":"Scrap Ooze","player_choice":"Success","floor":10.0,"gold_loss":0.0,"damage_taken":18.0,"relics_obtained":["Meat on the Bone"]},{"damage_healed":0.0,"max_hp_gain":0.0,"max_hp_loss":0.0,"gold_gain":0.0,"event_name":"The Mausoleum","player_choice":"Opened","floor":20.0,"gold_loss":0.0,"damage_taken":0.0,"relics_obtained":["Blood Vial"],"cards_obtained":["Writhe"]},{"cards_removed":["Strike_R"],"damage_healed":0.0,"max_hp_gain":0.0,"max_hp_loss":0.0,"gold_gain":0.0,"event_name":"Back to Basics","player_choice":"Elegance","floor":21.0,"gold_loss":0.0,"damage_taken":0.0},{"damage_healed":0.0,"max_hp_gain":5.0,"max_hp_loss":0.0,"gold_gain":0.0,"event_name":"Forgotten Altar","player_choice":"Shed Blood","floor":22.0,"gold_loss":0.0,"damage_taken":22.0}],"is_beta":false,"boss_relics":[{"not_picked":["White Beast Statue","Orrery"],"picked":"Ectoplasm"}],"items_purged_floors":[19],"is_endless":false,"potions_floor_spawned":[3,5,7,13,18,23,28,31],"killed_by":"Automaton","ascension_level":12}