{"gold_per_floor":[113,33,49,49,49,81,81,93,93,105,105,105,125,158,158,261,261,281,292,8,8,25,25,60,60,112,124,38,54,153,153,153,252,252,271,271,19,38,38,38,50,50,50,70,70,86,106,106,106,106],"floor_reached":51,"playtime":6480,"items_purged":["Strike_G"],"score":782,"play_id":"3204c592-d74c-4d1c-98df-d5882fe4d45d","local_time":"20190309225420","is_ascension_mode":true,"campfire_choices":[{"floor":7,"key":"REST"},{"data":"Neutralize","floor":11,"key":"SMITH"},{"floor":15,"key":"REST"},{"data":"Tools of the Trade","floor":23,"key":"SMITH"},{"data":"Burst","floor":25,"key":"SMITH"},{"floor":32,"key":"REST"},{"floor":40,"key":"RECALL"},{"floor":42,"key":"REST"},{"floor":49,"key":"REST"}],"neow_cost":"NONE","seed_source_timestamp":90627728069434,"circlet_count":0,"master_deck":["Defend_G+1","Defend_G","Defend_G","Defend_G","Strike_G+1","Survivor","Neutralize+1","Heel Hook","Footwork","Acrobatics","Burst+1","Heel Hook","Dodge and Roll+1","Quick Slash","Terror","Tools of the Trade+1","Footwork","Outmaneuver","Escape Plan+1","Heel Hook","Flash of Steel","Slice","After Image","Backflip+1","Mayhem","Well Laid Plans"],"relics":["Ring of the Snake","Omamori","Kunai","Mercury Hourglass","Letter Opener","Empty Cage","Anchor","Matryoshka","Paper Crane","War Paint","WarpedTongs","Runic Dome","Bottled Flame","Thread and Needle","Lantern"],"potions_floor_usage":[6,24,24,33,33,50,50,50],"damage_taken":[{"damage":6,"enemies":"Cultist","floor":1,"turns":4},{"damage":0,"enemies":"2 Louse","floor":3,"turns":3},{"damage":22,"enemies":"3 Sentries","floor":6,"turns":13},{"damage":0,"enemies":"Small Slimes","floor":8,"turns":3},{"damage":0,"enemies":"3 Louse","floor":10,"turns":2},{"damage":0,"enemies":"2 Fungi Beasts","floor":13,"turns":4},{"damage":23,"enemies":"Gremlin Nob","floor":14,"turns":5},{"damage":22,"enemies":"Hexaghost","floor":16,"turns":12},{"damage":5,"enemies":"Shell Parasite","floor":18,"turns":6},{"damage":9,"enemies":"Chosen","floor":19,"turns":5},{"damage":15,"enemies":"Snake Plant","floor":22,"turns":6},{"damage":1,"enemies":"Gremlin Leader","floor":24,"turns":9},{"damage":16,"enemies":"Cultist and Chosen","floor":27,"turns":10},{"damage":0,"enemies":"Chosen and Byrds","floor":29,"turns":5},{"damage":18,"enemies":"Collector","floor":33,"turns":9},{"damage":18,"enemies":"3 Darklings","floor":35,"turns":5},{"damage":0,"enemies":"Orb Walker","floor":38,"turns":5},{"damage":27,"enemies":"3 Darklings","floor":41,"turns":7},{"damage":0,"enemies":"Transient","floor":44,"turns":5},{"damage":0,"enemies":"Sphere and 2 Shapes","floor":46,"turns":6},{"damage":0,"enemies":"4 Shapes","floor":47,"turns":6},{"damage":10,"enemies":"Awakened One","floor":50,"turns":14}],"seed_played":"2755403094881837787","potions_obtained":[{"floor":1,"key":"LiquidBronze"},{"floor":13,"key":"SteroidPotion"},{"floor":18,"key":"Energy Potion"},{"floor":19,"key":"EssenceOfSteel"},{"floor":33,"key":"Fruit Juice"},{"floor":35,"key":"Explosive Potion"},{"floor":41,"key":"PowerPotion"},{"floor":47,"key":"GamblersBrew"}],"is_trial":false,"path_per_floor":["M","$","M","?","?","E","R","M","T","M","R","?","M","E","R","B",null,"M","M","$","?","M","R","E","R","T","M","$","M","?","?","R","B",null,"M","?","$","M","$","R","M","R","T","M","?","M","M","?","R","B",null],"character_chosen":"THE_SILENT","items_purchased":["Footwork","Anchor","Outmaneuver","Flash of Steel","Bottled Flame"],"campfire_rested":5,"item_purchase_floors":[2,20,20,28,37],"current_hp_per_floor":[64,64,64,50,50,28,49,49,49,49,49,54,54,31,53,31,75,70,61,61,61,46,46,45,45,45,29,29,29,29,29,51,38,80,62,62,62,62,62,62,35,59,59,59,54,54,54,54,76,66],"gold":106,"neow_bonus":"RANDOM_COMMON_RELIC","is_prod":false,"is_daily":false,"chose_seed":false,"campfire_upgraded":3,"win_rate":0,"timestamp":1552200860,"path_taken":["M","$","M","?","?","E","R","?","T","M","R","?","M","E","R","BOSS","M","M","$","?","M","R","E","R","T","M","$","M","?","?","R","BOSS","M","?","$","M","$","R","M","R","T","M","?","M","M","?","R","BOSS"],"build_version":"2019-01-23","purchased_purges":1,"victory":true,"max_hp_per_floor":[70,70,70,70,70,70,70,70,70,70,70,75,75,75,75,75,75,75,75,75,75,75,75,75,75,75,75,75,75,75,75,75,80,80,80,80,80,80,80,80,80,80,80,80,80,80,80,76,76,76],"card_choices":[{"not_picked":["Bouncing Flask","Acrobatics"],"picked":"Heel Hook","floor":1},{"not_picked":["Caltrops","Quick Slash"],"picked":"Acrobatics","floor":3},{"not_picked":["Unload","Dagger Spray"],"picked":"Heel Hook","floor":6},{"not_picked":["Masterful Stab","Reflex"],"picked":"Dodge and Roll","floor":8},{"not_picked":["Acrobatics","Cloak And Dagger"],"picked":"Quick Slash","floor":10},{"not_picked":["Sucker Punch","Bane","PiercingWail"],"picked":"SKIP","floor":13},{"not_picked":["Quick Slash","Accuracy"],"picked":"Terror","floor":14},{"not_picked":["A Thousand Cuts","Phantasmal Killer"],"picked":"Tools of the Trade","floor":16},{"not_picked":["Distraction","Blade Dance"],"picked":"Footwork","floor":18},{"not_picked":["Acrobatics","Distraction","Bouncing Flask"],"picked":"SKIP","floor":19},{"not_picked":["Bouncing Flask+1","Setup"],"picked":"Escape Plan+1","floor":22},{"not_picked":["Dash","Catalyst"],"picked":"Heel Hook","floor":24},{"not_picked":["Underhanded Strike","PiercingWail+1","Acrobatics"],"picked":"SKIP","floor":27},{"not_picked":["Bouncing Flask+1","Caltrops"],"picked":"Slice","floor":29},{"not_picked":["Wraith Form v2","Malaise"],"picked":"After Image","floor":33},{"not_picked":["Distraction","Cloak And Dagger","Bouncing Flask"],"picked":"SKIP","floor":35},{"not_picked":["Poisoned Stab","Cloak And Dagger+1"],"picked":"Backflip+1","floor":38},{"not_picked":["Poisoned Stab+1","Flying Knee+1","Bane"],"picked":"SKIP","floor":41},{"not_picked":["Cloak And Dagger+1","Slice+1","Caltrops+1"],"picked":"SKIP","floor":44},{"not_picked":["Violence","PanicButton"],"picked":"Mayhem","floor":45},{"not_picked":["Deadly Poison","Backflip+1","Leg Sweep"],"picked":"SKIP","floor":46},{"not_picked":["Underhanded Strike","Escape Plan"],"picked":"Well Laid Plans","floor":47}],"player_experience":128997,"relics_obtained":[{"floor":6,"key":"Kunai"},{"floor":9,"key":"Mercury Hourglass"},{"floor":14,"key":"Letter Opener"},{"floor":24,"key":"Paper Crane"},{"floor":26,"key":"War Paint"},{"floor":43,"key":"Thread and Needle"},{"floor":43,"key":"Lantern"}],"event_choices":[{"damage_healed":0,"gold_gain":0,"player_choice":"Entered Light","damage_taken":14,"max_hp_gain":0,"max_hp_loss":0,"event_name":"Shining Light","floor":4,"gold_loss":0,"cards_upgraded":["Strike_G","Strike_G"]},{"damage_healed":0,"gold_gain":0,"cards_transformed":["Strike_G"],"player_choice":"Transformed","damage_taken":0,"max_hp_gain":0,"max_hp_loss":0,"event_name":"Transmorgrifier","floor":5,"gold_loss":0,"cards_obtained":["Burst"]},{"damage_healed":0,"gold_gain":0,"player_choice":"Donut","damage_taken":0,"max_hp_gain":5,"max_hp_loss":0,"event_name":"Big Fish","floor":12,"gold_loss":0},{"damage_healed":0,"gold_gain":0,"player_choice":"Opened","damage_taken":0,"relics_obtained":["Matryoshka"],"max_hp_gain":0,"max_hp_loss":0,"event_name":"The Mausoleum","floor":21,"gold_loss":0,"cards_obtained":["Writhe"]},{"damage_healed":0,"gold_gain":99,"player_choice":"Stole From Cult","damage_taken":0,"max_hp_gain":0,"max_hp_loss":0,"event_name":"Nest","floor":30,"gold_loss":0},{"damage_healed":0,"gold_gain":0,"player_choice":"Rummage","damage_taken":0,"relics_obtained":["WarpedTongs"],"max_hp_gain":0,"max_hp_loss":0,"event_name":"Accursed Blacksmith","floor":31,"gold_loss":0,"cards_obtained":["Pain"]},{"cards_removed":["Strike_G"],"damage_healed":0,"gold_gain":0,"player_choice":"Removed Attack","damage_taken":0,"max_hp_gain":0,"max_hp_loss":0,"event_name":"Falling","floor":36,"gold_loss":0},{"damage_healed":0,"gold_gain":0,"player_choice":"Memory 2","damage_taken":5,"max_hp_gain":0,"max_hp_loss":0,"event_name":"SensoryStone","floor":45,"gold_loss":0},{"damage_healed":0,"gold_gain":0,"player_choice":"Max HP","damage_taken":0,"max_hp_gain":0,"max_hp_loss":4,"event_name":"Winding Halls","floor":48,"gold_loss":0}],"is_beta":false,"boss_relics":[{"not_picked":["Ectoplasm","WristBlade"],"picked":"Empty Cage"},{"not_picked":["Eternal Feather","White Beast Statue"],"picked":"Runic Dome"}],"items_purged_floors":[20],"is_endless":false,"potions_floor_spawned":[1,13,18,19,33,35,41,47],"ascension_level":4}