{"gold_per_floor":[118,68,68,86,96,130,130,130,130,130,140,166,166,185,185,185],"floor_reached":16,"playtime":1702,"items_purged":[],"score":110,"play_id":"5b1b092b-e229-4613-a6ea-d9736c9cd96d","local_time":"20181216081028","is_ascension_mode":false,"campfire_choices":[{"data":"Neutralize","floor":7,"key":"SMITH"},{"data":"Acrobatics","floor":13,"key":"SMITH"},{"floor":15,"key":"RECALL"}],"neow_cost":"NONE","seed_source_timestamp":309684594325714,"circlet_count":0,"master_deck":["Defend_G","Defend_G","Defend_G","Defend_G","Defend_G","Strike_G","Strike_G","Strike_G","Survivor","Neutralize+1","Quick Slash","Reflex+1","Heel Hook","Heel Hook","Acrobatics+1"],"relics":["Ring of the Snake","Lantern","Bottled Lightning","Bottled Flame","The Courier"],"potions_floor_usage":[6,11,16],"damage_taken":[{"damage":0,"enemies":"2 Louse","floor":1,"turns":2},{"damage":0,"enemies":"Jaw Worm","floor":4,"turns":5},{"damage":0,"enemies":"Cultist","floor":5,"turns":5},{"damage":16,"enemies":"3 Sentries","floor":6,"turns":11},{"damage":0,"enemies":"Gremlin Gang","floor":11,"turns":2},{"damage":18,"enemies":"Lagavulin","floor":12,"turns":8},{"damage":1,"enemies":"Exordium Thugs","floor":14,"turns":5},{"damage":42,"enemies":"Hexaghost","floor":16,"turns":14}],"seed_played":"7745759116277372648","potions_obtained":[{"floor":4,"key":"Explosive Potion"},{"floor":6,"key":"Explosive Potion"},{"floor":14,"key":"Block Potion"}],"is_trial":false,"path_per_floor":["M","?","?","M","M","E","R","T","T","?","M","E","R","M","R","B"],"character_chosen":"THE_SILENT","items_purchased":[],"campfire_rested":0,"item_purchase_floors":[],"current_hp_per_floor":[70,70,70,70,70,54,54,54,54,59,59,41,41,40,40,0],"gold":185,"neow_bonus":"TRANSFORM_CARD","is_prod":false,"is_daily":false,"chose_seed":false,"campfire_upgraded":2,"win_rate":0,"timestamp":1544965828,"path_taken":["M","?","?","?","?","E","R","?","T","?","M","E","R","M","R","BOSS"],"build_version":"2018-12-13","purchased_purges":0,"victory":false,"max_hp_per_floor":[70,70,70,70,70,70,70,70,70,75,75,75,75,75,75,75],"card_choices":[{"not_picked":["Cloak And Dagger","PiercingWail"],"picked":"Reflex","floor":1},{"not_picked":["Blade Dance","Backflip","Poisoned Stab"],"picked":"SKIP","floor":4},{"not_picked":["Flying Knee","Dodge and Roll","Poisoned Stab"],"picked":"SKIP","floor":5},{"not_picked":["Caltrops","Escape Plan"],"picked":"Heel Hook","floor":6},{"not_picked":["Poisoned Stab","Flying Knee"],"picked":"Heel Hook","floor":11},{"not_picked":["Bane","Finisher"],"picked":"Acrobatics","floor":12},{"not_picked":["Setup","Tactician","Deadly Poison"],"picked":"SKIP","floor":14}],"player_experience":607138,"relics_obtained":[{"floor":6,"key":"Lantern"},{"floor":8,"key":"Bottled Lightning"},{"floor":9,"key":"Bottled Flame"},{"floor":12,"key":"The Courier"}],"event_choices":[{"cards_removed":["Strike_G"],"damage_healed":0,"gold_gain":0,"player_choice":"Card Removal","damage_taken":0,"max_hp_gain":0,"max_hp_loss":0,"event_name":"The Cleric","floor":2,"gold_loss":50},{"damage_healed":0,"gold_gain":0,"player_choice":"Upgraded","damage_taken":0,"max_hp_gain":0,"max_hp_loss":0,"event_name":"Upgrade Shrine","floor":3,"gold_loss":0,"cards_upgraded":["Reflex"]},{"damage_healed":0,"gold_gain":0,"player_choice":"Donut","damage_taken":0,"max_hp_gain":5,"max_hp_loss":0,"event_name":"Big Fish","floor":10,"gold_loss":0}],"is_beta":false,"boss_relics":[],"items_purged_floors":[],"is_endless":false,"potions_floor_spawned":[4,6,14],"killed_by":"Hexaghost","ascension_level":0}