{"gold_per_floor":[112,112,112,112,127,160,160,191,191,191,191,203,203,215,215,310,310,328,360,360,275,49,49,59,59,59,74,87,100,118,153,153,153],"floor_reached":33,"playtime":2015,"items_purged":["Decay"],"score":275,"play_id":"1f408e4e-aecf-4b76-bbaf-2c1674b9072a","local_time":"20190114075735","is_ascension_mode":false,"campfire_choices":[{"data":"Searing Blow","floor":7.0,"key":"SMITH"},{"data":"Searing Blow+1","floor":11.0,"key":"SMITH"},{"data":"Searing Blow+2","floor":13.0,"key":"SMITH"},{"data":"Searing Blow+3","floor":15.0,"key":"SMITH"},{"data":"Searing Blow+4","floor":23.0,"key":"SMITH"},{"data":"Searing Blow+5","floor":25.0,"key":"SMITH"},{"floor":32.0,"key":"REST"}],"neow_cost":"TEN_PERCENT_HP_LOSS","seed_source_timestamp":25813142473499,"circlet_count":0,"master_deck":["Strike_R+1","Strike_R+1","Defend_R","Defend_R","Defend_R","Defend_R","Bash","Heavy Blade","Spot Weakness","Searing Blow+6","Ghostly Armor","Shockwave+1","Shrug It Off+1"],"special_seed":0,"relics":["Burning Blood","Dream Catcher","Boot","Sundial","Sozu","Red Mask","Nilry\u0027s Codex","Toxic Egg 2","Bag of Preparation","Question Card","Omamori"],"potions_floor_usage":[],"damage_taken":[{"damage":2.0,"enemies":"Small Slimes","floor":1.0,"turns":4.0},{"damage":0.0,"enemies":"2 Louse","floor":5.0,"turns":3.0},{"damage":28.0,"enemies":"Gremlin Nob","floor":6.0,"turns":4.0},{"damage":21.0,"enemies":"3 Sentries","floor":8.0,"turns":6.0},{"damage":10.0,"enemies":"Jaw Worm","floor":12.0,"turns":3.0},{"damage":0.0,"enemies":"Looter","floor":14.0,"turns":2.0},{"damage":21.0,"enemies":"The Guardian","floor":16.0,"turns":11.0},{"damage":12.0,"enemies":"2 Thieves","floor":18.0,"turns":4.0},{"damage":36.0,"enemies":"Masked Bandits","floor":19.0,"turns":6.0},{"damage":0.0,"enemies":"Chosen","floor":24.0,"turns":3.0},{"damage":6.0,"enemies":"Snake Plant","floor":27.0,"turns":3.0},{"damage":1.0,"enemies":"3 Cultists","floor":28.0,"turns":3.0},{"damage":0.0,"enemies":"Centurion and Healer","floor":29.0,"turns":4.0},{"damage":1.0,"enemies":"Cultist and Chosen","floor":30.0,"turns":3.0},{"damage":24.0,"enemies":"Slavers","floor":31.0,"turns":3.0},{"damage":45,"enemies":"Automaton","floor":33,"turns":6}],"seed_played":"-5992615735588644872","potions_obtained":[{"floor":5.0,"key":"Explosive Potion"},{"floor":8.0,"key":"Poison Potion"},{"floor":12.0,"key":"Weak Potion"}],"is_trial":false,"path_per_floor":["M","?","?","?","M","E","R","E","T","?","R","M","R","M","R","B",null,"M","?","?","?","$","R","M","R","T","M","M","M","M","E","R","B"],"character_chosen":"IRONCLAD","items_purchased":["Bag of Preparation"],"campfire_rested":1,"item_purchase_floors":[22],"current_hp_per_floor":[72,58,58,58,64,42,42,27,27,27,27,23,23,29,29,14,72,66,36,20,20,20,20,26,26,26,26,31,37,42,24,45,0],"gold":153,"neow_bonus":"REMOVE_TWO","is_prod":false,"is_daily":false,"chose_seed":false,"campfire_upgraded":6,"win_rate":0,"timestamp":1547470655,"path_taken":["M","?","?","?","M","E","R","E","T","?","R","?","R","M","R","BOSS","M","?","?","?","?","R","M","R","T","M","M","M","M","E","R","BOSS"],"build_version":"2019-01-10","purchased_purges":1,"victory":false,"max_hp_per_floor":[72,72,72,72,72,72,72,72,72,72,72,72,72,72,72,72,72,72,72,72,72,72,72,72,72,72,72,72,72,72,72,72,72],"card_choices":[{"not_picked":["Thunderclap","Warcry"],"picked":"Heavy Blade","floor":1.0},{"not_picked":["Headbutt","Clothesline"],"picked":"Spot Weakness","floor":5.0},{"not_picked":["Sword Boomerang","Shrug It Off"],"picked":"Searing Blow","floor":6.0},{"not_picked":["Exhume","Warcry","Havoc"],"picked":"SKIP","floor":8.0},{"not_picked":["Clash","Perfected Strike","Carnage"],"picked":"SKIP","floor":12.0},{"not_picked":["Metallicize","Burning Pact"],"picked":"Ghostly Armor","floor":14.0},{"not_picked":["Flex","Wild Strike","Heavy Blade"],"picked":"SKIP","floor":18.0},{"not_picked":["Cleave","Twin Strike+1","Intimidate+1"],"picked":"SKIP","floor":24.0},{"not_picked":["Anger","Whirlwind","Thunderclap","Feel No Pain+1"],"picked":"SKIP","floor":27.0},{"not_picked":["Anger","Whirlwind","Thunderclap","Feel No Pain+1"],"picked":"SKIP","floor":27.0},{"not_picked":["Pommel Strike","Iron Wave","Havoc+1","Immolate"],"picked":"SKIP","floor":28.0},{"not_picked":["Inflame","Sentinel+1","Sword Boomerang+1"],"picked":"Shockwave+1","floor":29.0},{"not_picked":["Perfected Strike","Pommel Strike","Sword Boomerang","Wild Strike"],"picked":"SKIP","floor":30.0},{"not_picked":["Berserk","Cleave","Perfected Strike+1","Clash+1"],"picked":"SKIP","floor":31.0},{"not_picked":["Havoc+1","Armaments+1","Body Slam"],"picked":"Shrug It Off+1","floor":32.0}],"player_experience":705483,"relics_obtained":[{"floor":6.0,"key":"Dream Catcher"},{"floor":8.0,"key":"Boot"},{"floor":9.0,"key":"Sundial"},{"floor":19.0,"key":"Red Mask"},{"floor":20.0,"key":"Nilry\u0027s Codex"},{"floor":26.0,"key":"Question Card"},{"floor":31.0,"key":"Omamori"}],"event_choices":[{"damage_healed":0.0,"max_hp_gain":0.0,"max_hp_loss":0.0,"gold_gain":0.0,"event_name":"Shining Light","player_choice":"Entered Light","floor":2.0,"gold_loss":0.0,"damage_taken":14.0,"cards_upgraded":["Strike_R","Strike_R"]},{"cards_removed":["Strike_R"],"damage_healed":0.0,"max_hp_gain":0.0,"max_hp_loss":0.0,"gold_gain":0.0,"event_name":"Living Wall","player_choice":"Forget","floor":3.0,"gold_loss":0.0,"damage_taken":0.0},{"damage_healed":0.0,"max_hp_gain":0.0,"max_hp_loss":0.0,"gold_gain":0.0,"event_name":"Liars Game","player_choice":"Ignored","floor":4.0,"gold_loss":0.0,"damage_taken":0.0},{"damage_healed":0.0,"max_hp_gain":0.0,"max_hp_loss":0.0,"gold_gain":0.0,"event_name":"Wheel of Change","player_choice":"Cursed","floor":10.0,"gold_loss":0.0,"damage_taken":0.0,"cards_obtained":["Decay"]},{"damage_healed":0.0,"max_hp_gain":0.0,"max_hp_loss":0.0,"gold_gain":0.0,"event_name":"Masked Bandits","player_choice":"Fought Bandits","floor":19.0,"gold_loss":0.0,"damage_taken":0.0},{"damage_healed":0.0,"max_hp_gain":0.0,"max_hp_loss":0.0,"gold_gain":0.0,"event_name":"Cursed Tome","player_choice":"Obtained Book","floor":20.0,"gold_loss":0.0,"damage_taken":16.0},{"damage_healed":0.0,"max_hp_gain":0.0,"max_hp_loss":0.0,"gold_gain":0.0,"event_name":"Addict","player_choice":"Obtained Relic","floor":21.0,"gold_loss":85.0,"damage_taken":0.0,"relics_obtained":["Toxic Egg 2"]}],"is_beta":false,"boss_relics":[{"not_picked":["Philosopher\u0027s Stone","Calling Bell"],"picked":"Sozu"}],"items_purged_floors":[22],"is_endless":false,"potions_floor_spawned":[5,8,12,18,24,27,31],"killed_by":"Automaton","ascension_level":0}