{"gold_per_floor":[113,129,140,159,177,177,204,204,204,204,214,242,260,21,21,119,119,133,133,150,168,183,183,183,210,210,221,1,13,13],"floor_reached":30,"playtime":2327,"items_purged":["Decay"],"score":306,"play_id":"a0ca9feb-67c7-4679-93be-d62d89076be3","local_time":"20190706202257","is_ascension_mode":true,"campfire_choices":[{"data":"Neutralize","floor":6,"key":"SMITH"},{"floor":8,"key":"REST"},{"floor":15,"key":"REST"},{"floor":24,"key":"REST"}],"neow_cost":"NONE","seed_source_timestamp":98098716684226,"circlet_count":0,"master_deck":["Strike_G","Strike_G","Strike_G","Defend_G","Defend_G","Defend_G","Defend_G","Survivor","Neutralize+1","Choke","Cloak And Dagger","Dodge and Roll","Slice","Backstab","Choke","Cloak And Dagger","Die Die Die+1","Endless Agony+1","Footwork","Venomology","Heel Hook+1","Glass Knife+1","Leg Sweep","Noxious Fumes","Footwork","Sucker Punch+1","All Out Attack+1","Quick Slash+1","Mind Blast+1","Die Die Die+1"],"relics":["Ring of the Snake","Potion Belt","Molten Egg 2","Nunchaku","Blue Candle","Membership Card","Black Star","The Specimen","Mummified Hand","Oddly Smooth Stone","ClockworkSouvenir"],"potions_floor_usage":[4,12,16,22,22,25,25,29,29,30],"damage_taken":[{"damage":0,"enemies":"Cultist","floor":1,"turns":3},{"damage":4,"enemies":"Jaw Worm","floor":2,"turns":4},{"damage":3,"enemies":"Small Slimes","floor":3,"turns":6},{"damage":5,"enemies":"Gremlin Gang","floor":4,"turns":7},{"damage":9,"enemies":"2 Fungi Beasts","floor":5,"turns":4},{"damage":19,"enemies":"Gremlin Nob","floor":7,"turns":4},{"damage":0,"enemies":"Exordium Wildlife","floor":11,"turns":1},{"damage":23,"enemies":"Lagavulin","floor":12,"turns":6},{"damage":3,"enemies":"Exordium Thugs","floor":13,"turns":3},{"damage":21,"enemies":"The Guardian","floor":16,"turns":12},{"damage":4,"enemies":"Chosen","floor":18,"turns":3},{"damage":0,"enemies":"3 Byrds","floor":20,"turns":5},{"damage":0,"enemies":"Snecko","floor":21,"turns":3},{"damage":22,"enemies":"Cultist and Chosen","floor":22,"turns":5},{"damage":15,"enemies":"Slavers","floor":25,"turns":6},{"damage":18,"enemies":"Centurion and Healer","floor":27,"turns":6},{"damage":10,"enemies":"Snake Plant","floor":29,"turns":2},{"damage":29,"enemies":"Gremlin Leader","floor":30,"turns":9}],"seed_played":"-1568680050990129137","potions_obtained":[{"floor":2,"key":"GhostInAJar"},{"floor":4,"key":"GamblersBrew"},{"floor":11,"key":"Swift Potion"},{"floor":12,"key":"Strength Potion"},{"floor":16,"key":"SkillPotion"},{"floor":18,"key":"PowerPotion"},{"floor":22,"key":"Fire Potion"}],"is_trial":false,"path_per_floor":["M","M","M","M","M","R","E","R","T","?","M","E","M","$","R","B",null,"M","?","M","M","M","?","R","E","T","M","$","M","E"],"character_chosen":"THE_SILENT","items_purchased":["Membership Card","Footwork","Mind Blast+1","Die Die Die+1","ClockworkSouvenir"],"campfire_rested":3,"item_purchase_floors":[14,14,28,28,28],"current_hp_per_floor":[70,66,63,58,49,49,30,51,51,51,51,28,25,25,46,25,70,66,66,66,66,44,44,65,50,50,32,32,22,0],"gold":13,"neow_bonus":"TRANSFORM_CARD","is_prod":false,"is_daily":false,"chose_seed":false,"campfire_upgraded":1,"win_rate":0,"timestamp":1562469777,"path_taken":["M","M","?","M","M","R","E","R","T","?","M","E","M","$","R","BOSS","M","?","M","M","M","?","R","E","T","M","$","?","E"],"build_version":"2019-07-05","purchased_purges":1,"victory":false,"max_hp_per_floor":[70,70,70,70,70,70,70,70,70,70,70,70,70,70,70,70,70,70,70,70,70,70,70,70,70,70,70,70,70,70],"card_choices":[{"not_picked":["Prepared","Acrobatics"],"picked":"Cloak And Dagger","floor":1},{"not_picked":["Dagger Throw","Prepared"],"picked":"Dodge and Roll","floor":2},{"not_picked":["Bouncing Flask","Prepared","Heel Hook"],"picked":"SKIP","floor":3},{"not_picked":["Dagger Spray","Deflect"],"picked":"Slice","floor":4},{"not_picked":["PiercingWail","Wraith Form v2"],"picked":"Backstab","floor":5},{"not_picked":["All Out Attack","Underhanded Strike"],"picked":"Choke","floor":7},{"not_picked":["Flying Knee+1","Deadly Poison"],"picked":"Cloak And Dagger","floor":11},{"not_picked":["Outmaneuver","Poisoned Stab+1"],"picked":"Die Die Die+1","floor":12},{"not_picked":["Dodge and Roll","Catalyst"],"picked":"Endless Agony+1","floor":13},{"not_picked":["Bullet Time","Malaise"],"picked":"Venomology","floor":16},{"not_picked":["Underhanded Strike+1","Dagger Throw+1"],"picked":"Heel Hook+1","floor":18},{"not_picked":["Deadly Poison+1","Tactician+1"],"picked":"Noxious Fumes","floor":20},{"not_picked":["Prepared+1","Leg Sweep"],"picked":"Footwork","floor":21},{"not_picked":["Acrobatics","Riddle With Holes+1"],"picked":"Sucker Punch+1","floor":22},{"not_picked":["Deflect","Flying Knee+1"],"picked":"All Out Attack+1","floor":25},{"not_picked":["Expertise","Backflip"],"picked":"Quick Slash+1","floor":27},{"not_picked":["Predator+1","Deadly Poison","Poisoned Stab+1"],"picked":"SKIP","floor":29}],"player_experience":204847,"relics_obtained":[{"floor":7,"key":"Potion Belt"},{"floor":9,"key":"Molten Egg 2"},{"floor":12,"key":"Blue Candle"},{"floor":25,"key":"The Specimen"},{"floor":25,"key":"Mummified Hand"},{"floor":26,"key":"Oddly Smooth Stone"}],"event_choices":[{"damage_healed":0,"gold_gain":0,"player_choice":"Gave Potion","damage_taken":0,"relics_obtained":["Nunchaku"],"max_hp_gain":0,"max_hp_loss":0,"event_name":"WeMeetAgain","floor":10,"gold_loss":0},{"damage_healed":0,"gold_gain":0,"cards_transformed":["Defend_G","Strike_G"],"player_choice":"Became Test Subject","damage_taken":0,"max_hp_gain":0,"max_hp_loss":0,"event_name":"Drug Dealer","floor":19,"gold_loss":0,"cards_obtained":["Glass Knife","Leg Sweep"]},{"damage_healed":0,"gold_gain":0,"player_choice":"Cursed","damage_taken":0,"max_hp_gain":0,"max_hp_loss":0,"event_name":"Wheel of Change","floor":23,"gold_loss":0,"cards_obtained":["Decay"]}],"is_beta":false,"boss_relics":[{"not_picked":["Philosopher\u0027s Stone","Snecko Eye"],"picked":"Black Star"}],"items_purged_floors":[28],"is_endless":false,"potions_floor_spawned":[2,4,11,12,16,18,22],"killed_by":"Gremlin Leader","ascension_level":3}