{"gold_per_floor":[110,124,48,59,79,112,131,210,210,210,230,249,283,302,302,397,397,414,426,426,426],"floor_reached":21,"playtime":1484,"items_purged":[],"score":251,"play_id":"7365787f-9ebb-40f9-8744-559b84f47d14","local_time":"20190324145234","is_ascension_mode":true,"campfire_choices":[{"data":"Bash","floor":10,"key":"SMITH"},{"data":"Carnage","floor":15,"key":"SMITH"}],"neow_cost":"NONE","seed_source_timestamp":16695232081775,"circlet_count":0,"master_deck":["Strike_R","Strike_R","Strike_R","Strike_R","Strike_R","Defend_R","Defend_R","Defend_R","Defend_R","Bash+1","Seeing Red","Sentinel","Corruption","Cleave","Infernal Blade","Rampage","Shockwave","Spot Weakness","Carnage+1","Impervious","Burning Pact","Sword Boomerang"],"relics":["Burning Blood","Gambling Chip","Meat on the Bone","Oddly Smooth Stone","Odd Mushroom","Calipers","White Beast Statue","Nilry\u0027s Codex"],"potions_floor_usage":[4,6,7,11,13,16,16,18,21,21],"damage_taken":[{"damage":6,"enemies":"Cultist","floor":1,"turns":3},{"damage":6,"enemies":"2 Louse","floor":2,"turns":2},{"damage":8,"enemies":"Small Slimes","floor":4,"turns":3},{"damage":11,"enemies":"Looter","floor":5,"turns":4},{"damage":20,"enemies":"Lagavulin","floor":6,"turns":5},{"damage":0,"enemies":"3 Louse","floor":7,"turns":2},{"damage":15,"enemies":"The Mushroom Lair","floor":11,"turns":4},{"damage":0,"enemies":"Exordium Thugs","floor":12,"turns":4},{"damage":12,"enemies":"Gremlin Nob","floor":13,"turns":4},{"damage":0,"enemies":"2 Fungi Beasts","floor":14,"turns":3},{"damage":42,"enemies":"Slime Boss","floor":16,"turns":9},{"damage":5,"enemies":"Spheric Guardian","floor":18,"turns":4},{"damage":16,"enemies":"Chosen","floor":19,"turns":5},{"damage":49,"enemies":"Centurion and Healer","floor":21,"turns":7}],"seed_played":"2965679177457332085","potions_obtained":[{"floor":0,"key":"PowerPotion"},{"floor":0,"key":"PowerPotion"},{"floor":0,"key":"Swift Potion"},{"floor":5,"key":"Energy Potion"},{"floor":6,"key":"Explosive Potion"},{"floor":7,"key":"Strength Potion"},{"floor":12,"key":"FearPotion"},{"floor":16,"key":"GamblersBrew"},{"floor":18,"key":"Strength Potion"},{"floor":19,"key":"Energy Potion"}],"is_trial":false,"path_per_floor":["M","M","$","M","M","E","M","T","T","R","?","M","E","M","R","B",null,"M","M","?","M"],"character_chosen":"IRONCLAD","items_purchased":["Corruption"],"campfire_rested":0,"item_purchase_floors":[3],"current_hp_per_floor":[72,72,72,70,65,51,57,57,57,57,48,54,48,54,54,30,68,69,59,43,0],"gold":426,"neow_bonus":"THREE_SMALL_POTIONS","is_prod":false,"is_daily":false,"chose_seed":false,"campfire_upgraded":2,"win_rate":0,"timestamp":1553464354,"path_taken":["M","M","$","M","M","E","?","?","T","R","?","M","E","M","R","BOSS","M","M","?","M"],"build_version":"2019-01-23","purchased_purges":0,"victory":false,"max_hp_per_floor":[80,80,80,80,80,80,80,80,80,80,80,80,80,80,80,80,80,80,80,80,80],"card_choices":[{"not_picked":["Clothesline","Flex"],"picked":"Seeing Red","floor":1},{"not_picked":["Bloodletting","Feel No Pain"],"picked":"Sentinel","floor":2},{"not_picked":["Wild Strike","True Grit"],"picked":"Cleave","floor":4},{"not_picked":["Flex","Havoc"],"picked":"Infernal Blade","floor":5},{"not_picked":["Pommel Strike","Havoc"],"picked":"Rampage","floor":6},{"not_picked":["Clothesline","Thunderclap","Headbutt"],"picked":"SKIP","floor":7},{"not_picked":["Reaper","Inflame"],"picked":"Shockwave","floor":11},{"not_picked":["Headbutt","True Grit"],"picked":"Spot Weakness","floor":12},{"not_picked":["Perfected Strike","Flex","Thunderclap"],"picked":"SKIP","floor":13},{"not_picked":["Clash","Rage"],"picked":"Carnage","floor":14},{"not_picked":["Juggernaut","Bludgeon"],"picked":"Impervious","floor":16},{"not_picked":["Seeing Red","Heavy Blade"],"picked":"Burning Pact","floor":18},{"not_picked":["Reckless Charge+1","Shrug It Off"],"picked":"Sword Boomerang","floor":19}],"player_experience":197237,"relics_obtained":[{"floor":6,"key":"Gambling Chip"},{"floor":8,"key":"Meat on the Bone"},{"floor":9,"key":"Oddly Smooth Stone"},{"floor":11,"key":"Odd Mushroom"},{"floor":13,"key":"Calipers"},{"floor":20,"key":"Nilry\u0027s Codex"}],"event_choices":[{"damage_healed":0,"gold_gain":0,"player_choice":"Fought Mushrooms","damage_taken":0,"max_hp_gain":0,"max_hp_loss":0,"event_name":"Mushrooms","floor":11,"gold_loss":0},{"damage_healed":0,"gold_gain":0,"player_choice":"Obtained Book","damage_taken":16,"max_hp_gain":0,"max_hp_loss":0,"event_name":"Cursed Tome","floor":20,"gold_loss":0}],"is_beta":false,"boss_relics":[{"not_picked":["Orrery","Cursed Key"],"picked":"White Beast Statue"}],"items_purged_floors":[],"is_endless":false,"potions_floor_spawned":[1,5,6,7,12,16,18,19],"killed_by":"Centurion and Healer","ascension_level":6}