{"gold_per_floor":[114,114,131,131,15,42,42,53,100,114,114,114,149,99,99,198,198,210,210,310,171,171,171,190,190,190,190,190,190,215,226,226,324,324,336,351,351,180,200,200,213,213,240,240,240,90,90,106,106,106],"floor_reached":51,"playtime":3613,"items_purged":["Strike_R","Defend_R","Defend_R+1","Defend_R+1"],"score":619,"play_id":"f694e1ac-96f8-45aa-9f69-44cfce04080d","local_time":"20181129210911","is_ascension_mode":false,"campfire_choices":[{"data":"Rampage","floor":7.0,"key":"SMITH"},{"data":"Bash","floor":12.0,"key":"SMITH"},{"data":"Battle Trance","floor":15.0,"key":"SMITH"},{"data":"Double Tap","floor":23.0,"key":"SMITH"},{"data":"J.A.X.","floor":27.0,"key":"SMITH"},{"data":"Whirlwind","floor":29.0,"key":"SMITH"},{"data":"Dropkick","floor":32.0,"key":"SMITH"},{"data":"Headbutt","floor":40,"key":"SMITH"},{"floor":42,"key":"REST"},{"floor":45,"key":"REST"},{"floor":49,"key":"REST"}],"neow_cost":"NONE","seed_source_timestamp":0,"circlet_count":0,"master_deck":["Bash+1","Rampage+1","Headbutt+1","Battle Trance+1","Double Tap+1","Whirlwind+1","J.A.X.+1","Dropkick+1","Warcry+1","Limit Break+1","Shrug It Off+1","Madness+1","Madness+1"],"special_seed":0,"relics":["Burning Blood","Red Skull","Juzu Bracelet","Happy Flower","Runic Dome","Pear","Toxic Egg 2","Mark of Pain","Art of War"],"potions_floor_usage":[50,50,50],"damage_taken":[{"damage":5.0,"enemies":"Small Slimes","floor":1.0,"turns":4.0},{"damage":0.0,"enemies":"2 Louse","floor":3.0,"turns":2.0},{"damage":6.0,"enemies":"Gremlin Nob","floor":6.0,"turns":3.0},{"damage":6.0,"enemies":"Cultist","floor":8.0,"turns":3.0},{"damage":10.0,"enemies":"Lots of Slimes","floor":10.0,"turns":3.0},{"damage":6.0,"enemies":"3 Sentries","floor":13.0,"turns":7.0},{"damage":22.0,"enemies":"Hexaghost","floor":16.0,"turns":4.0},{"damage":10.0,"enemies":"3 Byrds","floor":18.0,"turns":3.0},{"damage":3.0,"enemies":"Chosen","floor":24.0,"turns":2.0},{"damage":15.0,"enemies":"Book of Stabbing","floor":30.0,"turns":2.0},{"damage":3.0,"enemies":"Centurion and Healer","floor":31.0,"turns":3.0},{"damage":26.0,"enemies":"Automaton","floor":33.0,"turns":4.0},{"damage":2.0,"enemies":"Orb Walker","floor":35.0,"turns":2.0},{"damage":10.0,"enemies":"3 Darklings","floor":36.0,"turns":4.0},{"damage":32,"enemies":"Writhing Mass","floor":39,"turns":3},{"damage":21,"enemies":"Sphere and 2 Shapes","floor":41,"turns":1},{"damage":3,"enemies":"Spire Growth","floor":48,"turns":2},{"damage":34,"enemies":"Donu and Deca","floor":50,"turns":4}],"seed_played":"-3318951269096290075","potions_obtained":[{"floor":3.0,"key":"EntropicBrew"},{"floor":6.0,"key":"EssenceOfSteel"},{"floor":10.0,"key":"Weak Potion"},{"floor":16.0,"key":"Block Potion"},{"floor":18.0,"key":"Explosive Potion"},{"floor":30.0,"key":"Weak Potion"},{"floor":35.0,"key":"Energy Potion"},{"floor":36.0,"key":"EssenceOfSteel"},{"floor":41,"key":"Energy Potion"}],"is_trial":false,"path_per_floor":["M","?","M","?","$","E","R","M","T","M","?","R","E","?","R","B",null,"M","?","?","$","?","R","M","?","T","R","?","R","E","M","R","B",null,"M","M","?","$","M","R","M","R","T","?","R","$","?","M","R","B",null],"character_chosen":"IRONCLAD","items_purchased":["Battle Trance","Dropkick","Shrug It Off+1"],"campfire_rested":3,"item_purchase_floors":[5,21,38],"current_hp_per_floor":[80,80,80,73,73,73,73,73,73,69,53,53,53,53,53,37,80,76,76,76,76,76,76,79,71,81,81,81,81,72,75,75,55,90,90,86,86,86,60,60,45,72,72,61,88,88,88,90,90,62],"gold":106,"neow_bonus":"TRANSFORM_CARD","is_prod":false,"is_daily":false,"chose_seed":false,"campfire_upgraded":8,"win_rate":0,"timestamp":1543543751,"path_taken":["M","?","M","?","$","E","R","M","T","M","?","R","E","?","R","BOSS","M","?","?","$","?","R","M","?","T","R","?","R","E","M","R","BOSS","M","M","?","$","M","R","M","R","T","?","R","$","?","M","R","BOSS"],"build_version":"2018-11-15","purchased_purges":4,"victory":true,"max_hp_per_floor":[80,80,80,80,80,80,80,80,80,80,80,80,80,80,80,80,80,80,80,80,80,80,80,80,80,90,90,90,90,90,90,90,90,90,90,90,90,90,90,90,90,90,90,90,90,90,90,90,90,90],"card_choices":[{"not_picked":["Body Slam","Cleave"],"picked":"Headbutt","floor":1.0},{"not_picked":["Pommel Strike","Thunderclap","Havoc"],"picked":"SKIP","floor":3.0},{"not_picked":["Pommel Strike","Sword Boomerang","Perfected Strike"],"picked":"SKIP","floor":6.0},{"not_picked":["Impervious","Blood for Blood","Clash"],"picked":"SKIP","floor":8.0},{"not_picked":["Reckless Charge","Heavy Blade","Iron Wave"],"picked":"SKIP","floor":10.0},{"not_picked":["Sword Boomerang","Seeing Red","Thunderclap"],"picked":"SKIP","floor":13.0},{"not_picked":["Juggernaut","Reaper"],"picked":"Double Tap","floor":16.0},{"not_picked":["Clash","Thunderclap+1"],"picked":"Whirlwind","floor":18.0},{"not_picked":["Feel No Pain","Perfected Strike","Cleave"],"picked":"SKIP","floor":24.0},{"not_picked":["Dual Wield+1","Sword Boomerang+1","Clothesline+1"],"picked":"SKIP","floor":30.0},{"not_picked":["Wild Strike","Thunderclap"],"picked":"Warcry+1","floor":31.0},{"not_picked":["Dark Embrace","Fiend Fire"],"picked":"Limit Break+1","floor":33.0},{"not_picked":["Clash","Pommel Strike","Cleave+1"],"picked":"SKIP","floor":35.0},{"not_picked":["Iron Wave","Clothesline","Fire Breathing+1"],"picked":"SKIP","floor":36.0},{"not_picked":["Heavy Blade+1","Thunderclap+1","Anger"],"picked":"SKIP","floor":39},{"not_picked":["Clothesline","Twin Strike","Havoc+1"],"picked":"SKIP","floor":41},{"not_picked":["Havoc+1","Rampage+1","Sword Boomerang+1"],"picked":"SKIP","floor":48},{"not_picked":["Havoc+1","Rampage+1","Sword Boomerang+1"],"picked":"SKIP","floor":48}],"player_experience":576945,"relics_obtained":[{"floor":6.0,"key":"Red Skull"},{"floor":9.0,"key":"Juzu Bracelet"},{"floor":13.0,"key":"Happy Flower"},{"floor":26.0,"key":"Pear"},{"floor":30.0,"key":"Toxic Egg 2"},{"floor":43,"key":"Art of War"}],"event_choices":[{"cards_removed":["Strike_R"],"damage_healed":0.0,"max_hp_gain":0.0,"max_hp_loss":0.0,"gold_gain":0.0,"event_name":"Living Wall","player_choice":"Forget","floor":2.0,"gold_loss":0.0,"damage_taken":0.0},{"cards_removed":["Strike_R"],"damage_healed":0.0,"max_hp_gain":0.0,"max_hp_loss":0.0,"gold_gain":0.0,"event_name":"Golden Wing","player_choice":"Card Removal","floor":4.0,"gold_loss":0.0,"damage_taken":7.0},{"damage_healed":0.0,"max_hp_gain":0.0,"max_hp_loss":0.0,"gold_gain":0.0,"event_name":"Shining Light","player_choice":"Entered Light","floor":11.0,"gold_loss":0.0,"damage_taken":16.0,"cards_upgraded":["Defend_R","Defend_R"]},{"cards_removed":["Strike_R"],"damage_healed":0.0,"max_hp_gain":0.0,"max_hp_loss":0.0,"gold_gain":0.0,"event_name":"The Cleric","player_choice":"Card Removal","floor":14.0,"gold_loss":50.0,"damage_taken":0.0},{"damage_healed":0.0,"max_hp_gain":0.0,"max_hp_loss":0.0,"gold_gain":0.0,"event_name":"Drug Dealer","player_choice":"Obtain J.A.X.","floor":19.0,"gold_loss":0.0,"damage_taken":0.0,"cards_obtained":["J.A.X."]},{"damage_healed":0.0,"max_hp_gain":0.0,"max_hp_loss":0.0,"gold_gain":100.0,"event_name":"Golden Shrine","player_choice":"Pray","floor":20.0,"gold_loss":0.0,"damage_taken":0.0},{"cards_removed":["Defend_R"],"damage_healed":0.0,"max_hp_gain":0.0,"max_hp_loss":0.0,"gold_gain":0.0,"event_name":"Bonfire Elementals","player_choice":"Offered Basic","floor":22.0,"gold_loss":0.0,"damage_taken":0.0},{"damage_healed":0.0,"max_hp_gain":0.0,"max_hp_loss":0.0,"gold_gain":0.0,"event_name":"Knowing Skull","player_choice":"","floor":25.0,"potions_obtained":[],"gold_loss":0.0,"damage_taken":8.0,"cards_obtained":[]},{"damage_healed":0.0,"max_hp_gain":0.0,"max_hp_loss":0.0,"gold_gain":0.0,"event_name":"Ghosts","player_choice":"Ignored","floor":28.0,"gold_loss":0.0,"damage_taken":0.0},{"damage_healed":0.0,"max_hp_gain":0.0,"max_hp_loss":0.0,"gold_gain":0.0,"event_name":"Tomb of Lord Red Mask","player_choice":"Ignored","floor":37.0,"gold_loss":0.0,"damage_taken":0.0},{"damage_healed":0,"gold_gain":0,"player_choice":"Embrace Madness","damage_taken":11,"max_hp_gain":0,"max_hp_loss":0,"event_name":"Winding Halls","floor":44,"gold_loss":0,"cards_obtained":["Madness","Madness"]},{"damage_healed":0,"gold_gain":0,"player_choice":"Ignored","damage_taken":0,"max_hp_gain":0,"max_hp_loss":0,"event_name":"Mysterious Sphere","floor":47,"gold_loss":0}],"is_beta":false,"boss_relics":[{"not_picked":["Pandora\u0027s Box","Cursed Key"],"picked":"Runic Dome"},{"not_picked":["Astrolabe","Snecko Eye"],"picked":"Mark of Pain"}],"items_purged_floors":[5,21,38,46],"is_endless":false,"potions_floor_spawned":[3,6,10,16,18,30,35,36,41,48],"ascension_level":0}