{"gold_per_floor":[216,234,184,184,184,220,220,254,279,579,610,610,610,629,629,629],"floor_reached":16,"playtime":808,"items_purged":[],"score":186,"play_id":"afa53217-c9da-4b91-9d15-8eee21e00811","local_time":"20181022153858","is_ascension_mode":true,"campfire_choices":[{"data":"Cold Snap","floor":7,"key":"SMITH"},{"data":"1","floor":15,"key":"LIFT"}],"neow_cost":"NONE","seed_source_timestamp":794788077311925,"circlet_count":0,"master_deck":["Strike_B","Strike_B","Strike_B","Defend_B","Defend_B","Defend_B","Defend_B","Zap+1","Dualcast","AscendersBane","Cold Snap","Cold Snap+1","Melter","Blizzard"],"relics":["Cracked Core","Golden Idol","Art of War","Juzu Bracelet","Omamori","Old Coin","Mercury Hourglass","Girya"],"potions_floor_usage":[8,16],"damage_taken":[{"damage":4,"enemies":"Small Slimes","floor":1,"turns":3},{"damage":8,"enemies":"2 Louse","floor":2,"turns":3},{"damage":16,"enemies":"3 Sentries","floor":6,"turns":12},{"damage":7,"enemies":"Gremlin Nob","floor":8,"turns":4},{"damage":18,"enemies":"Lagavulin","floor":11,"turns":6},{"damage":5,"enemies":"Jaw Worm","floor":14,"turns":2},{"damage":17,"enemies":"Hexaghost","floor":16,"turns":9}],"seed_played":"-6116391476730065045","potions_obtained":[{"floor":2,"key":"SteroidPotion"},{"floor":6,"key":"Weak Potion"},{"floor":11,"key":"SpeedPotion"},{"floor":13,"key":"FairyPotion"}],"is_trial":false,"path_per_floor":["M","M","?","?","?","E","R","E","T","T","E","?","?","M","R"],"character_chosen":"DEFECT","items_purchased":[],"campfire_rested":0,"item_purchase_floors":[],"current_hp_per_floor":[64,56,56,56,56,40,40,33,33,33,15,15,15,10,10,0],"gold":629,"neow_bonus":"HUNDRED_GOLD","is_prod":false,"is_daily":false,"chose_seed":false,"campfire_upgraded":1,"win_rate":0,"timestamp":1540237138,"path_taken":["M","M","?","?","?","E","R","E","T","?","E","?","?","M","R","BOSS"],"build_version":"2018-10-18","purchased_purges":0,"victory":false,"max_hp_per_floor":[75,75,75,69,69,69,69,69,69,69,69,69,69,69,69,69],"card_choices":[{"not_picked":["Double Energy","Glacier"],"picked":"Cold Snap","floor":1},{"not_picked":["Skim","Go for the Eyes"],"picked":"Cold Snap","floor":2},{"not_picked":["Hologram","Rip and Tear","Streamline"],"picked":"SKIP","floor":6},{"not_picked":["Rebound","Ball Lightning"],"picked":"Melter","floor":8},{"not_picked":["Sunder","Steam Power"],"picked":"Blizzard","floor":11},{"not_picked":["Rebound","Turbo","Compile Driver"],"picked":"SKIP","floor":14}],"player_experience":541113,"relics_obtained":[{"floor":6,"key":"Art of War"},{"floor":8,"key":"Juzu Bracelet"},{"floor":9,"key":"Omamori"},{"floor":10,"key":"Old Coin"},{"floor":11,"key":"Mercury Hourglass"}],"event_choices":[{"cards_removed":["Strike_B"],"damage_healed":0,"gold_gain":0,"player_choice":"Card Removal","damage_taken":0,"max_hp_gain":0,"max_hp_loss":0,"event_name":"The Cleric","floor":3,"gold_loss":50},{"damage_healed":0,"gold_gain":0,"player_choice":"Lose Max HP","damage_taken":0,"relics_obtained":["Golden Idol"],"max_hp_gain":0,"max_hp_loss":6,"event_name":"Golden Idol","floor":4,"gold_loss":0},{"damage_healed":0,"gold_gain":0,"player_choice":"Forge","damage_taken":0,"max_hp_gain":0,"max_hp_loss":0,"event_name":"Accursed Blacksmith","floor":5,"gold_loss":0,"cards_upgraded":["Zap"]},{"damage_healed":0,"gold_gain":0,"player_choice":"Gave Potion","damage_taken":0,"relics_obtained":["Girya"],"max_hp_gain":0,"max_hp_loss":0,"event_name":"WeMeetAgain","floor":12,"gold_loss":0},{"damage_healed":0,"gold_gain":0,"player_choice":"Got Potions","damage_taken":0,"max_hp_gain":0,"max_hp_loss":0,"event_name":"The Lab","floor":13,"gold_loss":0}],"is_beta":false,"boss_relics":[],"items_purged_floors":[],"is_endless":false,"potions_floor_spawned":[2,6,11],"killed_by":"Hexaghost","ascension_level":12}