{"gold_per_floor":[116,2,2,2,21,49,49,24,72,72,72,103,122,142,142,219,219,238,238,41,53,71,71,71],"floor_reached":24,"playtime":1539,"items_purged":["Strike_G","Writhe"],"score":412,"play_id":"278e5da7-04a5-486b-a1ef-825c584d2118","local_time":"20190513082759","is_ascension_mode":true,"campfire_choices":[{"data":"Neutralize","floor":7.0,"key":"SMITH"},{"data":"Accuracy","floor":10.0,"key":"SMITH"},{"data":"Noxious Fumes","floor":15.0,"key":"SMITH"},{"floor":23,"key":"REST"}],"neow_cost":"NONE","seed_source_timestamp":0,"circlet_count":0,"master_deck":["AscendersBane","Defend_G","Defend_G","Defend_G","Defend_G","Defend_G","Strike_G","Strike_G","Strike_G","Survivor","Neutralize+1","Accuracy+1","Riddle With Holes","Dagger Spray","Cloak And Dagger","Blade Dance","Deadly Poison","Noxious Fumes+1","Blade Dance","Corpse Explosion","Dodge and Roll","Noxious Fumes","Infinite Blades","Bouncing Flask","Deflect"],"special_seed":0,"relics":["Ring of the Snake","NeowsBlessing","Centennial Puzzle","PreservedInsect","The Courier","Fusion Hammer","Omamori"],"potions_floor_usage":[22,24],"damage_taken":[{"damage":0.0,"enemies":"Small Slimes","floor":1.0,"turns":1.0},{"damage":0.0,"enemies":"Cultist","floor":5.0,"turns":1.0},{"damage":0.0,"enemies":"Lagavulin","floor":6.0,"turns":1.0},{"damage":15.0,"enemies":"3 Sentries","floor":12.0,"turns":6.0},{"damage":1.0,"enemies":"Jaw Worm","floor":13.0,"turns":3.0},{"damage":1.0,"enemies":"Red Slaver","floor":14.0,"turns":4.0},{"damage":31.0,"enemies":"Hexaghost","floor":16.0,"turns":10.0},{"damage":16.0,"enemies":"Spheric Guardian","floor":18.0,"turns":4.0},{"damage":18.0,"enemies":"Shell Parasite","floor":21.0,"turns":7.0},{"damage":12,"enemies":"Cultist and Chosen","floor":22,"turns":5},{"damage":27,"enemies":"Book of Stabbing","floor":24,"turns":4}],"seed_played":"3276678664353153751","potions_obtained":[{"floor":6.0,"key":"Weak Potion"},{"floor":16.0,"key":"AttackPotion"},{"floor":21.0,"key":"SneckoOil"},{"floor":22,"key":"LiquidBronze"}],"is_trial":false,"path_per_floor":["M","$","?","$","M","E","R","$","T","R","?","E","M","M","R","B",null,"M","?","$","M","M","R","E"],"character_chosen":"THE_SILENT","items_purchased":["Riddle With Holes","Blade Dance","Noxious Fumes","Infinite Blades"],"campfire_rested":1,"item_purchase_floors":[2,8,20,20],"current_hp_per_floor":[59,59,59,59,59,59,59,59,59,59,59,44,43,42,42,11,52,36,36,36,18,6,25,0],"gold":71,"neow_bonus":"THREE_ENEMY_KILL","is_prod":false,"is_daily":false,"chose_seed":false,"campfire_upgraded":3,"win_rate":0,"timestamp":1557750479,"path_taken":["M","$","?","?","?","E","R","?","T","R","?","E","M","M","R","BOSS","M","?","$","M","M","R","E"],"build_version":"2019-01-23","purchased_purges":2,"victory":false,"max_hp_per_floor":[66,66,66,66,66,66,66,66,66,66,66,66,66,66,66,66,66,66,66,66,66,66,66,66],"card_choices":[{"not_picked":["Backflip","Cloak And Dagger"],"picked":"Accuracy","floor":1.0},{"not_picked":["Slice","Poisoned Stab"],"picked":"Dagger Spray","floor":5.0},{"not_picked":["PiercingWail","Backflip"],"picked":"Cloak And Dagger","floor":6.0},{"not_picked":["Dagger Spray","Flying Knee"],"picked":"Deadly Poison","floor":12.0},{"not_picked":["PiercingWail","Bane"],"picked":"Noxious Fumes","floor":13.0},{"not_picked":["A Thousand Cuts","Deadly Poison"],"picked":"Blade Dance","floor":14.0},{"not_picked":["Storm of Steel","Venomology"],"picked":"Corpse Explosion","floor":16.0},{"not_picked":["Deflect","Terror"],"picked":"Dodge and Roll","floor":18.0},{"not_picked":["Reflex","Dodge and Roll"],"picked":"Bouncing Flask","floor":21.0},{"not_picked":["Eviscerate","Setup"],"picked":"Deflect","floor":22}],"player_experience":807360,"relics_obtained":[{"floor":6.0,"key":"Centennial Puzzle"},{"floor":9.0,"key":"PreservedInsect"},{"floor":12.0,"key":"The Courier"}],"event_choices":[{"cards_removed":["Strike_G"],"damage_healed":0.0,"max_hp_gain":0.0,"max_hp_loss":0.0,"gold_gain":0.0,"event_name":"Purifier","player_choice":"Purged","floor":3.0,"gold_loss":0.0,"damage_taken":0.0},{"damage_healed":0.0,"max_hp_gain":0.0,"max_hp_loss":0.0,"gold_gain":0.0,"event_name":"Liars Game","player_choice":"Ignored","floor":11.0,"gold_loss":0.0,"damage_taken":0.0},{"damage_healed":0.0,"max_hp_gain":0.0,"max_hp_loss":0.0,"gold_gain":0.0,"event_name":"The Mausoleum","player_choice":"Opened","floor":19.0,"gold_loss":0.0,"damage_taken":0.0,"relics_obtained":["Omamori"],"cards_obtained":["Writhe"]}],"is_beta":false,"boss_relics":[{"not_picked":["Coffee Dripper","Pandora\u0027s Box"],"picked":"Fusion Hammer"}],"items_purged_floors":[2,20],"is_endless":false,"potions_floor_spawned":[6,16,21,22],"killed_by":"Book of Stabbing","ascension_level":16}