{"gold_per_floor":[111,36,36,46,46,46,90,90,90,125,137,183,195,228,240,347,359,385,397,445,473,160,160,160],"floor_reached":24,"playtime":1189,"items_purged":[],"score":468,"play_id":"22a29bca-9c3e-4430-a588-ecf9f8e0cda7","local_time":"20190723104039","is_ascension_mode":true,"campfire_choices":[{"floor":6.0,"key":"REST"},{"data":"Zap","floor":8.0,"key":"SMITH"},{"data":"Biased Cognition","floor":13.0,"key":"SMITH"},{"data":"Biased Cognition","floor":15.0,"key":"SMITH"},{"data":"Fission","floor":23,"key":"SMITH"}],"neow_cost":"NONE","seed_source_timestamp":81446281907532,"circlet_count":0,"master_deck":["AscendersBane","Strike_B","Strike_B","Strike_B","Defend_B","Defend_B","Defend_B","Defend_B","Zap+1","Dualcast","Rip and Tear","Rip and Tear","Biased Cognition+1","Reprogram","Biased Cognition+1","BootSequence","Fission+1","Reinforced Body","Recycle+1","Coolheaded","Capacitor","Conserve Battery"],"special_seed":0,"relics":["FrozenCore","NeowsBlessing","Happy Flower","Golden Idol","Matryoshka","MawBank","Pear","Strawberry","Red Mask","Lee\u0027s Waffle"],"potions_floor_usage":[16,16,20],"damage_taken":[{"damage":0.0,"enemies":"2 Louse","floor":1.0,"turns":1.0},{"damage":0.0,"enemies":"Jaw Worm","floor":4.0,"turns":1.0},{"damage":0.0,"enemies":"Lagavulin","floor":7.0,"turns":1.0},{"damage":1.0,"enemies":"Cultist","floor":10.0,"turns":3.0},{"damage":20.0,"enemies":"3 Sentries","floor":12.0,"turns":4.0},{"damage":0.0,"enemies":"3 Louse","floor":14.0,"turns":2.0},{"damage":30,"enemies":"Hexaghost","floor":16,"turns":6},{"damage":10,"enemies":"Shell Parasite","floor":18,"turns":7},{"damage":44,"enemies":"Masked Bandits","floor":20,"turns":7},{"damage":0,"enemies":"Spheric Guardian","floor":21,"turns":7},{"damage":106,"enemies":"Gremlin Leader","floor":24,"turns":6}],"seed_played":"5491858181252276395","potions_obtained":[{"floor":1.0,"key":"LiquidBronze"},{"floor":7.0,"key":"FocusPotion"},{"floor":10.0,"key":"Ancient Potion"},{"floor":18,"key":"Ancient Potion"}],"is_trial":false,"path_per_floor":["M","?","?","M","?","R","E","R","T","M","$","E","R","M","R","B",null,"M","?","?","M","$","R","E"],"character_chosen":"DEFECT","items_purchased":["Lee\u0027s Waffle","Capacitor","Conserve Battery"],"campfire_rested":1,"item_purchase_floors":[22,22,22],"current_hp_per_floor":[64,64,53,53,29,50,50,50,60,59,59,46,46,46,46,16,70,60,60,16,16,95,95,0],"gold":160,"neow_bonus":"THREE_ENEMY_KILL","is_prod":false,"is_daily":false,"chose_seed":false,"campfire_upgraded":4,"win_rate":0,"timestamp":1563892839,"path_taken":["M","?","?","M","?","R","E","R","T","M","$","E","R","?","R","BOSS","M","?","?","M","$","R","E"],"build_version":"2019-07-17","purchased_purges":0,"victory":false,"max_hp_per_floor":[71,71,71,71,71,71,71,71,81,81,81,88,88,88,88,88,88,88,88,88,88,95,95,95],"card_choices":[{"not_picked":["Steam Power","Coolheaded"],"picked":"Rip and Tear","floor":1.0},{"not_picked":["Steam","Rebound"],"picked":"Rip and Tear","floor":4.0},{"not_picked":["Loop","Doom and Gloom"],"picked":"Biased Cognition","floor":7.0},{"not_picked":["Turbo","Gash"],"picked":"Reprogram","floor":10.0},{"not_picked":["Rebound","Streamline"],"picked":"Biased Cognition","floor":12.0},{"not_picked":["Beam Cell","Defragment"],"picked":"BootSequence","floor":14.0},{"not_picked":["Hyperbeam","Reboot"],"picked":"Fission","floor":16},{"not_picked":["Force Field","Genetic Algorithm"],"picked":"Reinforced Body","floor":18},{"not_picked":["Go for the Eyes","Tempest"],"picked":"Recycle+1","floor":20},{"not_picked":["Storm","Cold Snap"],"picked":"Coolheaded","floor":21}],"player_experience":911192,"relics_obtained":[{"floor":7.0,"key":"Matryoshka"},{"floor":9.0,"key":"MawBank"},{"floor":9.0,"key":"Pear"},{"floor":12.0,"key":"Strawberry"},{"floor":20,"key":"Red Mask"}],"event_choices":[{"cards_removed":["Strike_B"],"damage_healed":0.0,"max_hp_gain":0.0,"max_hp_loss":0.0,"gold_gain":0.0,"event_name":"The Cleric","player_choice":"Card Removal","floor":2.0,"gold_loss":75.0,"damage_taken":0.0},{"damage_healed":0.0,"max_hp_gain":0.0,"max_hp_loss":0.0,"gold_gain":0.0,"event_name":"Scrap Ooze","player_choice":"Success","floor":3.0,"gold_loss":0.0,"damage_taken":11.0,"relics_obtained":["Happy Flower"]},{"damage_healed":0.0,"max_hp_gain":0.0,"max_hp_loss":0.0,"gold_gain":0.0,"event_name":"Golden Idol","player_choice":"Take Damage","floor":5.0,"gold_loss":0.0,"damage_taken":24.0,"relics_obtained":["Golden Idol"]},{"damage_healed":0,"gold_gain":0,"player_choice":"Ignored","damage_taken":0,"max_hp_gain":0,"max_hp_loss":0,"event_name":"The Mausoleum","floor":19,"gold_loss":0},{"damage_healed":0,"gold_gain":0,"player_choice":"Fought Bandits","damage_taken":0,"max_hp_gain":0,"max_hp_loss":0,"event_name":"Masked Bandits","floor":20,"gold_loss":0}],"is_beta":false,"boss_relics":[{"not_picked":["Velvet Choker","White Beast Statue"],"picked":"FrozenCore"}],"items_purged_floors":[],"is_endless":false,"potions_floor_spawned":[1,7,10,12,18],"killed_by":"Gremlin Leader","ascension_level":19}