{"gold_per_floor":[112,130,130,145,164,164,199,199,199,209,209,219,244,48,48,149,149,164,164],"floor_reached":19,"playtime":1539,"items_purged":["Strike_B"],"score":224,"play_id":"1ee1a0c8-7846-4c19-9031-4461a1505d77","local_time":"20190813221227","is_ascension_mode":true,"campfire_choices":[{"data":"Fusion","floor":6,"key":"SMITH"},{"floor":8,"key":"REST"},{"floor":15,"key":"REST"}],"neow_cost":"NONE","seed_source_timestamp":165450493427100,"circlet_count":0,"master_deck":["Strike_B","Strike_B","Defend_B","Defend_B","Defend_B","Defend_B","Zap","Dualcast","Impatience","Redo","Beam Cell","Steam","Fusion+1","Streamline+1","Doom and Gloom+1","Leap","Capacitor","Ball Lightning+1","Creative AI","Self Repair+1"],"special_seed":0,"relics":["FrozenCore","Molten Egg 2","Blue Candle","Potion Belt"],"potions_floor_usage":[12,13,16,19],"damage_taken":[{"damage":8.0,"enemies":"2 Louse","floor":1.0,"turns":2.0},{"damage":4,"enemies":"Jaw Worm","floor":2,"turns":3},{"damage":6,"enemies":"Cultist","floor":4,"turns":3},{"damage":8,"enemies":"Blue Slaver","floor":5,"turns":3},{"damage":24,"enemies":"Lagavulin","floor":7,"turns":7},{"damage":12,"enemies":"3 Louse","floor":10,"turns":3},{"damage":6,"enemies":"Gremlin Gang","floor":12,"turns":3},{"damage":15,"enemies":"Gremlin Nob","floor":13,"turns":5},{"damage":20,"enemies":"The Guardian","floor":16,"turns":9},{"damage":20,"enemies":"Chosen","floor":18,"turns":5},{"damage":42,"enemies":"Masked Bandits","floor":19,"turns":5}],"seed_played":"4880648550761179985","potions_obtained":[{"floor":7,"key":"EssenceOfSteel"},{"floor":10,"key":"Weak Potion"},{"floor":13,"key":"Dexterity Potion"},{"floor":18,"key":"EssenceOfSteel"}],"is_trial":false,"path_per_floor":["M","M","?","M","M","R","E","R","T","M","?","M","E","$","R","B",null,"M","?"],"character_chosen":"DEFECT","items_purchased":["Capacitor","Ball Lightning+1"],"campfire_rested":2,"item_purchase_floors":[14,14],"current_hp_per_floor":[67,63,56,50,42,42,18,40,40,28,28,22,7,7,29,9,59,39,0],"gold":164,"neow_bonus":"RANDOM_COLORLESS","is_prod":false,"is_daily":false,"chose_seed":false,"campfire_upgraded":1,"win_rate":0,"timestamp":1565723547,"path_taken":["M","M","?","M","M","R","E","R","T","M","?","M","E","$","R","BOSS","M","?"],"build_version":"2019-07-17","purchased_purges":1,"victory":false,"max_hp_per_floor":[75,75,75,75,75,75,75,75,75,75,75,75,75,75,75,75,75,75,75],"card_choices":[{"not_picked":["Hologram","Turbo"],"picked":"Redo","floor":1},{"not_picked":["Force Field","Leap"],"picked":"Beam Cell","floor":2},{"not_picked":["Rebound","Cold Snap"],"picked":"Steam","floor":4},{"not_picked":["Darkness","Redo"],"picked":"Fusion","floor":5},{"not_picked":["Leap","Turbo"],"picked":"Streamline","floor":7},{"not_picked":["Stack","Skim"],"picked":"Doom and Gloom+1","floor":10},{"not_picked":["Rebound+1","Barrage+1"],"picked":"Leap","floor":12},{"not_picked":["Beam Cell+1","Heatsinks","Reprogram"],"picked":"SKIP","floor":13},{"not_picked":["Reboot","Multi-Cast"],"picked":"Creative AI","floor":16},{"not_picked":["Recycle","Hologram"],"picked":"Self Repair+1","floor":18}],"player_experience":197600,"relics_obtained":[{"floor":7,"key":"Molten Egg 2"},{"floor":9,"key":"Blue Candle"},{"floor":13,"key":"Potion Belt"}],"event_choices":[{"cards_removed":["Strike_B"],"damage_healed":0,"gold_gain":0,"player_choice":"Card Removal","damage_taken":7,"max_hp_gain":0,"max_hp_loss":0,"event_name":"Golden Wing","floor":3,"gold_loss":0},{"damage_healed":0,"gold_gain":0,"player_choice":"Fled","damage_taken":0,"max_hp_gain":0,"max_hp_loss":0,"event_name":"Scrap Ooze","floor":11,"gold_loss":0},{"damage_healed":0,"gold_gain":0,"player_choice":"Fought Bandits","damage_taken":0,"max_hp_gain":0,"max_hp_loss":0,"event_name":"Masked Bandits","floor":19,"gold_loss":0}],"is_beta":false,"boss_relics":[{"not_picked":["Philosopher\u0027s Stone","Orrery"],"picked":"FrozenCore"}],"items_purged_floors":[14],"is_endless":false,"potions_floor_spawned":[7,10,13,18],"killed_by":"Masked Bandits","ascension_level":5}