{"gold_per_floor":[113,113,38,48,66,99,99,28,101,131,131,142,42,42,42,144,144,156,175,50,50,63,63],"floor_reached":23,"playtime":1225,"items_purged":["Strike_R","Strike_R","Strike_R"],"score":259,"play_id":"3d26a910-ba9a-42ce-8e24-8e18ce79de9e","local_time":"20190717230644","is_ascension_mode":true,"campfire_choices":[{"data":"Dark Embrace","floor":11,"key":"SMITH"},{"data":"Fiend Fire","floor":15,"key":"SMITH"}],"neow_cost":"NONE","seed_source_timestamp":799808753907227,"circlet_count":0,"master_deck":["Strike_R","Strike_R","Defend_R","Defend_R","Defend_R","Defend_R","Bash","Fiend Fire+1","Armaments+1","Heavy Blade","Feel No Pain","Wild Strike","Inflame","Dark Embrace+1","Infernal Blade+1","Demon Form","Inflame+1","Writhe","True Grit+1"],"relics":["Black Blood","Blood Vial","Magic Flower","Toxic Egg 2","Champion Belt","Shuriken"],"potions_floor_usage":[12,16,16,22],"damage_taken":[{"damage":0,"enemies":"2 Louse","floor":1,"turns":3},{"damage":2,"enemies":"Jaw Worm","floor":4,"turns":4},{"damage":0,"enemies":"Small Slimes","floor":5,"turns":2},{"damage":26,"enemies":"3 Sentries","floor":6,"turns":10},{"damage":32,"enemies":"Gremlin Nob","floor":10,"turns":4},{"damage":0,"enemies":"Blue Slaver","floor":12,"turns":3},{"damage":50,"enemies":"Hexaghost","floor":16,"turns":10},{"damage":8,"enemies":"Chosen","floor":18,"turns":5},{"damage":34,"enemies":"Shell Parasite","floor":19,"turns":6},{"damage":43,"enemies":"Snake Plant","floor":22,"turns":3},{"damage":38,"enemies":"Slavers","floor":23,"turns":2}],"seed_played":"-2019243880072897946","potions_obtained":[{"floor":6,"key":"Ancient Potion"},{"floor":10,"key":"Fire Potion"},{"floor":12,"key":"EssenceOfSteel"},{"floor":19,"key":"Energy Potion"}],"is_trial":false,"path_per_floor":["M","?","$","M","M","E","?","$","T","E","R","M","$","?","R","B",null,"M","M","$","?","M","E"],"character_chosen":"IRONCLAD","items_purchased":["Inflame"],"campfire_rested":0,"item_purchase_floors":[8],"current_hp_per_floor":[78,75,75,80,80,60,60,60,60,40,40,52,52,52,52,14,64,74,58,58,58,33,0],"gold":63,"neow_bonus":"ONE_RANDOM_RARE_CARD","is_prod":false,"is_daily":false,"chose_seed":false,"campfire_upgraded":2,"win_rate":0,"timestamp":1563430004,"path_taken":["M","?","$","M","M","E","?","$","T","E","R","M","$","?","R","BOSS","M","M","$","?","M","E"],"build_version":"2019-07-17","purchased_purges":3,"victory":false,"max_hp_per_floor":[80,80,80,80,80,80,80,80,80,80,80,80,80,80,80,80,80,80,80,80,80,80,80],"card_choices":[{"not_picked":["Shrug It Off","Body Slam"],"picked":"Armaments","floor":1},{"not_picked":["Cleave","Body Slam"],"picked":"Heavy Blade","floor":4},{"not_picked":["Anger","Dropkick"],"picked":"Feel No Pain","floor":5},{"not_picked":["Armaments","Dropkick"],"picked":"Wild Strike","floor":6},{"not_picked":["Second Wind+1","Wild Strike"],"picked":"Dark Embrace","floor":10},{"not_picked":["Sentinel+1","Iron Wave"],"picked":"Infernal Blade+1","floor":12},{"not_picked":["Berserk","Offering+1"],"picked":"Demon Form","floor":16},{"not_picked":["Armaments+1","Wild Strike","Twin Strike"],"picked":"SKIP","floor":18},{"not_picked":["Combust+1","Twin Strike"],"picked":"Inflame+1","floor":19},{"not_picked":["Clash","Body Slam"],"picked":"True Grit+1","floor":22}],"player_experience":339821,"relics_obtained":[{"floor":6,"key":"Magic Flower"},{"floor":9,"key":"Toxic Egg 2"},{"floor":10,"key":"Champion Belt"}],"event_choices":[{"damage_healed":0,"gold_gain":0,"player_choice":"Success","damage_taken":3,"relics_obtained":["Blood Vial"],"max_hp_gain":0,"max_hp_loss":0,"event_name":"Scrap Ooze","floor":2,"gold_loss":0},{"damage_healed":0,"gold_gain":0,"player_choice":"Grow","damage_taken":0,"max_hp_gain":0,"max_hp_loss":0,"event_name":"Living Wall","floor":7,"gold_loss":0,"cards_upgraded":["Armaments"]},{"damage_healed":0,"gold_gain":0,"player_choice":"Leave","damage_taken":0,"max_hp_gain":0,"max_hp_loss":0,"event_name":"The Cleric","floor":14,"gold_loss":0},{"damage_healed":0,"gold_gain":0,"player_choice":"Opened","damage_taken":0,"relics_obtained":["Shuriken"],"max_hp_gain":0,"max_hp_loss":0,"event_name":"The Mausoleum","floor":21,"gold_loss":0,"cards_obtained":["Writhe"]}],"is_beta":false,"boss_relics":[{"not_picked":["Tiny House","Calling Bell"],"picked":"Black Blood"}],"items_purged_floors":[3,13,20],"is_endless":false,"potions_floor_spawned":[6,10,12,19],"killed_by":"Slavers","ascension_level":6}