{"gold_per_floor":[109,126,126,144,69,95,95,95,95,130,130,100,100,139,139,139],"floor_reached":16,"playtime":924,"items_purged":["Strike_R"],"score":174,"play_id":"c4966e87-136b-41b1-8efc-5c2ecf197857","local_time":"20190721194607","is_ascension_mode":true,"campfire_choices":[{"floor":13,"key":"REST"},{"data":"Dark Embrace","floor":15,"key":"SMITH"}],"neow_cost":"TEN_PERCENT_HP_LOSS","seed_source_timestamp":1133673949205925,"circlet_count":0,"master_deck":["AscendersBane","Strike_R","Strike_R","Strike_R","Defend_R","Defend_R","Defend_R","Defend_R","Bash","Shockwave","Armaments+1","Inflame","Iron Wave","True Grit","Wild Strike","Reaper","Metallicize","Ghostly Armor","Evolve","Dark Embrace+1"],"relics":["Burning Blood","Prayer Wheel","Gremlin Horn","Golden Idol","Darkstone Periapt","Bag of Preparation","Incense Burner","Ginger"],"potions_floor_usage":[4,6,16],"damage_taken":[{"damage":6,"enemies":"Cultist","floor":1,"turns":3},{"damage":3,"enemies":"2 Louse","floor":2,"turns":3},{"damage":0,"enemies":"Small Slimes","floor":4,"turns":3},{"damage":31,"enemies":"3 Sentries","floor":6,"turns":10},{"damage":50,"enemies":"Gremlin Nob","floor":10,"turns":6},{"damage":1,"enemies":"Looter","floor":12,"turns":4},{"damage":22,"enemies":"Lagavulin","floor":14,"turns":9},{"damage":34,"enemies":"Slime Boss","floor":16,"turns":9}],"seed_played":"-2085267719502431791","potions_obtained":[{"floor":1,"key":"Poison Potion"},{"floor":4,"key":"EssenceOfSteel"},{"floor":14,"key":"Fire Potion"}],"is_trial":false,"path_per_floor":["M","M","?","M","$","E","?","?","T","E","T","M","R","E","R","B"],"character_chosen":"IRONCLAD","items_purchased":[],"campfire_rested":1,"item_purchase_floors":[],"current_hp_per_floor":[72,72,65,71,71,46,46,46,46,9,9,19,39,33,33,0],"gold":139,"neow_bonus":"ONE_RARE_RELIC","is_prod":false,"is_daily":false,"chose_seed":false,"campfire_upgraded":1,"win_rate":0,"timestamp":1563763567,"path_taken":["M","M","?","M","$","E","?","?","T","E","?","?","R","E","R","BOSS"],"build_version":"2019-07-17","purchased_purges":1,"victory":false,"max_hp_per_floor":[72,72,72,72,72,72,67,67,67,67,67,67,67,67,67,67],"card_choices":[{"not_picked":["Rampage","Perfected Strike"],"picked":"Shockwave","floor":1},{"not_picked":["Clash","Sword Boomerang"],"picked":"Armaments","floor":1},{"not_picked":["Warcry","Dual Wield"],"picked":"Inflame","floor":2},{"not_picked":["Anger","Searing Blow"],"picked":"Iron Wave","floor":2},{"not_picked":["Feed","Dual Wield"],"picked":"True Grit","floor":4},{"not_picked":["Havoc","Sword Boomerang"],"picked":"Wild Strike","floor":4},{"not_picked":["Evolve","Sever Soul"],"picked":"Reaper","floor":6},{"not_picked":["Cleave","Rupture"],"picked":"Metallicize","floor":10},{"not_picked":["Pommel Strike","Sentinel"],"picked":"Ghostly Armor","floor":12},{"not_picked":["Clothesline","Warcry"],"picked":"Evolve","floor":12},{"not_picked":["Entrench","Pummel"],"picked":"Dark Embrace","floor":14}],"player_experience":372005,"relics_obtained":[{"floor":6,"key":"Gremlin Horn"},{"floor":9,"key":"Darkstone Periapt"},{"floor":10,"key":"Bag of Preparation"},{"floor":11,"key":"Incense Burner"},{"floor":14,"key":"Ginger"}],"event_choices":[{"cards_removed":["Strike_R"],"damage_healed":0,"gold_gain":0,"player_choice":"Card Removal","damage_taken":7,"max_hp_gain":0,"max_hp_loss":0,"event_name":"Golden Wing","floor":3,"gold_loss":0},{"damage_healed":0,"gold_gain":0,"player_choice":"Lose Max HP","damage_taken":0,"relics_obtained":["Golden Idol"],"max_hp_gain":0,"max_hp_loss":5,"event_name":"Golden Idol","floor":7,"gold_loss":0},{"damage_healed":0,"gold_gain":0,"player_choice":"Grow","damage_taken":0,"max_hp_gain":0,"max_hp_loss":0,"event_name":"Living Wall","floor":8,"gold_loss":0,"cards_upgraded":["Armaments"]}],"is_beta":false,"boss_relics":[],"items_purged_floors":[5],"is_endless":false,"potions_floor_spawned":[1,4,14],"killed_by":"Slime Boss","ascension_level":10}