{"gold_per_floor":[116,191,210,210,292,324,324,357,357,357],"floor_reached":10,"playtime":295,"items_purged":[],"score":134,"play_id":"b9717b48-8a70-4856-b7b9-61eab890c367","local_time":"20190723213114","is_ascension_mode":true,"campfire_choices":[{"data":"Zap","floor":7,"key":"SMITH"}],"neow_cost":"NONE","seed_source_timestamp":1313407987905811,"circlet_count":0,"master_deck":["Strike_B","Strike_B","Strike_B","Defend_B","Defend_B","Defend_B","Defend_B","Zap+1","Dualcast","Sweeping Beam","Gash","Tempest","Self Repair"],"relics":["Cracked Core","NeowsBlessing","Blue Candle","Bag of Marbles","Darkstone Periapt","Bottled Lightning"],"potions_floor_usage":[8,10],"damage_taken":[{"damage":0,"enemies":"2 Louse","floor":1,"turns":1},{"damage":0,"enemies":"Small Slimes","floor":3,"turns":1},{"damage":0,"enemies":"Lagavulin","floor":6,"turns":1},{"damage":25,"enemies":"3 Sentries","floor":8,"turns":4},{"damage":30,"enemies":"Lagavulin","floor":10,"turns":3}],"seed_played":"-3848753386255345591","potions_obtained":[{"floor":1,"key":"FocusPotion"},{"floor":8,"key":"FocusPotion"}],"is_trial":false,"path_per_floor":["M","?","M","?","T","E","R","E","T","E"],"character_chosen":"DEFECT","items_purchased":[],"campfire_rested":0,"item_purchase_floors":[],"current_hp_per_floor":[68,57,57,50,50,50,50,25,25,0],"gold":357,"neow_bonus":"THREE_ENEMY_KILL","is_prod":false,"is_daily":false,"chose_seed":false,"campfire_upgraded":1,"win_rate":0,"timestamp":1563942674,"path_taken":["M","?","M","?","?","E","R","E","T","E"],"build_version":"2019-07-17","purchased_purges":0,"victory":false,"max_hp_per_floor":[75,75,75,75,75,75,75,75,75,75],"card_choices":[{"not_picked":["Reprogram","Skim"],"picked":"Sweeping Beam","floor":1},{"not_picked":["Ball Lightning","Stack"],"picked":"Gash","floor":3},{"not_picked":["Sweeping Beam","Hologram"],"picked":"Tempest","floor":6},{"not_picked":["Fusion","White Noise"],"picked":"Self Repair","floor":8}],"player_experience":383963,"relics_obtained":[{"floor":5,"key":"Blue Candle"},{"floor":6,"key":"Bag of Marbles"},{"floor":8,"key":"Darkstone Periapt"},{"floor":9,"key":"Bottled Lightning"}],"event_choices":[{"damage_healed":0,"gold_gain":75,"player_choice":"Gather Gold","damage_taken":11,"max_hp_gain":0,"max_hp_loss":0,"event_name":"World of Goop","floor":2,"gold_loss":0},{"cards_removed":["Strike_B"],"damage_healed":0,"gold_gain":0,"player_choice":"Card Removal","damage_taken":7,"max_hp_gain":0,"max_hp_loss":0,"event_name":"Golden Wing","floor":4,"gold_loss":0}],"is_beta":false,"boss_relics":[],"items_purged_floors":[],"is_endless":false,"potions_floor_spawned":[1,8],"killed_by":"Lagavulin","ascension_level":7}