{"gold_per_floor":[117,133,133,150,161,181,196,196,223,223,50,50,50,66,66,168,168,187,187,202,221,234,234,269,37,91,107,107,117,152,171,171,275,325,339,139,0,0,53,80,80,80,105,125,150,150,170,19,19,19],"floor_reached":50,"playtime":8076,"items_purged":["Strike_R","Decay","Defend_R"],"score":584,"play_id":"2519d60f-8af2-4ab8-b2f4-1cc7021dc66a","local_time":"20190625213849","is_ascension_mode":false,"campfire_choices":[{"data":"Intimidate","floor":8,"key":"SMITH"},{"data":"Uppercut","floor":12,"key":"SMITH"},{"floor":15,"key":"REST"},{"data":"Warcry","floor":23,"key":"SMITH"},{"floor":28,"key":"REST"},{"data":"Armaments","floor":32,"key":"SMITH"},{"floor":41,"key":"REST"},{"data":"Juggernaut","floor":46,"key":"SMITH"},{"floor":49,"key":"REST"}],"neow_cost":"","seed_source_timestamp":563414912682018,"circlet_count":0,"master_deck":["Strike_R+1","Strike_R","Strike_R","Strike_R","Defend_R","Defend_R","Bash+1","Intimidate+1","Thunderclap","Shrug It Off","Cleave","Cleave","Uppercut+1","Sword Boomerang","Metallicize","Combust","Reaper+1","Warcry+1","Sword Boomerang","Rampage","Pommel Strike+1","Power Through","Inflame","Armaments+1","Clothesline","Flame Barrier+1","Cleave+1","Dropkick","Headbutt+1","Juggernaut+1","Warcry+1","Second Wind+1","Metallicize+1","Headbutt+1","Iron Wave","Flame Barrier+1","Dropkick","Cleave+1"],"relics":["Burning Blood","Boot","Velvet Choker","Orichalcum","Regal Pillow","Strawberry","Tiny House","Red Mask","FossilizedHelix","Anchor","Centennial Puzzle","Lantern","PreservedInsect"],"potions_floor_usage":[6,16,33,33,40,45,50],"damage_taken":[{"damage":1,"enemies":"Jaw Worm","floor":1,"turns":3},{"damage":2,"enemies":"Cultist","floor":2,"turns":4},{"damage":2,"enemies":"2 Louse","floor":4,"turns":3},{"damage":20,"enemies":"Exordium Wildlife","floor":5,"turns":8},{"damage":7,"enemies":"Looter","floor":6,"turns":3},{"damage":6,"enemies":"3 Louse","floor":7,"turns":3},{"damage":8,"enemies":"Lots of Slimes","floor":14,"turns":2},{"damage":61,"enemies":"The Guardian","floor":16,"turns":10},{"damage":10,"enemies":"Shell Parasite","floor":18,"turns":5},{"damage":10,"enemies":"Chosen","floor":20,"turns":5},{"damage":22,"enemies":"3 Cultists","floor":21,"turns":5},{"damage":34,"enemies":"Cultist and Chosen","floor":22,"turns":5},{"damage":49,"enemies":"Slavers","floor":24,"turns":5},{"damage":10,"enemies":"Snecko","floor":27,"turns":5},{"damage":1,"enemies":"Centurion and Healer","floor":29,"turns":7},{"damage":29,"enemies":"Gremlin Leader","floor":30,"turns":5},{"damage":23,"enemies":"Shelled Parasite and Fungi","floor":31,"turns":5},{"damage":74,"enemies":"Champ","floor":33,"turns":11},{"damage":9,"enemies":"3 Darklings","floor":35,"turns":5},{"damage":36,"enemies":"2 Orb Walkers","floor":39,"turns":5},{"damage":75,"enemies":"Giant Head","floor":40,"turns":11},{"damage":0,"enemies":"Orb Walker","floor":44,"turns":4},{"damage":20,"enemies":"Reptomancer","floor":45,"turns":5},{"damage":6,"enemies":"4 Shapes","floor":47,"turns":4},{"damage":102,"enemies":"Awakened One","floor":50,"turns":11}],"seed_played":"-3355320007934400228","potions_obtained":[{"floor":1,"key":"FearPotion"},{"floor":2,"key":"Strength Potion"},{"floor":16,"key":"Fire Potion"},{"floor":18,"key":"FairyPotion"},{"floor":24,"key":"PowerPotion"},{"floor":29,"key":"Regen Potion"},{"floor":34,"key":"LiquidBronze"},{"floor":39,"key":"Dexterity Potion"},{"floor":40,"key":"Explosive Potion"}],"is_trial":false,"path_per_floor":["M","M","?","M","M","M","M","R","T","?","$","R","?","M","R","B",null,"M","?","M","M","M","R","E","$","T","M","R","M","E","M","R","B",null,"M","$","?","?","?","E","R","?","T","M","E","R","M","$","R","B"],"character_chosen":"IRONCLAD","items_purchased":["Sword Boomerang","Metallicize","Inflame","Armaments","Clothesline","Blood for Blood","PreservedInsect"],"campfire_rested":4,"item_purchase_floors":[11,11,25,25,25,36,48],"current_hp_per_floor":[80,80,80,80,66,65,65,65,65,49,49,49,49,47,71,16,80,76,76,79,63,45,45,23,23,23,26,65,70,54,48,48,9,92,89,89,89,89,71,11,53,53,53,59,60,60,65,65,92,0],"gold":19,"neow_bonus":"","is_prod":false,"is_daily":false,"chose_seed":false,"campfire_upgraded":5,"win_rate":0.0,"timestamp":1561523929,"path_taken":["M","M","?","?","M","M","M","R","T","?","?","R","?","M","R","BOSS","M","?","M","M","?","R","E","$","T","M","R","M","E","M","R","BOSS","M","?","?","?","?","E","R","?","T","M","E","R","?","$","R","BOSS"],"build_version":"2019-01-23","purchased_purges":3,"victory":false,"max_hp_per_floor":[80,80,80,80,80,80,80,80,80,80,80,80,80,80,80,80,80,80,80,80,80,80,80,80,80,80,80,80,80,87,87,87,87,92,92,92,92,92,92,92,92,92,92,92,92,92,92,92,92,92],"card_choices":[{"not_picked":["Battle Trance","Body Slam"],"picked":"Intimidate","floor":1},{"not_picked":["Perfected Strike","Ghostly Armor"],"picked":"Thunderclap","floor":2},{"not_picked":["Pummel","Pommel Strike"],"picked":"Shrug It Off","floor":4},{"not_picked":["Shrug It Off","Headbutt"],"picked":"Cleave","floor":5},{"not_picked":["Warcry","Flex"],"picked":"Cleave","floor":6},{"not_picked":["Anger","Thunderclap"],"picked":"Uppercut","floor":7},{"not_picked":["Anger","Burning Pact"],"picked":"Combust","floor":14},{"not_picked":["Demon Form","Brutality"],"picked":"Reaper","floor":16},{"not_picked":["Perfected Strike","Rage"],"picked":"Warcry","floor":18},{"not_picked":["Power Through+1","True Grit"],"picked":"Sword Boomerang","floor":20},{"not_picked":["Clothesline","Twin Strike"],"picked":"Rampage","floor":21},{"not_picked":["Combust","Sword Boomerang"],"picked":"Pommel Strike","floor":22},{"not_picked":["Offering","Thunderclap"],"picked":"Power Through","floor":24},{"not_picked":["Intimidate","Thunderclap"],"picked":"Flame Barrier+1","floor":27},{"not_picked":["Clothesline","Battle Trance"],"picked":"Cleave+1","floor":29},{"not_picked":["Combust","Sever Soul"],"picked":"Dropkick","floor":30},{"not_picked":["Combust","Carnage+1"],"picked":"Headbutt+1","floor":31},{"not_picked":["Berserk","Barricade"],"picked":"Juggernaut","floor":33},{"not_picked":["Clash","Clothesline+1"],"picked":"Warcry+1","floor":34},{"not_picked":["Warcry","Shrug It Off"],"picked":"Second Wind+1","floor":35},{"not_picked":["Iron Wave","True Grit"],"picked":"Metallicize+1","floor":39},{"not_picked":["Anger","Berserk"],"picked":"Headbutt+1","floor":40},{"not_picked":["Infernal Blade","Twin Strike"],"picked":"Flame Barrier+1","floor":44},{"not_picked":["Pommel Strike+1","Reaper"],"picked":"Dropkick","floor":45},{"not_picked":["Headbutt+1","Metallicize"],"picked":"Cleave+1","floor":47}],"player_experience":0,"relics_obtained":[{"floor":9,"key":"Boot"},{"floor":24,"key":"Orichalcum"},{"floor":26,"key":"Regal Pillow"},{"floor":30,"key":"Strawberry"},{"floor":39,"key":"FossilizedHelix"},{"floor":40,"key":"Anchor"},{"floor":43,"key":"Centennial Puzzle"},{"floor":45,"key":"Lantern"}],"event_choices":[{"damage_healed":0,"gold_gain":0,"player_choice":"Cursed","damage_taken":0,"max_hp_gain":0,"max_hp_loss":0,"event_name":"Wheel of Change","floor":3,"gold_loss":0,"cards_obtained":["Decay"]},{"damage_healed":0,"gold_gain":0,"player_choice":"Entered Light","damage_taken":16,"max_hp_gain":0,"max_hp_loss":0,"event_name":"Shining Light","floor":10,"gold_loss":0,"cards_upgraded":["Strike_R","Bash"]},{"damage_healed":0,"gold_gain":0,"player_choice":"Ignored","damage_taken":0,"max_hp_gain":0,"max_hp_loss":0,"event_name":"Liars Game","floor":13,"gold_loss":0},{"damage_healed":0,"gold_gain":0,"player_choice":"Forge","damage_taken":0,"max_hp_gain":0,"max_hp_loss":0,"event_name":"Accursed Blacksmith","floor":19,"gold_loss":0,"cards_upgraded":["Reaper"]},{"damage_healed":0,"gold_gain":0,"player_choice":"Paid","damage_taken":0,"relics_obtained":["Red Mask"],"max_hp_gain":0,"max_hp_loss":0,"event_name":"Tomb of Lord Red Mask","floor":37,"gold_loss":139},{"cards_removed":["Blood for Blood"],"damage_healed":0,"gold_gain":0,"player_choice":"Removed Attack","damage_taken":0,"max_hp_gain":0,"max_hp_loss":0,"event_name":"Falling","floor":38,"gold_loss":0},{"damage_healed":0,"gold_gain":0,"player_choice":"Fight","damage_taken":0,"max_hp_gain":0,"max_hp_loss":0,"event_name":"Mysterious Sphere","floor":39,"gold_loss":0},{"cards_removed":["Defend_R"],"damage_healed":0,"gold_gain":0,"player_choice":"Took Card","damage_taken":0,"max_hp_gain":0,"max_hp_loss":0,"event_name":"NoteForYourself","floor":42,"gold_loss":0,"cards_obtained":["Iron Wave"]}],"is_beta":false,"boss_relics":[{"not_picked":["Coffee Dripper","Runic Cube"],"picked":"Velvet Choker"},{"not_picked":["Mark of Pain","Snecko Eye"],"picked":"Tiny House"}],"items_purged_floors":[11,25,36],"is_endless":false,"potions_floor_spawned":[1,2,16,18,24,29,31,39,40],"killed_by":"Awakened One","ascension_level":0}