{"gold_per_floor":[117,134,84,9,20,48,64,74,74,106,120,136,171,185,185,289,289,308,308,319,338,338,338,373,393,418,428,7,19,19,19,19,19],"floor_reached":33,"playtime":2061,"items_purged":["Strike_R"],"score":318,"play_id":"198bb8be-fe0f-4c5e-8262-ee11730c33bb","local_time":"20190723223015","is_ascension_mode":false,"campfire_choices":[{"data":"Iron Wave","floor":15,"key":"SMITH"},{"floor":23,"key":"DIG"},{"floor":30,"key":"REST"},{"floor":32,"key":"DIG"}],"neow_cost":"NONE","seed_source_timestamp":1315182200824129,"circlet_count":0,"master_deck":["Strike_R","Strike_R","Strike_R","Defend_R","Defend_R","Defend_R","Defend_R","Bash","Iron Wave+1","Evolve","Uppercut","Anger","Wild Strike","Carnage","Pummel+1","Shrug It Off","Shockwave","Wild Strike+1","Wild Strike+1","Limit Break","Heavy Blade+1","Writhe","Ghostly Armor","Battle Trance+1","Brutality","Iron Wave+1","Uppercut+1","Flame Barrier"],"relics":["Burning Blood","NeowsBlessing","Shovel","Bottled Flame","Molten Egg 2","The Courier","Potion Belt","Fusion Hammer","Strawberry","Paper Frog","Blood Vial","Oddly Smooth Stone","Bronze Scales","Anchor","Red Skull"],"potions_floor_usage":[10,10,11,13,24,24],"damage_taken":[{"damage":0,"enemies":"2 Louse","floor":1,"turns":1},{"damage":0,"enemies":"Cultist","floor":2,"turns":1},{"damage":0,"enemies":"Small Slimes","floor":5,"turns":1},{"damage":55,"enemies":"Lagavulin","floor":6,"turns":7},{"damage":0,"enemies":"Exordium Wildlife","floor":7,"turns":3},{"damage":0,"enemies":"Looter","floor":8,"turns":3},{"damage":0,"enemies":"Gremlin Nob","floor":10,"turns":2},{"damage":1,"enemies":"2 Fungi Beasts","floor":11,"turns":3},{"damage":4,"enemies":"3 Louse","floor":12,"turns":3},{"damage":9,"enemies":"3 Sentries","floor":13,"turns":6},{"damage":2,"enemies":"Blue Slaver","floor":14,"turns":3},{"damage":8,"enemies":"Slime Boss","floor":16,"turns":6},{"damage":13,"enemies":"3 Byrds","floor":18,"turns":5},{"damage":8,"enemies":"Shell Parasite","floor":20,"turns":4},{"damage":0,"enemies":"Snecko","floor":21,"turns":3},{"damage":33,"enemies":"Book of Stabbing","floor":24,"turns":5},{"damage":40,"enemies":"Sentry and Sphere","floor":25,"turns":6},{"damage":16,"enemies":"Cultist and Chosen","floor":27,"turns":6},{"damage":21,"enemies":"3 Cultists","floor":29,"turns":6},{"damage":46,"enemies":"Automaton","floor":33,"turns":6}],"seed_played":"-2328923562249348207","potions_obtained":[{"floor":6,"key":"EssenceOfSteel"},{"floor":7,"key":"Fire Potion"},{"floor":8,"key":"Strength Potion"},{"floor":10,"key":"SmokeBomb"},{"floor":11,"key":"Strength Potion"},{"floor":20,"key":"EssenceOfSteel"},{"floor":21,"key":"PowerPotion"},{"floor":25,"key":"FairyPotion"}],"is_trial":false,"path_per_floor":["M","M","?","?","M","E","M","M","T","E","M","M","E","M","R","B",null,"M","?","M","M","?","R","E","M","T","M","$","M","R","$","R","B"],"character_chosen":"IRONCLAD","items_purchased":["Oddly Smooth Stone","Bronze Scales","Anchor"],"campfire_rested":1,"item_purchase_floors":[28,28,28],"current_hp_per_floor":[80,80,80,80,80,31,37,43,43,49,54,56,53,57,57,55,80,73,80,78,84,84,84,57,25,25,17,17,12,38,38,38,0],"gold":19,"neow_bonus":"THREE_ENEMY_KILL","is_prod":false,"is_daily":false,"chose_seed":false,"campfire_upgraded":1,"win_rate":0,"timestamp":1563946215,"path_taken":["M","M","?","?","M","E","M","M","T","E","M","M","E","?","R","BOSS","M","?","M","M","?","R","E","M","T","M","$","M","R","?","R","BOSS"],"build_version":"2019-07-17","purchased_purges":1,"victory":false,"max_hp_per_floor":[80,80,80,80,80,80,80,80,80,80,80,80,80,80,80,80,80,80,87,87,87,87,87,87,87,87,87,87,87,87,87,87,87],"card_choices":[{"not_picked":["Headbutt","Perfected Strike"],"picked":"Iron Wave","floor":1},{"not_picked":["Seeing Red","Perfected Strike"],"picked":"Evolve","floor":2},{"not_picked":["Seeing Red","Bloodletting"],"picked":"Uppercut","floor":5},{"not_picked":["Perfected Strike","Evolve"],"picked":"Anger","floor":6},{"not_picked":["Shrug It Off","Cleave"],"picked":"Wild Strike","floor":7},{"not_picked":["Flex","Fiend Fire"],"picked":"Carnage","floor":8},{"not_picked":["Intimidate","Perfected Strike+1"],"picked":"Pummel+1","floor":10},{"not_picked":["Clash+1","Sever Soul+1"],"picked":"Shrug It Off","floor":11},{"not_picked":["Dual Wield","Warcry"],"picked":"Shockwave","floor":12},{"not_picked":["Cleave+1","Corruption"],"picked":"Wild Strike+1","floor":13},{"not_picked":["Heavy Blade+1","Rage"],"picked":"Wild Strike+1","floor":14},{"not_picked":["Exhume","Dark Embrace"],"picked":"Limit Break","floor":16},{"not_picked":["Sword Boomerang+1","Rage"],"picked":"Heavy Blade+1","floor":18},{"not_picked":["Clothesline+1","Fire Breathing"],"picked":"Ghostly Armor","floor":20},{"not_picked":["Feel No Pain","Hemokinesis+1"],"picked":"Battle Trance+1","floor":21},{"not_picked":["Rage","Clash+1"],"picked":"Brutality","floor":24},{"not_picked":["Hemokinesis+1","Warcry"],"picked":"Iron Wave+1","floor":25},{"not_picked":["Clothesline+1","Pommel Strike+1"],"picked":"Uppercut+1","floor":27},{"not_picked":["Heavy Blade+1","Feel No Pain+1"],"picked":"Flame Barrier","floor":29}],"player_experience":385542,"relics_obtained":[{"floor":6,"key":"Bottled Flame"},{"floor":9,"key":"Molten Egg 2"},{"floor":10,"key":"The Courier"},{"floor":13,"key":"Potion Belt"},{"floor":23,"key":"Paper Frog"},{"floor":24,"key":"Blood Vial"},{"floor":32,"key":"Red Skull"}],"event_choices":[{"cards_removed":["Strike_R"],"damage_healed":0,"gold_gain":0,"player_choice":"Card Removal","damage_taken":0,"max_hp_gain":0,"max_hp_loss":0,"event_name":"The Cleric","floor":3,"gold_loss":50},{"damage_healed":0,"gold_gain":0,"player_choice":"Paid Gold","damage_taken":0,"relics_obtained":["Shovel"],"max_hp_gain":0,"max_hp_loss":0,"event_name":"WeMeetAgain","floor":4,"gold_loss":75},{"damage_healed":0,"gold_gain":0,"player_choice":"Opened","damage_taken":0,"relics_obtained":["Strawberry"],"max_hp_gain":0,"max_hp_loss":0,"event_name":"The Mausoleum","floor":19,"gold_loss":0,"cards_obtained":["Writhe"]},{"damage_healed":0,"gold_gain":0,"player_choice":"Ignored","damage_taken":0,"max_hp_gain":0,"max_hp_loss":0,"event_name":"Ghosts","floor":22,"gold_loss":0}],"is_beta":false,"boss_relics":[{"not_picked":["Calling Bell","Black Star"],"picked":"Fusion Hammer"}],"items_purged_floors":[28],"is_endless":false,"potions_floor_spawned":[6,7,8,10,11,20,21,25],"killed_by":"Automaton","ascension_level":0}