{"gold_per_floor":[113,130,130,55,75,110,110,10,36,0,175,201,218,218,218,218],"floor_reached":16,"playtime":947,"items_purged":["Decay","Defend_R"],"score":129,"play_id":"49790acf-4272-4720-aa3b-b9f7f97f274b","local_time":"20190306223642","is_ascension_mode":true,"campfire_choices":[{"data":"Seeing Red","floor":7,"key":"SMITH"},{"floor":15,"key":"REST"}],"neow_cost":"NONE","seed_source_timestamp":501436644664294,"circlet_count":0,"master_deck":["Strike_R","Strike_R","Strike_R","Strike_R","Defend_R","Defend_R+1","Defend_R","Bash","Inflame","Seeing Red+1","Uppercut","Shrug It Off","Warcry+1","Dropkick","Impervious"],"relics":["Burning Blood","Strawberry","War Paint","Oddly Smooth Stone","Spirit Poop"],"potions_floor_usage":[5,16],"damage_taken":[{"damage":6,"enemies":"Cultist","floor":1,"turns":3},{"damage":10,"enemies":"Small Slimes","floor":2,"turns":3},{"damage":1,"enemies":"2 Louse","floor":5,"turns":2},{"damage":32,"enemies":"3 Sentries","floor":6,"turns":9},{"damage":21,"enemies":"Gremlin Nob","floor":12,"turns":4},{"damage":14,"enemies":"Exordium Wildlife","floor":13,"turns":5},{"damage":68,"enemies":"Slime Boss","floor":16,"turns":10}],"seed_played":"3859520322585757751","potions_obtained":[{"floor":1,"key":"SkillPotion"},{"floor":5,"key":"BloodPotion"}],"is_trial":false,"path_per_floor":["M","M","?","$","M","E","R","$","T","$","?","E","M","?","R","B"],"character_chosen":"IRONCLAD","items_purchased":["Dropkick"],"campfire_rested":1,"item_purchase_floors":[10],"current_hp_per_floor":[80,76,76,76,80,61,61,61,61,61,61,46,38,38,64,4],"gold":218,"neow_bonus":"TRANSFORM_CARD","is_prod":false,"is_daily":false,"chose_seed":false,"campfire_upgraded":1,"win_rate":0,"timestamp":1551940602,"path_taken":["M","M","?","$","M","E","R","?","T","$","?","E","M","?","R","BOSS"],"build_version":"2019-01-23","purchased_purges":2,"victory":false,"max_hp_per_floor":[80,80,80,80,80,87,87,87,87,87,87,87,87,87,87,87],"card_choices":[{"not_picked":["Power Through","Pommel Strike"],"picked":"Seeing Red","floor":1},{"not_picked":["Flex","Twin Strike"],"picked":"Uppercut","floor":2},{"not_picked":["Pommel Strike","Burning Pact"],"picked":"Shrug It Off","floor":5},{"not_picked":["Perfected Strike","Wild Strike"],"picked":"Warcry","floor":6},{"not_picked":["Flex","Whirlwind"],"picked":"Impervious","floor":12},{"not_picked":["Wild Strike","Seeing Red","Entrench"],"picked":"SKIP","floor":13}],"player_experience":98684,"relics_obtained":[{"floor":6,"key":"Strawberry"},{"floor":9,"key":"War Paint"},{"floor":12,"key":"Oddly Smooth Stone"}],"event_choices":[{"damage_healed":0,"gold_gain":0,"player_choice":"Cursed","damage_taken":0,"max_hp_gain":0,"max_hp_loss":0,"event_name":"Wheel of Change","floor":3,"gold_loss":0,"cards_obtained":["Decay"]},{"damage_healed":0,"gold_gain":175,"player_choice":"AGREE","damage_taken":0,"max_hp_gain":0,"max_hp_loss":0,"event_name":"Liars Game","floor":11,"gold_loss":0,"cards_obtained":["Doubt"]},{"cards_removed":["Doubt"],"damage_healed":0,"gold_gain":0,"player_choice":"Offered Curse","damage_taken":0,"relics_obtained":["Spirit Poop"],"max_hp_gain":0,"max_hp_loss":0,"event_name":"Bonfire Elementals","floor":14,"gold_loss":0}],"is_beta":false,"boss_relics":[],"items_purged_floors":[4,8],"is_endless":false,"potions_floor_spawned":[1,5],"killed_by":"Slime Boss","ascension_level":4}