{"gold_per_floor":[111,36,36,36,11,11,28,28,100,128,278,304,304,315,315,315],"floor_reached":16,"playtime":757,"items_purged":[],"score":304,"play_id":"5dcda053-19db-48b6-8c55-ba376a5cff48","local_time":"20190722125052","is_ascension_mode":true,"campfire_choices":[{"data":"Zap","floor":6,"key":"SMITH"},{"data":"Coolheaded","floor":8,"key":"SMITH"},{"data":"Coolheaded","floor":13,"key":"SMITH"},{"data":"Dualcast","floor":15,"key":"SMITH"}],"neow_cost":"NONE","seed_source_timestamp":0,"circlet_count":0,"master_deck":["AscendersBane","Strike_B","Strike_B","Strike_B","Strike_B+1","Defend_B","Defend_B","Defend_B","Defend_B","Zap+1","Dualcast+1","Coolheaded+1","Coolheaded+1","Cold Snap","Reboot","Undo","Coolheaded+1"],"special_seed":0,"relics":["Cracked Core","NeowsBlessing","Lantern","Mummified Hand","Omamori","Art of War"],"potions_floor_usage":[12,12,16],"damage_taken":[{"damage":0,"enemies":"Cultist","floor":1,"turns":1},{"damage":0,"enemies":"2 Louse","floor":7,"turns":1},{"damage":0,"enemies":"3 Sentries","floor":10,"turns":1},{"damage":0,"enemies":"Gremlin Nob","floor":12,"turns":2},{"damage":0,"enemies":"Jaw Worm","floor":14,"turns":3},{"damage":46,"enemies":"Slime Boss","floor":16,"turns":8}],"seed_played":"150279545662410726","potions_obtained":[{"floor":7,"key":"Fire Potion"},{"floor":10,"key":"Fire Potion"},{"floor":12,"key":"Dexterity Potion"}],"is_trial":false,"path_per_floor":["M","$","?","?","$","R","M","R","T","E","?","E","R","M","R","B"],"character_chosen":"DEFECT","items_purchased":["Streamline","Coolheaded","Cold Snap"],"campfire_rested":0,"item_purchase_floors":[2,2,5],"current_hp_per_floor":[64,64,43,43,43,43,43,43,43,43,43,43,43,43,43,0],"gold":315,"neow_bonus":"THREE_ENEMY_KILL","is_prod":false,"is_daily":false,"chose_seed":false,"campfire_upgraded":4,"win_rate":0,"timestamp":1563814252,"path_taken":["M","$","?","?","$","R","?","R","T","E","?","E","R","M","R","BOSS"],"build_version":"2019-07-17","purchased_purges":0,"victory":false,"max_hp_per_floor":[71,71,71,71,71,71,71,71,71,71,71,71,71,71,71,71],"card_choices":[{"not_picked":["Barrage","Stack"],"picked":"Coolheaded","floor":1},{"not_picked":["Gash","Streamline"],"picked":"Reboot","floor":7},{"not_picked":["Beam Cell","Amplify"],"picked":"Undo","floor":10},{"not_picked":["Auto Shields","Redo"],"picked":"Coolheaded","floor":12},{"not_picked":["Aggregate","Hologram","Leap"],"picked":"SKIP","floor":14}],"player_experience":908808,"relics_obtained":[{"floor":9,"key":"Mummified Hand"},{"floor":10,"key":"Omamori"},{"floor":12,"key":"Art of War"}],"event_choices":[{"damage_healed":0,"gold_gain":0,"player_choice":"Entered Light","damage_taken":21,"max_hp_gain":0,"max_hp_loss":0,"event_name":"Shining Light","floor":3,"gold_loss":0,"cards_upgraded":["Coolheaded","Strike_B"]},{"cards_removed":["Streamline"],"damage_healed":0,"gold_gain":0,"player_choice":"Gave Card","damage_taken":0,"relics_obtained":["Lantern"],"max_hp_gain":0,"max_hp_loss":0,"event_name":"WeMeetAgain","floor":4,"gold_loss":0},{"damage_healed":0,"gold_gain":150,"player_choice":"AGREE","damage_taken":0,"max_hp_gain":0,"max_hp_loss":0,"event_name":"Liars Game","floor":11,"gold_loss":0,"cards_obtained":["Doubt"]}],"is_beta":false,"boss_relics":[],"items_purged_floors":[],"is_endless":false,"potions_floor_spawned":[7,10,12],"killed_by":"Slime Boss","ascension_level":19}