{"gold_per_floor":[110,35,48,48,58,86,86,98,121,153,171,171,189,209,209,305,305,315,315,59,59,59,87,87,103,103,119,119,139,139,156,156,156],"floor_reached":33,"playtime":2302,"items_purged":["Strike_G","Strike_G"],"score":329,"play_id":"b505111a-67f3-4a3a-a89d-0acc0c5ace32","local_time":"20181215181830","is_ascension_mode":false,"campfire_choices":[{"floor":12,"key":"REST"},{"data":"Riddle With Holes","floor":15,"key":"SMITH"},{"data":"Flechettes","floor":24,"key":"SMITH"},{"data":"Glass Knife","floor":28,"key":"SMITH"},{"data":"Dagger Spray","floor":32,"key":"SMITH"}],"neow_cost":"NONE","seed_source_timestamp":259167648710452,"circlet_count":0,"master_deck":["Defend_G","Defend_G","Defend_G","Defend_G","Defend_G","Strike_G","Strike_G","Survivor","Neutralize","Concentrate","Riddle With Holes+1","Caltrops","Terror+1","Quick Slash","Acrobatics","Masterful Stab","Dagger Spray+1","Malaise","Flechettes+1","Backflip","Glass Knife+1","Predator"],"relics":["Philosopher\u0027s Stone","Ancient Tea Set","Pen Nib","Bronze Scales","Cursed Key","Omamori","Regal Pillow"],"potions_floor_usage":[10,16,18,23,27,29,33],"damage_taken":[{"damage":6,"enemies":"Small Slimes","floor":1,"turns":4},{"damage":0,"enemies":"Cultist","floor":3,"turns":6},{"damage":4,"enemies":"Jaw Worm","floor":5,"turns":4},{"damage":24,"enemies":"Gremlin Nob","floor":6,"turns":5},{"damage":2,"enemies":"Gremlin Gang","floor":8,"turns":5},{"damage":29,"enemies":"3 Sentries","floor":10,"turns":10},{"damage":0,"enemies":"Blue Slaver","floor":11,"turns":3},{"damage":2,"enemies":"Exordium Wildlife","floor":13,"turns":2},{"damage":0,"enemies":"Large Slime","floor":14,"turns":4},{"damage":0,"enemies":"Slime Boss","floor":16,"turns":3},{"damage":7,"enemies":"Chosen","floor":18,"turns":4},{"damage":3,"enemies":"Book of Stabbing","floor":23,"turns":4},{"damage":0,"enemies":"3 Byrds","floor":25,"turns":3},{"damage":3,"enemies":"Snake Plant","floor":27,"turns":3},{"damage":0,"enemies":"3 Cultists","floor":29,"turns":2},{"damage":0,"enemies":"Snecko","floor":31,"turns":4},{"damage":61,"enemies":"Automaton","floor":33,"turns":6}],"seed_played":"-3678919542100905946","potions_obtained":[{"floor":1,"key":"Dexterity Potion"},{"floor":6,"key":"EssenceOfSteel"},{"floor":11,"key":"SteroidPotion"},{"floor":16,"key":"FearPotion"},{"floor":18,"key":"SteroidPotion"},{"floor":22,"key":"Regen Potion"},{"floor":25,"key":"Energy Potion"},{"floor":29,"key":"GamblersBrew"}],"is_trial":false,"path_per_floor":["M","$","M","?","M","E","?","M","T","E","M","R","M","M","R","B",null,"M","?","$","?","?","E","R","M","T","M","R","M","?","M","R","B"],"character_chosen":"THE_SILENT","items_purchased":["Omamori"],"campfire_rested":1,"item_purchase_floors":[20],"current_hp_per_floor":[64,64,64,64,60,36,36,34,34,5,5,26,24,24,24,24,70,63,63,63,50,50,59,59,59,59,56,56,56,56,56,56,0],"gold":156,"neow_bonus":"BOSS_RELIC","is_prod":false,"is_daily":false,"chose_seed":false,"campfire_upgraded":4,"win_rate":0,"timestamp":1544915910,"path_taken":["M","$","M","?","?","E","?","M","T","E","M","R","M","?","R","BOSS","M","?","$","?","?","E","R","?","T","M","R","M","?","M","R","BOSS"],"build_version":"2018-12-13","purchased_purges":2,"victory":false,"max_hp_per_floor":[70,70,70,70,70,70,70,70,70,70,70,70,70,70,70,70,70,70,70,70,75,75,75,75,75,75,75,75,75,75,75,75,75],"card_choices":[{"not_picked":["Finisher","Setup"],"picked":"Concentrate","floor":1},{"not_picked":["Deadly Poison","Backflip"],"picked":"Riddle With Holes","floor":3},{"not_picked":["Dash","Dagger Throw"],"picked":"Terror","floor":5},{"not_picked":["PiercingWail","Dodge and Roll"],"picked":"Quick Slash","floor":6},{"not_picked":["Cloak And Dagger","Slice"],"picked":"Acrobatics","floor":8},{"not_picked":["Crippling Poison","Acrobatics","Cloak And Dagger"],"picked":"SKIP","floor":10},{"not_picked":["Riddle With Holes","Endless Agony"],"picked":"Masterful Stab","floor":11},{"not_picked":["Acrobatics","Endless Agony","Bane"],"picked":"SKIP","floor":13},{"not_picked":["Heel Hook","Infinite Blades"],"picked":"Dagger Spray","floor":14},{"not_picked":["Tools of the Trade","Storm of Steel"],"picked":"Malaise","floor":16},{"not_picked":["Poisoned Stab+1","Acrobatics","Slice"],"picked":"SKIP","floor":18},{"not_picked":["Caltrops","PiercingWail"],"picked":"Flechettes","floor":23},{"not_picked":["Bane","Deadly Poison"],"picked":"Backflip","floor":25},{"not_picked":["Acrobatics","Blade Dance"],"picked":"Glass Knife","floor":27},{"not_picked":["Distraction+1","Endless Agony","Acrobatics"],"picked":"SKIP","floor":29},{"not_picked":["Flying Knee","All Out Attack","Backstab+1"],"picked":"SKIP","floor":31}],"player_experience":604836,"relics_obtained":[{"floor":6,"key":"Ancient Tea Set"},{"floor":9,"key":"Pen Nib"},{"floor":10,"key":"Bronze Scales"},{"floor":23,"key":"Regal Pillow"}],"event_choices":[{"damage_healed":0,"gold_gain":0,"cards_transformed":["Strike_G"],"player_choice":"Transformed","damage_taken":0,"max_hp_gain":0,"max_hp_loss":0,"event_name":"Transmorgrifier","floor":4,"gold_loss":0,"cards_obtained":["Caltrops"]},{"damage_healed":0,"gold_gain":0,"player_choice":"Forge","damage_taken":0,"max_hp_gain":0,"max_hp_loss":0,"event_name":"Accursed Blacksmith","floor":7,"gold_loss":0,"cards_upgraded":["Terror"]},{"damage_healed":0,"gold_gain":0,"player_choice":"Ignored","damage_taken":0,"max_hp_gain":0,"max_hp_loss":0,"event_name":"Ghosts","floor":19,"gold_loss":0},{"damage_healed":0,"gold_gain":0,"player_choice":"Shed Blood","damage_taken":18,"max_hp_gain":5,"max_hp_loss":0,"event_name":"Forgotten Altar","floor":21,"gold_loss":0},{"damage_healed":0,"gold_gain":0,"player_choice":"Got Potions","damage_taken":0,"max_hp_gain":0,"max_hp_loss":0,"event_name":"Lab","floor":22,"gold_loss":0},{"damage_healed":0,"gold_gain":0,"player_choice":"Read","damage_taken":0,"max_hp_gain":0,"max_hp_loss":0,"event_name":"The Library","floor":30,"gold_loss":0,"cards_obtained":["Predator"]}],"is_beta":false,"boss_relics":[{"not_picked":["Coffee Dripper","Ectoplasm"],"picked":"Cursed Key"}],"items_purged_floors":[2,20],"is_endless":false,"potions_floor_spawned":[1,6,11,16,18,25,29],"killed_by":"Automaton","ascension_level":0}