{"gold_per_floor":[361,378,396,412,432,432,42,68,91,118,141,159,159,190,202,316,328,328,253,253,253,35,35,35,35,35,35,35,35,35,35,35,35,35,35,35,35,35,35,35,35,35,35,35,35,35,35,35,35,35,35,35,35,35,35],"floor_reached":56,"playtime":87512,"items_purged":["Strike_B"],"score":1811,"play_id":"c29398a9-9448-46fa-aade-ac425d793184","local_time":"20190418180420","is_ascension_mode":true,"campfire_choices":[{"data":"Zap","floor":6.0,"key":"SMITH"},{"floor":15.0,"key":"REST"},{"floor":24,"key":"REST"},{"data":"Apotheosis","floor":32,"key":"SMITH"},{"floor":40,"key":"RECALL"},{"floor":49,"key":"REST"},{"floor":52,"key":"REST"}],"neow_cost":"PERCENT_DAMAGE","seed_source_timestamp":0,"circlet_count":0,"master_deck":["Strike_B+1","Strike_B+1","Defend_B","Defend_B","Defend_B","Defend_B","Zap+1","Dualcast","Coolheaded","Creative AI","Leap","Apotheosis+1","BootSequence","Buffer","Go for the Eyes","Chaos","Echo Form","Coolheaded+1","Auto Shields","Compile Driver","Self Repair","Aggregate+1","Defragment","Glacier","Echo Form","Chaos+1","Sunder","Consume","Double Energy","Coolheaded+1","Capacitor+1","Coolheaded+1","Seek","Defragment+1","Compile Driver+1","Stack","Fusion+1"],"special_seed":0,"relics":["Cracked Core","Lee\u0027s Waffle","Whetstone","DataDisk","Odd Mushroom","Cables","MawBank","Ectoplasm","Bronze Scales","Torii","Boot","Letter Opener","Red Mask","MutagenicStrength","Ice Cream","Fusion Hammer","Prayer Wheel","Frozen Egg 2","Dream Catcher","Bottled Lightning","Sundial","Pen Nib"],"potions_floor_usage":[23,23,28,33,35,50,50,54],"damage_taken":[{"damage":0.0,"enemies":"Small Slimes","floor":1.0,"turns":3.0},{"damage":2.0,"enemies":"Jaw Worm","floor":2.0,"turns":4.0},{"damage":3.0,"enemies":"Cultist","floor":3.0,"turns":4.0},{"damage":12.0,"enemies":"Blue Slaver","floor":4.0,"turns":4.0},{"damage":0.0,"enemies":"Large Slime","floor":5.0,"turns":7.0},{"damage":0.0,"enemies":"Lagavulin","floor":8.0,"turns":7.0},{"damage":45.0,"enemies":"Gremlin Nob","floor":10.0,"turns":6.0},{"damage":19.0,"enemies":"The Mushroom Lair","floor":11.0,"turns":5.0},{"damage":0.0,"enemies":"2 Fungi Beasts","floor":12.0,"turns":4.0},{"damage":4.0,"enemies":"3 Sentries","floor":14.0,"turns":7.0},{"damage":2.0,"enemies":"The Guardian","floor":16.0,"turns":10.0},{"damage":11,"enemies":"Spheric Guardian","floor":18,"turns":4},{"damage":3,"enemies":"2 Thieves","floor":19,"turns":5},{"damage":0,"enemies":"Shelled Parasite and Fungi","floor":20,"turns":7},{"damage":17,"enemies":"Snake Plant","floor":21,"turns":4},{"damage":33,"enemies":"Slavers","floor":23,"turns":8},{"damage":14,"enemies":"Book of Stabbing","floor":27,"turns":7},{"damage":12,"enemies":"Masked Bandits","floor":28,"turns":4},{"damage":0,"enemies":"Centurion and Healer","floor":30,"turns":6},{"damage":1,"enemies":"Gremlin Leader","floor":31,"turns":9},{"damage":12,"enemies":"Automaton","floor":33,"turns":9},{"damage":0,"enemies":"3 Darklings","floor":35,"turns":5},{"damage":0,"enemies":"Orb Walker","floor":38,"turns":3},{"damage":6,"enemies":"Transient","floor":39,"turns":5},{"damage":18,"enemies":"Reptomancer","floor":42,"turns":7},{"damage":0,"enemies":"Giant Head","floor":44,"turns":7},{"damage":6,"enemies":"Maw","floor":45,"turns":9},{"damage":0,"enemies":"Jaw Worm Horde","floor":46,"turns":5},{"damage":0,"enemies":"Nemesis","floor":47,"turns":5},{"damage":0,"enemies":"4 Shapes","floor":48,"turns":5},{"damage":0,"enemies":"Donu and Deca","floor":50,"turns":8},{"damage":32,"enemies":"Shield and Spear","floor":54,"turns":9},{"damage":21,"enemies":"The Heart","floor":55,"turns":8}],"seed_played":"6658387073080480365","potions_obtained":[{"floor":3.0,"key":"SpeedPotion"},{"floor":4.0,"key":"FocusPotion"},{"floor":5.0,"key":"Swift Potion"},{"floor":8.0,"key":"Dexterity Potion"},{"floor":10.0,"key":"Dexterity Potion"},{"floor":19,"key":"Explosive Potion"},{"floor":20,"key":"Fire Potion"},{"floor":21,"key":"SteroidPotion"},{"floor":28,"key":"Poison Potion"},{"floor":33,"key":"Block Potion"},{"floor":42,"key":"Poison Potion"},{"floor":45,"key":"Explosive Potion"},{"floor":47,"key":"PowerPotion"},{"floor":48,"key":"Energy Potion"}],"is_trial":false,"path_per_floor":["M","M","M","M","M","R","$","E","T","E","?","M","T","E","R","B",null,"M","M","M","M","$","E","R","?","T","E","?","?","M","E","R","B",null,"M","?","?","M","M","R","T","E","T","E","M","M","E","M","R","B",null,"R","$","E","B",null],"character_chosen":"DEFECT","items_purchased":["Apotheosis","Lee\u0027s Waffle","Bronze Scales"],"campfire_rested":4,"item_purchase_floors":[7,7,22],"current_hp_per_floor":[50,48,45,33,33,33,82,82,82,37,18,18,18,14,38,36,71,60,57,57,40,40,27,51,51,51,57,45,45,59,65,65,60,77,82,82,82,82,82,82,82,74,74,82,82,82,82,82,82,82,82,82,82,70,59],"gold":35,"neow_bonus":"TWO_FIFTY_GOLD","is_prod":false,"is_daily":false,"chose_seed":false,"campfire_upgraded":2,"win_rate":0,"timestamp":1555625060,"path_taken":["M","M","M","M","M","R","$","E","T","E","?","M","?","E","R","BOSS","M","M","M","?","$","E","R","?","T","E","?","?","M","E","R","BOSS","M","?","?","?","M","R","?","E","T","E","M","M","E","M","R","BOSS","R","$","E","BOSS"],"build_version":"2019-04-04","purchased_purges":1,"victory":true,"max_hp_per_floor":[75,75,75,75,75,75,82,82,82,82,82,82,82,82,82,82,82,82,82,82,82,82,82,82,82,82,82,82,82,82,82,82,82,82,82,82,82,82,82,82,82,82,82,82,82,82,82,82,82,82,82,82,82,82,82],"card_choices":[{"not_picked":["Rebound","Double Energy","Skim"],"picked":"SKIP","floor":1.0},{"not_picked":["Conserve Battery","Redo"],"picked":"Coolheaded","floor":2.0},{"not_picked":["Cold Snap","Chill"],"picked":"Creative AI","floor":3.0},{"not_picked":["Darkness","Streamline","Force Field"],"picked":"SKIP","floor":4.0},{"not_picked":["Gash","Fusion"],"picked":"Leap","floor":5.0},{"not_picked":["Rebound","Streamline"],"picked":"BootSequence","floor":8.0},{"not_picked":["Leap","Ball Lightning"],"picked":"Buffer","floor":10.0},{"not_picked":["Rebound","Cold Snap"],"picked":"Go for the Eyes","floor":11.0},{"not_picked":["Melter","Streamline","Doom and Gloom"],"picked":"SKIP","floor":12.0},{"not_picked":["Sweeping Beam","Loop"],"picked":"Chaos","floor":14.0},{"not_picked":["Core Surge","Electrodynamics"],"picked":"Echo Form","floor":16.0},{"not_picked":["Rebound","Sweeping Beam"],"picked":"Coolheaded+1","floor":18},{"not_picked":["Doom and Gloom+1","Cold Snap"],"picked":"Auto Shields","floor":19},{"not_picked":["FTL","Streamline"],"picked":"Compile Driver","floor":20},{"not_picked":["Leap+1","Hologram+1"],"picked":"Self Repair","floor":21},{"not_picked":["Darkness","Heatsinks"],"picked":"Aggregate+1","floor":23},{"not_picked":["Coolheaded","Static Discharge","Heatsinks"],"picked":"SKIP","floor":27},{"not_picked":["Sunder","Cold Snap"],"picked":"Defragment","floor":28},{"not_picked":["Thunder Strike","Barrage+1"],"picked":"Glacier","floor":30},{"not_picked":["Force Field+1","Darkness+1","Genetic Algorithm"],"picked":"SKIP","floor":31},{"not_picked":["Hyperbeam","Multi-Cast"],"picked":"Echo Form","floor":33},{"not_picked":["Leap+1","Compile Driver"],"picked":"Chaos+1","floor":35},{"not_picked":["Ball Lightning","Go for the Eyes","Turbo"],"picked":"SKIP","floor":38},{"not_picked":["Cold Snap","Conserve Battery","Turbo"],"picked":"SKIP","floor":39},{"not_picked":["Genetic Algorithm+1","Cold Snap+1"],"picked":"Consume","floor":42},{"not_picked":["Double Energy","Consume+1","Chill+1"],"picked":"SKIP","floor":44},{"not_picked":["Consume+1","Chill+1"],"picked":"Double Energy","floor":44},{"not_picked":["Turbo","Sweeping Beam"],"picked":"Coolheaded+1","floor":45},{"not_picked":["Steam Power","Streamline+1","All For One"],"picked":"SKIP","floor":45},{"not_picked":["Stack","Barrage+1"],"picked":"Capacitor+1","floor":46},{"not_picked":["Hello World+1","Reprogram+1"],"picked":"Coolheaded+1","floor":46},{"not_picked":["Leap","Aggregate+1"],"picked":"Seek","floor":47},{"not_picked":["Barrage+1","Cold Snap+1"],"picked":"Defragment+1","floor":48},{"not_picked":["Barrage+1","Sweeping Beam+1","Force Field"],"picked":"SKIP","floor":48},{"not_picked":["Barrage+1","Sweeping Beam+1","Force Field"],"picked":"SKIP","floor":48},{"not_picked":["Streamline","Consume"],"picked":"Compile Driver+1","floor":49},{"not_picked":["Reinforced Body","Force Field"],"picked":"Stack","floor":52},{"not_picked":["Capacitor+1","Streamline"],"picked":"Fusion+1","floor":54}],"player_experience":661394,"relics_obtained":[{"floor":8.0,"key":"Whetstone"},{"floor":10.0,"key":"DataDisk"},{"floor":11.0,"key":"Odd Mushroom"},{"floor":13.0,"key":"Cables"},{"floor":14.0,"key":"MawBank"},{"floor":23,"key":"Torii"},{"floor":26,"key":"Boot"},{"floor":27,"key":"Letter Opener"},{"floor":28,"key":"Red Mask"},{"floor":31,"key":"Ice Cream"},{"floor":41,"key":"Prayer Wheel"},{"floor":42,"key":"Frozen Egg 2"},{"floor":43,"key":"Dream Catcher"},{"floor":44,"key":"Bottled Lightning"},{"floor":47,"key":"Sundial"},{"floor":54,"key":"Pen Nib"}],"event_choices":[{"damage_healed":0.0,"max_hp_gain":0.0,"max_hp_loss":0.0,"gold_gain":0.0,"event_name":"Mushrooms","player_choice":"Fought Mushrooms","floor":11.0,"gold_loss":0.0,"damage_taken":0.0},{"damage_healed":0,"gold_gain":0,"player_choice":"Ignored","damage_taken":0,"max_hp_gain":0,"max_hp_loss":0,"event_name":"Cursed Tome","floor":25,"gold_loss":0},{"damage_healed":0,"gold_gain":0,"player_choice":"Fought Bandits","damage_taken":0,"max_hp_gain":0,"max_hp_loss":0,"event_name":"Masked Bandits","floor":28,"gold_loss":0},{"damage_healed":0,"gold_gain":0,"player_choice":"Inject Mutagens","damage_taken":0,"relics_obtained":["MutagenicStrength"],"max_hp_gain":0,"max_hp_loss":0,"event_name":"Drug Dealer","floor":29,"gold_loss":0},{"damage_healed":0,"gold_gain":222,"player_choice":"Wore Mask","damage_taken":0,"max_hp_gain":0,"max_hp_loss":0,"event_name":"Tomb of Lord Red Mask","floor":36,"gold_loss":0},{"damage_healed":0,"gold_gain":0,"cards_transformed":["Strike_B"],"player_choice":"Transformed","damage_taken":0,"max_hp_gain":0,"max_hp_loss":0,"event_name":"Transmorgrifier","floor":37,"gold_loss":0,"cards_obtained":["Sunder"]}],"is_beta":true,"boss_relics":[{"not_picked":["Velvet Choker","Philosopher\u0027s Stone"],"picked":"Ectoplasm"},{"not_picked":["White Beast Statue","Eternal Feather"],"picked":"Fusion Hammer"}],"items_purged_floors":[22],"is_endless":false,"potions_floor_spawned":[3,4,5,8,10,19,20,21,28,33,42,45,47,48],"ascension_level":7}