{"gold_per_floor":[111,121,121,16,16,16,49,64,64,64,64,64,80,99,99,197,197,181,181],"floor_reached":19,"playtime":1132,"items_purged":["Strike_B"],"score":326,"play_id":"9a751206-82e9-492b-a0e1-300fa274b008","local_time":"20190721135055","is_ascension_mode":true,"campfire_choices":[{"floor":6,"key":"REST"},{"floor":11,"key":"REST"},{"floor":15,"key":"REST"}],"neow_cost":"NONE","seed_source_timestamp":0,"circlet_count":0,"master_deck":["AscendersBane","Strike_B","Defend_B","Defend_B","Defend_B","Defend_B","Zap","Dualcast","Rebound","Streamline","Coolheaded","Capacitor","Darkness","Seek","Conserve Battery","Creative AI+1"],"special_seed":0,"relics":["Cracked Core","Centennial Puzzle","WingedGreaves","Frozen Egg 2","Golden Idol","Busted Crown"],"potions_floor_usage":[7,18],"damage_taken":[{"damage":4,"enemies":"Small Slimes","floor":1,"turns":3},{"damage":6,"enemies":"2 Louse","floor":2,"turns":2},{"damage":38,"enemies":"3 Sentries","floor":7,"turns":6},{"damage":4,"enemies":"Cultist","floor":8,"turns":3},{"damage":8,"enemies":"2 Fungi Beasts","floor":13,"turns":4},{"damage":1,"enemies":"Looter","floor":14,"turns":4},{"damage":10,"enemies":"The Guardian","floor":16,"turns":12},{"damage":33,"enemies":"2 Thieves","floor":18,"turns":4},{"damage":32,"enemies":"3 Byrds","floor":19,"turns":3}],"seed_played":"-3317311285423135110","potions_obtained":[{"floor":2,"key":"Swift Potion"},{"floor":16,"key":"Poison Potion"}],"is_trial":false,"path_per_floor":["M","M","?","$","?","R","E","M","T","?","R","?","M","M","R","B",null,"M","M"],"character_chosen":"DEFECT","items_purchased":["Coolheaded"],"campfire_rested":3,"item_purchase_floors":[4],"current_hp_per_floor":[60,54,47,47,37,58,20,16,16,16,35,35,27,26,45,35,57,24,0],"gold":181,"neow_bonus":"RANDOM_COMMON_RELIC","is_prod":false,"is_daily":false,"chose_seed":false,"campfire_upgraded":0,"win_rate":0,"timestamp":1563731455,"path_taken":["M","M","?","$","?","R","E","?","T","?","R","?","M","M","R","BOSS","M","?"],"build_version":"2019-07-17","purchased_purges":1,"victory":false,"max_hp_per_floor":[71,71,71,71,71,71,71,71,71,64,64,64,64,64,64,64,64,64,64],"card_choices":[{"not_picked":["Static Discharge","Capacitor"],"picked":"Rebound","floor":1},{"not_picked":["Beam Cell","Double Energy"],"picked":"Streamline","floor":2},{"not_picked":["Ball Lightning","Hologram"],"picked":"Capacitor","floor":7},{"not_picked":["White Noise","Conserve Battery"],"picked":"Darkness","floor":8},{"not_picked":["Ball Lightning","Auto Shields"],"picked":"Seek","floor":13},{"not_picked":["Rip and Tear","Double Energy"],"picked":"Conserve Battery","floor":14},{"not_picked":["Rainbow","Core Surge"],"picked":"Creative AI+1","floor":16},{"not_picked":["Melter"],"picked":"SKIP","floor":18}],"player_experience":906972,"relics_obtained":[{"floor":7,"key":"WingedGreaves"},{"floor":9,"key":"Frozen Egg 2"}],"event_choices":[{"cards_removed":["Strike_B"],"damage_healed":0,"gold_gain":0,"player_choice":"Card Removal","damage_taken":7,"max_hp_gain":0,"max_hp_loss":0,"event_name":"Golden Wing","floor":3,"gold_loss":0},{"damage_healed":0,"gold_gain":0,"player_choice":"Damaged","damage_taken":10,"max_hp_gain":0,"max_hp_loss":0,"event_name":"Wheel of Change","floor":5,"gold_loss":0},{"damage_healed":0,"gold_gain":0,"player_choice":"Lose Max HP","damage_taken":0,"relics_obtained":["Golden Idol"],"max_hp_gain":0,"max_hp_loss":7,"event_name":"Golden Idol","floor":10,"gold_loss":0},{"cards_removed":["Strike_B"],"damage_healed":0,"gold_gain":0,"player_choice":"Purged","damage_taken":0,"max_hp_gain":0,"max_hp_loss":0,"event_name":"Purifier","floor":12,"gold_loss":0}],"is_beta":false,"boss_relics":[{"not_picked":["Sozu","Coffee Dripper"],"picked":"Busted Crown"}],"items_purged_floors":[4],"is_endless":false,"potions_floor_spawned":[2,16],"killed_by":"3 Byrds","ascension_level":19}