{"gold_per_floor":[111,2,2,14,114,143,156,171,171,127,127,154,165,182,182,287,287,306,70,82,10,28,28,46,46,46,64,64,80,111,127,127,222,222,240,259,259,259,274,304,304,304],"floor_reached":42,"playtime":5387,"items_purged":["Strike_B","All For One"],"score":531,"play_id":"01823056-9f43-4d02-b0e6-5156ce592efd","local_time":"20190702165621","is_ascension_mode":true,"campfire_choices":[{"floor":15.0,"key":"REST"},{"floor":23.0,"key":"REST"},{"data":"White Noise","floor":32.0,"key":"SMITH"},{"data":"Fusion","floor":41,"key":"SMITH"}],"neow_cost":"NONE","seed_source_timestamp":0,"circlet_count":0,"master_deck":["Strike_B","Strike_B","Defend_B","Defend_B+1","Defend_B","Defend_B","Zap","Dualcast","Panacea","Fusion+1","Lockon+1","Genetic Algorithm","Darkness","White Noise+1","Machine Learning+1","Hologram","Ball Lightning","Double Energy","Fission","Sweeping Beam+1","Self Repair+1","Finesse","Coolheaded","Self Repair+1","Reprogram","Aggregate","Compile Driver","FTL","Rainbow","Hologram+1","Cold Snap+1","Go for the Eyes+1"],"special_seed":0,"relics":["Cracked Core","Bag of Preparation","Frozen Egg 2","Letter Opener","Philosopher\u0027s Stone","Enchiridion","Bottled Tornado","Omamori","Inserter","Juzu Bracelet","Du-Vu Doll"],"potions_floor_usage":[],"damage_taken":[{"damage":0.0,"enemies":"Cultist","floor":1.0,"turns":4.0},{"damage":0.0,"enemies":"Small Slimes","floor":4.0,"turns":2.0},{"damage":28.0,"enemies":"Lagavulin","floor":6.0,"turns":6.0},{"damage":0.0,"enemies":"2 Louse","floor":7.0,"turns":1.0},{"damage":10.0,"enemies":"Gremlin Gang","floor":8.0,"turns":5.0},{"damage":12.0,"enemies":"Gremlin Nob","floor":12.0,"turns":4.0},{"damage":0.0,"enemies":"Large Slime","floor":13.0,"turns":5.0},{"damage":8.0,"enemies":"2 Fungi Beasts","floor":14.0,"turns":3.0},{"damage":8.0,"enemies":"Hexaghost","floor":16.0,"turns":9.0},{"damage":22.0,"enemies":"3 Byrds","floor":18.0,"turns":2.0},{"damage":32.0,"enemies":"Chosen","floor":20.0,"turns":5.0},{"damage":2.0,"enemies":"Sentry and Sphere","floor":22.0,"turns":3.0},{"damage":18.0,"enemies":"Centurion and Healer","floor":24.0,"turns":7.0},{"damage":7.0,"enemies":"3 Cultists","floor":27.0,"turns":4.0},{"damage":39.0,"enemies":"Sentry and Sphere","floor":29.0,"turns":6.0},{"damage":26.0,"enemies":"Slavers","floor":30.0,"turns":4.0},{"damage":14.0,"enemies":"Centurion and Healer","floor":31.0,"turns":5.0},{"damage":37.0,"enemies":"Collector","floor":33.0,"turns":8.0},{"damage":18,"enemies":"Orb Walker","floor":35,"turns":4},{"damage":0,"enemies":"3 Shapes","floor":36,"turns":2},{"damage":23,"enemies":"Spire Growth","floor":39,"turns":5},{"damage":21,"enemies":"Reptomancer","floor":40,"turns":5},{"damage":81,"enemies":"Nemesis","floor":42,"turns":4}],"seed_played":"721926484178677361","potions_obtained":[{"floor":4.0,"key":"Energy Potion"},{"floor":6.0,"key":"Poison Potion"},{"floor":12.0,"key":"EssenceOfSteel"},{"floor":14.0,"key":"AttackPotion"},{"floor":22.0,"key":"SteroidPotion"},{"floor":29.0,"key":"Energy Potion"},{"floor":31.0,"key":"EssenceOfSteel"},{"floor":36,"key":"SpeedPotion"}],"is_trial":false,"path_per_floor":["M","$","?","M","?","E","M","M","T","?","?","E","M","M","R","B",null,"M","$","M","$","M","R","M","?","T","M","?","M","E","M","R","B",null,"M","M","?","?","M","E","R","E"],"character_chosen":"DEFECT","items_purchased":["Lockon","Self Repair+1","Finesse","Self Repair+1"],"campfire_rested":2,"item_purchase_floors":[2,19,19,21],"current_hp_per_floor":[75,75,60,60,60,32,32,22,22,22,22,10,10,2,24,16,75,53,53,31,31,49,71,73,57,57,70,70,51,45,51,51,24,75,75,75,71,71,68,67,67,0],"gold":304,"neow_bonus":"RANDOM_COLORLESS","is_prod":false,"is_daily":false,"chose_seed":false,"campfire_upgraded":2,"win_rate":0,"timestamp":1562111781,"path_taken":["M","?","?","M","?","E","?","M","T","?","?","E","?","M","R","BOSS","M","$","?","?","M","R","M","?","T","M","?","?","E","M","R","BOSS","M","M","?","?","M","E","R","E"],"build_version":"2019-07-01","purchased_purges":2,"victory":false,"max_hp_per_floor":[75,75,75,75,75,75,75,75,75,75,75,75,75,75,75,75,75,75,75,75,75,75,75,75,75,75,75,75,75,75,75,75,75,75,75,75,71,71,71,71,71,71],"card_choices":[{"not_picked":["Force Field","Doom and Gloom"],"picked":"Fusion","floor":1.0},{"not_picked":["Cold Snap","Beam Cell"],"picked":"Genetic Algorithm","floor":4.0},{"not_picked":["Streamline","Defragment"],"picked":"All For One","floor":6.0},{"not_picked":["Recycle","Undo"],"picked":"Darkness","floor":7.0},{"not_picked":["Gash","Streamline"],"picked":"White Noise","floor":8.0},{"not_picked":["Genetic Algorithm","Barrage"],"picked":"Hologram","floor":12.0},{"not_picked":["Redo","Barrage"],"picked":"Ball Lightning","floor":13.0},{"not_picked":["Hello World+1","Rebound"],"picked":"Double Energy","floor":14.0},{"not_picked":["All For One","Thunder Strike"],"picked":"Fission","floor":16.0},{"not_picked":["Hello World+1","Chaos"],"picked":"Sweeping Beam+1","floor":18.0},{"not_picked":["Undo","Ball Lightning"],"picked":"Coolheaded","floor":20.0},{"not_picked":["Conserve Battery","Hologram","Streamline"],"picked":"SKIP","floor":22.0},{"not_picked":["Beam Cell","Conserve Battery"],"picked":"Reprogram","floor":24.0},{"not_picked":["Stack","Thunder Strike","Rip and Tear"],"picked":"SKIP","floor":27.0},{"not_picked":["Go for the Eyes","Cold Snap"],"picked":"Compile Driver","floor":29.0},{"not_picked":["Beam Cell","Hologram"],"picked":"FTL","floor":30.0},{"not_picked":["Barrage","Coolheaded","Beam Cell"],"picked":"SKIP","floor":31.0},{"not_picked":["Hyperbeam","Thunder Strike"],"picked":"Rainbow","floor":33.0},{"not_picked":["Cold Snap","Barrage+1"],"picked":"Hologram+1","floor":35},{"not_picked":["Self Repair+1","Streamline","Recycle"],"picked":"SKIP","floor":36},{"not_picked":["Steam+1","Sweeping Beam+1"],"picked":"Cold Snap+1","floor":39},{"not_picked":["Thunder Strike","Capacitor+1"],"picked":"Go for the Eyes+1","floor":40}],"player_experience":125044,"relics_obtained":[{"floor":6.0,"key":"Bag of Preparation"},{"floor":9.0,"key":"Frozen Egg 2"},{"floor":12.0,"key":"Letter Opener"},{"floor":25.0,"key":"Enchiridion"},{"floor":26.0,"key":"Bottled Tornado"},{"floor":30.0,"key":"Omamori"},{"floor":40,"key":"Du-Vu Doll"}],"event_choices":[{"damage_healed":0.0,"max_hp_gain":0.0,"max_hp_loss":0.0,"gold_gain":0.0,"event_name":"Shining Light","player_choice":"Entered Light","floor":3.0,"gold_loss":0.0,"damage_taken":15.0,"cards_upgraded":["Defend_B","Lockon"]},{"damage_healed":0.0,"max_hp_gain":0.0,"max_hp_loss":0.0,"gold_gain":100.0,"event_name":"Wheel of Change","player_choice":"Gold","floor":5.0,"gold_loss":0.0,"damage_taken":0.0},{"damage_healed":0.0,"max_hp_gain":0.0,"max_hp_loss":0.0,"gold_gain":0.0,"event_name":"World of Goop","player_choice":"Left Gold","floor":10.0,"gold_loss":44.0,"damage_taken":0.0},{"damage_healed":0.0,"max_hp_gain":0.0,"max_hp_loss":0.0,"gold_gain":0.0,"cards_transformed":["Strike_B"],"event_name":"Transmorgrifier","player_choice":"Transformed","floor":11.0,"gold_loss":0.0,"damage_taken":0.0,"cards_obtained":["Machine Learning"]},{"damage_healed":0.0,"max_hp_gain":0.0,"max_hp_loss":0.0,"gold_gain":0.0,"event_name":"Cursed Tome","player_choice":"Obtained Book","floor":25.0,"gold_loss":0.0,"damage_taken":16.0},{"damage_healed":0.0,"max_hp_gain":0.0,"max_hp_loss":0.0,"gold_gain":0.0,"event_name":"The Library","player_choice":"Read","floor":28.0,"gold_loss":0.0,"damage_taken":0.0,"cards_obtained":["Aggregate"]},{"damage_healed":0,"gold_gain":0,"player_choice":"Max HP","damage_taken":0,"max_hp_gain":0,"max_hp_loss":4,"event_name":"Winding Halls","floor":37,"gold_loss":0},{"damage_healed":0,"gold_gain":0,"player_choice":"Gave Potion","damage_taken":0,"relics_obtained":["Juzu Bracelet"],"max_hp_gain":0,"max_hp_loss":0,"event_name":"WeMeetAgain","floor":38,"gold_loss":0}],"is_beta":false,"boss_relics":[{"not_picked":["Sozu","Black Star"],"picked":"Philosopher\u0027s Stone"},{"not_picked":["White Beast Statue","FrozenCore"],"picked":"Inserter"}],"items_purged_floors":[2,19],"is_endless":false,"potions_floor_spawned":[4,6,12,14,22,29,31,36],"killed_by":"Nemesis","ascension_level":3}