{"gold_per_floor":[113,113,38,51,51,51,90,90,90,104,104,104,104,124,124,250,250,268,268,14,38,56,90,90,115,115,115,15,58,78,177,177,306,306,320,14,0,16,40,40,56,56,56,81,95,95,109,109,109,109],"floor_reached":51,"playtime":2520,"items_purged":["Strike_R","Strike_R"],"score":1076,"play_id":"eaf92589-47a5-4805-8e31-899dd68f0dd4","local_time":"20181003005459","is_ascension_mode":true,"campfire_choices":[{"data":"Bash","floor":6.0,"key":"SMITH"},{"data":"Limit Break","floor":8.0,"key":"SMITH"},{"data":"Cleave","floor":12.0,"key":"SMITH"},{"data":"Whirlwind","floor":15.0,"key":"SMITH"},{"floor":24.0,"key":"REST"},{"floor":27.0,"key":"REST"},{"floor":32.0,"key":"REST"},{"floor":40.0,"key":"REST"},{"floor":46.0,"key":"REST"},{"floor":49.0,"key":"REST"}],"neow_cost":"NONE","seed_source_timestamp":1841807010108882,"circlet_count":0,"master_deck":["Strike_R","Defend_R","Defend_R","Defend_R","Defend_R","Bash+1","AscendersBane","Cleave+1","Headbutt","Limit Break+1","Thunderclap","Whirlwind+1","Bludgeon","Evolve","True Grit","Shrug It Off","Shrug It Off","Flame Barrier+1","Offering+1","Shrug It Off+1","Warcry+1","Bandage Up+1","Master of Strategy+1","Finesse+1","Spot Weakness+1"],"special_seed":0,"relics":["Burning Blood","Golden Idol","Mercury Hourglass","Ornamental Fan","Regal Pillow","Fusion Hammer","Chemical X","Boot","Dodecahedron","Toxic Egg 2","Velvet Choker","Shuriken","Red Mask","Sundial"],"potions_floor_usage":[50,50],"damage_taken":[{"damage":10.0,"enemies":"Cultist","floor":1.0,"turns":5.0},{"damage":9.0,"enemies":"Jaw Worm","floor":4.0,"turns":4.0},{"damage":20.0,"enemies":"3 Sentries","floor":7.0,"turns":8.0},{"damage":0.0,"enemies":"2 Louse","floor":10.0,"turns":2.0},{"damage":0.0,"enemies":"Lots of Slimes","floor":14.0,"turns":1.0},{"damage":27.0,"enemies":"Slime Boss","floor":16.0,"turns":9.0},{"damage":2.0,"enemies":"Chosen","floor":18.0,"turns":3.0},{"damage":9.0,"enemies":"Shell Parasite","floor":21.0,"turns":3.0},{"damage":0.0,"enemies":"Cultist and Chosen","floor":22.0,"turns":3.0},{"damage":30.0,"enemies":"Gremlin Leader","floor":23.0,"turns":5.0},{"damage":0.0,"enemies":"Snake Plant","floor":25.0,"turns":2.0},{"damage":40.0,"enemies":"Slavers","floor":29.0,"turns":3.0},{"damage":8.0,"enemies":"3 Cultists","floor":30.0,"turns":3.0},{"damage":65.0,"enemies":"Automaton","floor":33.0,"turns":10.0},{"damage":0.0,"enemies":"3 Darklings","floor":35.0,"turns":1.0},{"damage":13.0,"enemies":"3 Shapes","floor":38.0,"turns":2.0},{"damage":15.0,"enemies":"Spire Growth","floor":39.0,"turns":4.0},{"damage":2.0,"enemies":"4 Shapes","floor":41.0,"turns":2.0},{"damage":14.0,"enemies":"Reptomancer","floor":44.0,"turns":3.0},{"damage":16.0,"enemies":"Sphere and 2 Shapes","floor":45.0,"turns":3.0},{"damage":55.0,"enemies":"Transient","floor":47.0,"turns":5.0},{"damage":58,"enemies":"Donu and Deca","floor":50,"turns":6}],"seed_played":"7843949771809260117","potions_obtained":[{"floor":4.0,"key":"SkillPotion"},{"floor":14.0,"key":"Block Potion"},{"floor":18.0,"key":"Poison Potion"},{"floor":23.0,"key":"FearPotion"},{"floor":29.0,"key":"SkillPotion"},{"floor":35.0,"key":"Block Potion"},{"floor":39.0,"key":"Ancient Potion"},{"floor":47.0,"key":"AttackPotion"}],"is_trial":false,"path_per_floor":["M","?","$","M","?","R","E","R","T","M","?","R","T","M","R","B",null,"M","?","$","M","M","E","R","M","T","R","$","E","M","?","R","B",null,"M","$","?","M","M","R","M","?","T","M","M","R","M","?","R","B"],"character_chosen":"IRONCLAD","items_purchased":["Chemical X","Shrug It Off","Shuriken","Shrug It Off+1"],"campfire_rested":6,"item_purchase_floors":[20,20,36,36],"current_hp_per_floor":[68,68,68,65,70,70,56,56,56,62,62,62,62,68,68,47,71,75,75,75,72,78,54,79,79,79,79,79,45,43,43,79,20,64,70,70,70,63,54,79,79,69,69,67,63,79,30,30,68,22],"gold":109,"neow_bonus":"REMOVE_CARD","is_prod":false,"is_daily":false,"chose_seed":false,"campfire_upgraded":4,"win_rate":0,"timestamp":1538542499,"path_taken":["M","?","$","M","?","R","E","R","T","M","?","R","?","M","R","BOSS","M","?","$","M","M","E","R","M","T","R","$","E","M","?","R","BOSS","M","$","?","M","M","R","M","?","T","?","M","R","M","?","R","BOSS"],"build_version":"2018-09-27","purchased_purges":2,"victory":true,"max_hp_per_floor":[80,74,74,74,79,79,79,79,79,79,79,79,79,79,79,79,79,79,79,79,79,79,79,79,79,79,79,79,79,79,79,79,79,79,79,79,79,79,79,79,79,79,79,79,79,79,79,79,79,79],"card_choices":[{"not_picked":["Warcry","Anger"],"picked":"Cleave","floor":1.0},{"not_picked":["Shrug It Off","Thunderclap"],"picked":"Headbutt","floor":4.0},{"not_picked":["Perfected Strike","Clash"],"picked":"Limit Break","floor":7.0},{"not_picked":["Headbutt","Infernal Blade"],"picked":"Thunderclap","floor":10.0},{"not_picked":["Sword Boomerang","Fire Breathing"],"picked":"Whirlwind","floor":14.0},{"not_picked":["Fiend Fire","Dark Embrace"],"picked":"Bludgeon","floor":16.0},{"not_picked":["Headbutt+1","Anger"],"picked":"Evolve","floor":18.0},{"not_picked":["True Grit+1","Twin Strike"],"picked":"Shrug It Off","floor":21.0},{"not_picked":["Clothesline","Pommel Strike+1","Brutality"],"picked":"SKIP","floor":22.0},{"not_picked":["Pommel Strike+1","Clothesline","Cleave"],"picked":"SKIP","floor":23.0},{"not_picked":["Sever Soul","Wild Strike","Whirlwind+1"],"picked":"SKIP","floor":25.0},{"not_picked":["Cleave","Wild Strike","Iron Wave"],"picked":"SKIP","floor":29.0},{"not_picked":["Cleave","Rupture"],"picked":"Flame Barrier+1","floor":30.0},{"not_picked":["Impervious+1","Reaper"],"picked":"Offering+1","floor":33.0},{"not_picked":["Dropkick+1","Intimidate+1","Headbutt"],"picked":"SKIP","floor":35.0},{"not_picked":["Clash+1","Dual Wield+1"],"picked":"Warcry+1","floor":38.0},{"not_picked":["Sword Boomerang+1","Fire Breathing+1","Headbutt"],"picked":"SKIP","floor":39.0},{"not_picked":["Immolate","Havoc+1","Intimidate+1"],"picked":"SKIP","floor":41.0},{"not_picked":["Deep Breath+1","Dramatic Entrance"],"picked":"Bandage Up+1","floor":42.0},{"not_picked":["Flash of Steel","Chrysalis+1"],"picked":"Master of Strategy+1","floor":42.0},{"not_picked":["Deep Breath+1","Mind Blast"],"picked":"Finesse+1","floor":42.0},{"not_picked":["Dropkick","Headbutt+1","Sword Boomerang"],"picked":"SKIP","floor":44.0},{"not_picked":["Cleave","Heavy Blade","Blood for Blood"],"picked":"SKIP","floor":45.0},{"not_picked":["Armaments+1","Cleave+1"],"picked":"Spot Weakness+1","floor":47.0}],"player_experience":438161,"relics_obtained":[{"floor":7.0,"key":"Mercury Hourglass"},{"floor":9.0,"key":"Ornamental Fan"},{"floor":13.0,"key":"Regal Pillow"},{"floor":23.0,"key":"Boot"},{"floor":26.0,"key":"Dodecahedron"},{"floor":29.0,"key":"Toxic Egg 2"},{"floor":43.0,"key":"Sundial"}],"event_choices":[{"event_name":"Golden Idol","player_choice":"Lose Max HP","floor":2.0,"damage_taken":0.0},{"event_name":"Big Fish","player_choice":"Donut","floor":5.0,"damage_taken":0.0},{"event_name":"Bonfire Elementals","player_choice":"BASIC","floor":11.0,"damage_taken":0.0},{"event_name":"The Library","player_choice":"Read","floor":19.0,"damage_taken":0.0},{"event_name":"Nest","player_choice":"Stole From Cult","floor":31.0,"damage_taken":0.0},{"event_name":"Tomb of Lord Red Mask","player_choice":"Paid","floor":37.0,"damage_taken":0.0},{"event_name":"SensoryStone","player_choice":"Memory 3","floor":42.0,"damage_taken":0.0},{"event_name":"SecretPortal","player_choice":"Rejected Portal.","floor":48.0,"damage_taken":0.0}],"is_beta":false,"boss_relics":[{"not_picked":["Philosopher\u0027s Stone","Runic Cube"],"picked":"Fusion Hammer"},{"not_picked":["Busted Crown","Orrery"],"picked":"Velvet Choker"}],"items_purged_floors":[3,28],"is_endless":false,"potions_floor_spawned":[4,14,18,23,29,35,39,47],"ascension_level":11}