{"path_per_floor":["M","?","?","$","?","E","R","M","T","M","R","?","R","E","R","B",null,"M","?","M","?","$","E","R","E","T","M","?","?","M","$","R","B",null,"M","M","$","M","?","R","E","M","T","E","$","M","M","E","R","B"],"character_chosen":"IRONCLAD","items_purchased":["Dexterity Potion","Whirlwind"],"gold_per_floor":[113,113,113,38,3,33,33,43,119,137,137,137,137,169,169,265,265,278,178,191,191,91,120,120,152,207,218,218,218,233,58,58,156,156,174,189,112,124,0,0,32,52,103,133,133,150,163,188,188,188],"floor_reached":51,"campfire_rested":3,"playtime":4947,"current_hp_per_floor":[80,68,68,68,80,39,63,69,69,75,75,75,75,74,74,24,80,80,80,78,78,78,55,55,27,27,33,33,33,39,39,78,10,80,80,74,74,66,66,66,69,72,72,71,71,74,77,56,87,66],"items_purged":["Strike_R","Defend_R","Strike_R"],"gold":188,"play_id":"7e928a8d-a827-486f-b4c0-8f747b770b1a","is_prod":false,"is_daily":false,"is_ascension_mode":true,"campfire_upgraded":5,"path_taken":["M","?","?","$","?","E","R","M","T","?","R","?","R","E","R","BOSS","M","?","M","?","$","E","R","E","T","M","?","?","M","$","R","BOSS","M","M","$","M","?","R","E","M","T","E","?","M","?","E","R","BOSS"],"build_version":"2018-01-25-PROD3","purchased_purges":5,"victory":true,"master_deck":["Strike_R","Strike_R","Defend_R","Defend_R","Defend_R+1","Bash+1","True Grit+1","Double Tap+1","Clash","Clash+1","Headbutt","Limit Break+1","Battle Trance","J.A.X.+1","Shrug It Off+1","Pommel Strike+1","Flex","Heavy Blade+1","Berserk","Whirlwind+1","Parasite","Reaper","Shrug It Off+1","True Grit+1"],"max_hp_per_floor":[80,80,80,80,80,80,80,80,80,80,80,80,80,80,80,80,80,80,80,80,80,80,80,80,80,80,80,80,80,80,80,80,80,80,80,80,80,80,80,80,80,80,80,80,80,80,80,87,87,87],"relics":["Burning Blood","Dream Catcher","Bag of Preparation","Lantern","Matryoshka","Bottled Lightning","Black Star","Happy Flower","Oddly Smooth Stone","Regal Pillow","Pen Nib","Tiny Chest","Anchor","Cursed Key","Red Mask","Whetstone","Ancient Tea Set","Molten Egg","Bronze Scales","Omamori","Bag of Marbles","Strawberry","Orichalcum"],"card_choices":[{"not_picked":["Burning Pact","Havoc"],"picked":"True Grit"},{"not_picked":["Iron Wave","Dual Wield"],"picked":"Double Tap"},{"not_picked":["Thunderclap","Warcry"],"picked":"Clash"},{"not_picked":["True Grit","Cleave"],"picked":"Clash"},{"not_picked":["Feel No Pain","Thunderclap"],"picked":"Headbutt"},{"not_picked":["Juggernaut","Immolate"],"picked":"Limit Break"},{"not_picked":["Anger","Sentinel"],"picked":"Battle Trance"},{"not_picked":["Intimidate","Sever Soul"],"picked":"Shrug It Off"},{"not_picked":["Heavy Blade","Sword Boomerang"],"picked":"Flex"},{"not_picked":["Clothesline","Double Tap"],"picked":"Heavy Blade"},{"not_picked":["Feed","Juggernaut"],"picked":"Berserk"},{"not_picked":["Infernal Blade","Rampage"],"picked":"Reaper"},{"not_picked":["Wild Strike","Bloodletting"],"picked":"Shrug It Off"},{"not_picked":["Clash","Reckless Charge"],"picked":"True Grit"}],"player_experience":155613,"potions_floor_usage":[48,48,50],"damage_taken":[{"damage":4.0,"enemies":"Small Slimes","floor":1.0,"turns":3.0},{"damage":47.0,"enemies":"3 Sentries","floor":6.0,"turns":11.0},{"damage":0.0,"enemies":"Jaw Worm","floor":8.0,"turns":1.0},{"damage":0.0,"enemies":"2 Louse","floor":10.0,"turns":2.0},{"damage":7.0,"enemies":"Gremlin Nob","floor":14.0,"turns":3.0},{"damage":56.0,"enemies":"Hexaghost","floor":16.0,"turns":11.0},{"damage":0.0,"enemies":"Chosen","floor":18.0,"turns":4.0},{"damage":8.0,"enemies":"Spheric Guardian","floor":20.0,"turns":3.0},{"damage":35.0,"enemies":"Gremlin Leader","floor":23.0,"turns":4.0},{"damage":34.0,"enemies":"Slavers","floor":25.0,"turns":7.0},{"damage":0.0,"enemies":"Centurion and Healer","floor":27.0,"turns":5.0},{"damage":0.0,"enemies":"Snecko","floor":30.0,"turns":3.0},{"damage":74.0,"enemies":"Champ","floor":33.0,"turns":8.0},{"damage":3.0,"enemies":"Orb Walker","floor":35.0,"turns":1.0},{"damage":12.0,"enemies":"3 Shapes","floor":36.0,"turns":6.0},{"damage":14.0,"enemies":"Maw","floor":38.0,"turns":6.0},{"damage":3.0,"enemies":"Giant Head","floor":41.0,"turns":5.0},{"damage":3.0,"enemies":"3 Darklings","floor":42.0,"turns":3.0},{"damage":7.0,"enemies":"2 Orb Walkers","floor":44.0,"turns":4.0},{"damage":3.0,"enemies":"Sphere and 2 Shapes","floor":46.0,"turns":3.0},{"damage":8.0,"enemies":"Maw","floor":47.0,"turns":3.0},{"damage":34,"enemies":"Nemesis","floor":48,"turns":4},{"damage":27,"enemies":"Awakened One","floor":50,"turns":8}],"event_choices":[{"event_name":"Scrap Ooze","player_choice":"success","floor":2.0,"damage_taken":12.0},{"event_name":"Upgrade Shrine","player_choice":"Upgraded","floor":3.0,"damage_taken":0.0},{"event_name":"The Cleric","player_choice":"Healed","floor":5.0,"damage_taken":0.0},{"event_name":"The Lab","player_choice":"Got Potions","floor":12.0,"damage_taken":0.0},{"event_name":"Drug Dealer","player_choice":"Got JAXXED","floor":19.0,"damage_taken":0.0},{"event_name":"Transmorgrifier","player_choice":"Transform","floor":21.0,"damage_taken":0.0},{"event_name":"Vampires","player_choice":"Ignored","floor":28.0,"damage_taken":0.0},{"event_name":"Cursed Tome","player_choice":"Ignored","floor":29.0,"damage_taken":0.0},{"event_name":"Tomb of Lord Red Mask","player_choice":"Paid","floor":39.0,"damage_taken":0.0}],"boss_relics":[],"potions_floor_spawned":[8,14,16,25,33,36,44,46,48],"seed_played":"1612445419298243727","ascension_level":1,"is_trial":false}