{"gold_per_floor":[213,232,246,226,241,241,253,253,253,280,298,298,20,35,35,132,132,116,116,116,116,130,130,130],"floor_reached":24,"playtime":1658,"items_purged":[],"score":277,"play_id":"959dd312-54d7-4b41-b663-d7102eaa7a88","local_time":"20190729001842","is_ascension_mode":true,"campfire_choices":[{"floor":6,"key":"REST"},{"data":"Cloak And Dagger","floor":8,"key":"SMITH"},{"data":"Neutralize","floor":12,"key":"SMITH"},{"data":"Panacea","floor":15,"key":"SMITH"},{"data":"A Thousand Cuts","floor":23,"key":"SMITH"}],"neow_cost":"NONE","seed_source_timestamp":405677278650410,"circlet_count":0,"master_deck":["Strike_G","Strike_G","Strike_G","Defend_G","Defend_G","Defend_G","Defend_G","Survivor","Neutralize+1","Cloak And Dagger+1","Backflip","Outmaneuver","Blade Dance","Endless Agony","Bullet Time","Caltrops","Panacea+1","Blur","A Thousand Cuts+1","Backstab+1","After Image+1","Sucker Punch+1","J.A.X."],"relics":["Ring of the Snake","Question Card","Singing Bowl","Oddly Smooth Stone","Astrolabe","Blood Vial"],"potions_floor_usage":[5,7,10,16,16],"damage_taken":[{"damage":10,"enemies":"Cultist","floor":1,"turns":5},{"damage":2,"enemies":"Small Slimes","floor":2,"turns":4},{"damage":1,"enemies":"Jaw Worm","floor":3,"turns":5},{"damage":10,"enemies":"Large Slime","floor":5,"turns":11},{"damage":2,"enemies":"Looter","floor":7,"turns":4},{"damage":27,"enemies":"3 Sentries","floor":10,"turns":10},{"damage":1,"enemies":"3 Louse","floor":11,"turns":3},{"damage":0,"enemies":"Blue Slaver","floor":14,"turns":3},{"damage":17,"enemies":"The Guardian","floor":16,"turns":14},{"damage":19,"enemies":"2 Thieves","floor":18,"turns":5},{"damage":0,"enemies":"3 Byrds","floor":22,"turns":6},{"damage":34,"enemies":"Book of Stabbing","floor":24,"turns":8}],"seed_played":"206144085644153414","potions_obtained":[{"floor":2,"key":"LiquidBronze"},{"floor":3,"key":"SteroidPotion"},{"floor":4,"key":"AttackPotion"},{"floor":10,"key":"Strength Potion"},{"floor":11,"key":"SneckoOil"}],"is_trial":false,"path_per_floor":["M","M","M","?","M","R","M","R","T","E","M","R","$","M","R","B",null,"M","?","?","?","M","R","E"],"character_chosen":"THE_SILENT","items_purchased":["Caltrops","Oddly Smooth Stone","Panacea"],"campfire_rested":1,"item_purchase_floors":[13,13,13],"current_hp_per_floor":[53,51,50,50,40,61,59,59,59,32,33,33,33,33,33,16,58,41,41,41,27,31,31,0],"gold":130,"neow_bonus":"HUNDRED_GOLD","is_prod":false,"is_daily":false,"chose_seed":false,"campfire_upgraded":4,"win_rate":0,"timestamp":1564384722,"path_taken":["M","M","?","?","?","R","M","R","T","E","M","R","$","M","R","BOSS","M","?","?","?","M","R","E"],"build_version":"2019-07-17","purchased_purges":0,"victory":false,"max_hp_per_floor":[70,70,70,70,70,70,70,70,70,70,72,72,72,72,72,72,72,74,74,74,79,81,81,81],"card_choices":[{"not_picked":["Sucker Punch","Blade Dance"],"picked":"Cloak And Dagger","floor":1},{"not_picked":["Expertise","Dodge and Roll"],"picked":"Backflip","floor":2},{"not_picked":["Concentrate","Dagger Spray"],"picked":"Outmaneuver","floor":3},{"not_picked":["Underhanded Strike","Prepared"],"picked":"Blade Dance","floor":5},{"not_picked":["Prepared","Deadly Poison"],"picked":"Endless Agony","floor":7},{"not_picked":["Setup","Underhanded Strike","Concentrate"],"picked":"Bullet Time","floor":10},{"not_picked":["Outmaneuver","Blade Dance","Concentrate","Cloak And Dagger"],"picked":"Singing Bowl","floor":11},{"not_picked":["Bouncing Flask","Deflect","Setup"],"picked":"Blur","floor":14},{"not_picked":["Venomology","Burst","Unload"],"picked":"A Thousand Cuts","floor":16},{"not_picked":["Bane","Dagger Throw","Quick Slash","Sucker Punch"],"picked":"Singing Bowl","floor":18},{"not_picked":["Calculated Gamble","Prepared+1","Setup","Outmaneuver"],"picked":"Singing Bowl","floor":22}],"player_experience":415802,"relics_obtained":[{"floor":9,"key":"Question Card"},{"floor":10,"key":"Singing Bowl"}],"event_choices":[{"damage_healed":0,"gold_gain":0,"player_choice":"Bought 1 Potion","damage_taken":0,"max_hp_gain":0,"max_hp_loss":0,"event_name":"The Woman in Blue","floor":4,"gold_loss":0},{"damage_healed":0,"gold_gain":0,"player_choice":"Opened","damage_taken":0,"relics_obtained":["Blood Vial"],"max_hp_gain":0,"max_hp_loss":0,"event_name":"The Mausoleum","floor":19,"gold_loss":0},{"damage_healed":0,"gold_gain":0,"player_choice":"Obtain J.A.X.","damage_taken":0,"max_hp_gain":0,"max_hp_loss":0,"event_name":"Drug Dealer","floor":20,"gold_loss":0,"cards_obtained":["J.A.X."]},{"damage_healed":0,"gold_gain":0,"player_choice":"Shed Blood","damage_taken":19,"max_hp_gain":5,"max_hp_loss":0,"event_name":"Forgotten Altar","floor":21,"gold_loss":0}],"is_beta":false,"boss_relics":[{"not_picked":["Velvet Choker","Fusion Hammer"],"picked":"Astrolabe"}],"items_purged_floors":[],"is_endless":false,"potions_floor_spawned":[2,3,10,11],"killed_by":"Book of Stabbing","ascension_level":8}