{"gold_per_floor":[114,289,289,289,306,333,333,26,26,26],"floor_reached":10,"playtime":506,"items_purged":[],"score":102,"play_id":"3cafd520-1265-480c-ae7a-f35ce5f87ac2","local_time":"20190710142203","is_ascension_mode":true,"campfire_choices":[{"data":"Redo","floor":7,"key":"SMITH"}],"neow_cost":"NONE","seed_source_timestamp":95841055146802,"circlet_count":0,"master_deck":["AscendersBane","Strike_B","Strike_B","Strike_B","Strike_B","Defend_B","Defend_B","Defend_B","Defend_B","Zap","Dualcast","Redo+1","Doubt","Regret","Reprogram","Conserve Battery","Lockon","Static Discharge"],"relics":["Cracked Core","Pen Nib","Regal Pillow","Symbiotic Virus","Ancient Tea Set","DataDisk","Oddly Smooth Stone"],"potions_floor_usage":[6],"damage_taken":[{"damage":4,"enemies":"Jaw Worm","floor":1,"turns":5},{"damage":5,"enemies":"Small Slimes","floor":5,"turns":4},{"damage":25,"enemies":"3 Sentries","floor":6,"turns":4},{"damage":27,"enemies":"Lagavulin","floor":10,"turns":4}],"seed_played":"5033609470978925113","potions_obtained":[{"floor":5,"key":"FocusPotion"}],"is_trial":false,"path_per_floor":["M","?","?","?","M","E","R","$","T","E"],"character_chosen":"DEFECT","items_purchased":["DataDisk","Lockon","Static Discharge"],"campfire_rested":0,"item_purchase_floors":[8,8,8],"current_hp_per_floor":[64,64,64,57,52,27,27,27,27,0],"gold":26,"neow_bonus":"RANDOM_COMMON_RELIC","is_prod":false,"is_daily":false,"chose_seed":false,"campfire_upgraded":1,"win_rate":0,"timestamp":1562782923,"path_taken":["M","?","?","?","M","E","R","?","T","E"],"build_version":"2019-07-05","purchased_purges":0,"victory":false,"max_hp_per_floor":[75,75,75,75,75,75,75,75,75,75],"card_choices":[{"not_picked":["Hologram","Stack"],"picked":"Redo","floor":1},{"not_picked":["Undo","Compile Driver"],"picked":"Reprogram","floor":5},{"not_picked":["Leap","Beam Cell"],"picked":"Conserve Battery","floor":6}],"player_experience":867990,"relics_obtained":[{"floor":6,"key":"Ancient Tea Set"},{"floor":9,"key":"Oddly Smooth Stone"}],"event_choices":[{"damage_healed":0,"gold_gain":175,"player_choice":"AGREE","damage_taken":0,"max_hp_gain":0,"max_hp_loss":0,"event_name":"Liars Game","floor":2,"gold_loss":0,"cards_obtained":["Doubt"]},{"damage_healed":0,"gold_gain":0,"player_choice":"Box","damage_taken":0,"relics_obtained":["Regal Pillow"],"max_hp_gain":0,"max_hp_loss":0,"event_name":"Big Fish","floor":3,"gold_loss":0,"cards_obtained":["Regret"]},{"damage_healed":0,"gold_gain":0,"player_choice":"Success","damage_taken":7,"relics_obtained":["Symbiotic Virus"],"max_hp_gain":0,"max_hp_loss":0,"event_name":"Scrap Ooze","floor":4,"gold_loss":0}],"is_beta":false,"boss_relics":[],"items_purged_floors":[],"is_endless":false,"potions_floor_spawned":[5],"killed_by":"Lagavulin","ascension_level":12}