{"path_per_floor":["M","$","?","M","?","R","M","M","T","M","M","M","R","E","R","B",null,"M","M","?","M","M"],"character_chosen":"IRONCLAD","items_purchased":["Offering"],"gold_per_floor":[114,45,120,140,140,140,163,186,186,205,228,241,241,282,282,410,410,423,448,448,463,486],"floor_reached":23,"campfire_rested":0,"playtime":62956,"current_hp_per_floor":[80,80,69,69,69,69,70,65,65,67,73,67,67,62,62,33,74,67,53,51,39,37],"items_purged":[],"gold":486,"play_id":"e5f644fc-cc9e-4794-8d29-1ac270e75dcf","is_prod":false,"is_daily":false,"is_ascension_mode":false,"campfire_upgraded":3,"path_taken":["M","$","?","?","?","R","?","M","T","M","M","M","R","E","R","BOSS","M","M","?","?","M","E"],"build_version":"2018-01-25-PROD3","purchased_purges":0,"victory":false,"master_deck":["Defend_R","Defend_R","Defend_R","Defend_R","Bash+1","Intimidate","Offering","Shrug It Off+1","Intimidate","True Grit+1","Armaments+1","Cleave","Limit Break","Exhume","Burning Pact","Whirlwind+1","Bite_R","Bite_R","Bite_R","Bite_R","Bite_R","Battle Trance","Feel No Pain"],"max_hp_per_floor":[80,80,80,80,74,74,74,74,74,74,74,74,74,74,74,74,74,74,74,51,51,51],"relics":["Burning Blood","Golden Idol","Red Skull","Calipers","Cursed Key"],"card_choices":[{"not_picked":["Warcry","Corruption"],"picked":"Intimidate"},{"not_picked":["Anger","Pommel Strike"],"picked":"Shrug It Off"},{"not_picked":["Power Through","Thunderclap"],"picked":"Intimidate"},{"not_picked":["Heavy Blade","Bludgeon"],"picked":"True Grit"},{"not_picked":["Rupture","Twin Strike"],"picked":"Armaments"},{"not_picked":["Clash","True Grit"],"picked":"Cleave"},{"not_picked":["Havoc","Clash"],"picked":"Limit Break"},{"not_picked":["Brutality","Immolate"],"picked":"Exhume"},{"not_picked":["Rampage","Cleave"],"picked":"Burning Pact"},{"not_picked":["Sentinel","Searing Blow"],"picked":"Whirlwind"},{"not_picked":["Wild Strike","Heavy Blade"],"picked":"Battle Trance"},{"not_picked":["Flame Barrier","Combust"],"picked":"Feel No Pain"}],"player_experience":92657,"potions_floor_usage":[14,16,19,23],"damage_taken":[{"damage":5,"enemies":"Small Slimes","floor":1,"turns":3},{"damage":6,"enemies":"Blue Slaver","floor":4,"turns":3},{"damage":5,"enemies":"Jaw Worm","floor":7,"turns":3},{"damage":11,"enemies":"Exordium Wildlife","floor":8,"turns":9},{"damage":4,"enemies":"Lots of Slimes","floor":10,"turns":5},{"damage":0,"enemies":"3 Louse","floor":11,"turns":5},{"damage":12,"enemies":"Exordium Wildlife","floor":12,"turns":4},{"damage":11,"enemies":"Lagavulin","floor":14,"turns":9},{"damage":35,"enemies":"Slime Boss","floor":16,"turns":10},{"damage":13,"enemies":"Shell Parasite","floor":18,"turns":6},{"damage":20,"enemies":"3 Byrds","floor":19,"turns":7},{"damage":31,"enemies":"Snecko","floor":21,"turns":7},{"damage":24,"enemies":"Snake Plant","floor":22,"turns":3},{"damage":49,"enemies":"Gremlin Leader","floor":23,"turns":7}],"event_choices":[{"event_name":"World of Goop","player_choice":"Gather Gold","floor":3,"damage_taken":0},{"event_name":"Golden Idol","player_choice":"Lose Max HP","floor":5,"damage_taken":0},{"event_name":"Vampires","player_choice":"Became a vampire","floor":20,"damage_taken":0}],"boss_relics":[{"not_picked":["Snecko Eye","Philosopher\u0027s Stone"],"picked":"Cursed Key"}],"potions_floor_spawned":[4,11,12,14,16,19],"seed_played":"-7803500414483675139","killed_by":"Gremlin Leader","ascension_level":0,"is_trial":false}