{"gold_per_floor":[114,133,133,133,146,178,178,243,314,328,70,82,82,101,101,173,173,157,176,176,79,79,79,105,105,130,163,163],"floor_reached":28,"playtime":1619,"items_purged":["Strike_R","Strike_R"],"score":504,"play_id":"040c563d-a01e-4fed-a7df-abe0efaeb070","local_time":"20181009011839","is_ascension_mode":true,"campfire_choices":[{"floor":7,"key":"REST"},{"data":"True Grit","floor":13,"key":"SMITH"},{"data":"Body Slam","floor":15,"key":"SMITH"},{"floor":23,"key":"REST"},{"data":"Whirlwind","floor":25,"key":"SMITH"}],"neow_cost":"NONE","seed_source_timestamp":2362845745313904,"circlet_count":0,"master_deck":["Defend_R","Defend_R","Defend_R","Defend_R","Bash","AscendersBane","Fire Breathing","Heavy Blade","Spot Weakness","Uppercut","Body Slam+1","True Grit+1","Demon Form","Evolve","Whirlwind+1","Shrug It Off"],"relics":["Burning Blood","Mango","Tiny Chest","Singing Bowl","Membership Card","Snecko Eye","Centennial Puzzle","Anchor","Bag of Preparation","Blood Vial"],"potions_floor_usage":[6,12,14,16,24,27],"damage_taken":[{"damage":6,"enemies":"Cultist","floor":1,"turns":4},{"damage":5,"enemies":"Small Slimes","floor":2,"turns":5},{"damage":5,"enemies":"2 Louse","floor":5,"turns":3},{"damage":40,"enemies":"Lagavulin","floor":6,"turns":6},{"damage":36,"enemies":"Gremlin Nob","floor":8,"turns":4},{"damage":15,"enemies":"Blue Slaver","floor":10,"turns":5},{"damage":1,"enemies":"Exordium Wildlife","floor":12,"turns":3},{"damage":1,"enemies":"3 Louse","floor":14,"turns":3},{"damage":37,"enemies":"Hexaghost","floor":16,"turns":8},{"damage":30,"enemies":"2 Thieves","floor":18,"turns":4},{"damage":39,"enemies":"3 Byrds","floor":19,"turns":6},{"damage":12,"enemies":"Gremlin Leader","floor":24,"turns":4},{"damage":13,"enemies":"Book of Stabbing","floor":27,"turns":4},{"damage":45,"enemies":"Shelled Parasite and Fungi","floor":28,"turns":5}],"seed_played":"-2078723095663873734","potions_obtained":[{"floor":2,"key":"Fire Potion"},{"floor":8,"key":"Block Potion"},{"floor":10,"key":"SkillPotion"},{"floor":12,"key":"Strength Potion"},{"floor":19,"key":"GamblersBrew"},{"floor":24,"key":"Swift Potion"}],"is_trial":false,"path_per_floor":["M","M","?","?","M","E","R","E","T","M","$","M","R","M","R","B",null,"M","M","T","$","?","R","E","R","T","E"],"character_chosen":"IRONCLAD","items_purchased":["Membership Card","Whirlwind"],"campfire_rested":2,"item_purchase_floors":[11,21],"current_hp_per_floor":[68,69,62,62,63,43,69,39,39,30,30,37,37,44,44,13,73,51,18,18,18,18,46,40,40,40,35,0],"gold":163,"neow_bonus":"TRANSFORM_CARD","is_prod":false,"is_daily":false,"chose_seed":false,"campfire_upgraded":3,"win_rate":0,"timestamp":1539062319,"path_taken":["M","?","?","?","?","E","R","E","T","?","?","?","R","M","R","BOSS","M","?","?","$","?","R","E","R","T","E","M"],"build_version":"2018-10-04v2","purchased_purges":2,"victory":false,"max_hp_per_floor":[75,75,75,75,75,89,89,89,89,89,89,91,91,93,93,93,93,95,95,95,95,95,95,95,95,95,97,97],"card_choices":[{"not_picked":["Warcry","Thunderclap"],"picked":"Heavy Blade","floor":1},{"not_picked":["Cleave","Flame Barrier"],"picked":"Spot Weakness","floor":2},{"not_picked":["Havoc","Sever Soul","Perfected Strike"],"picked":"SKIP","floor":5},{"not_picked":["Havoc","Sever Soul","Perfected Strike"],"picked":"SKIP","floor":5},{"not_picked":["Cleave","Bloodletting"],"picked":"Uppercut","floor":6},{"not_picked":["Fiend Fire","Flex"],"picked":"Body Slam","floor":8},{"not_picked":["Ghostly Armor","Thunderclap"],"picked":"True Grit","floor":10},{"not_picked":["Wild Strike","Dark Embrace","Thunderclap"],"picked":"Singing Bowl","floor":12},{"not_picked":["Flex","Inflame","Burning Pact"],"picked":"Singing Bowl","floor":14},{"not_picked":["Fiend Fire","Juggernaut"],"picked":"Demon Form","floor":16},{"not_picked":["Pummel","Dropkick","Perfected Strike+1"],"picked":"Singing Bowl","floor":18},{"not_picked":["Anger","Thunderclap"],"picked":"Evolve","floor":19},{"not_picked":["Headbutt","Cleave"],"picked":"Shrug It Off","floor":24},{"not_picked":["Metallicize","Searing Blow+1","Bloodletting"],"picked":"Singing Bowl","floor":27}],"player_experience":473607,"relics_obtained":[{"floor":6,"key":"Mango"},{"floor":8,"key":"Tiny Chest"},{"floor":9,"key":"Singing Bowl"},{"floor":20,"key":"Centennial Puzzle"},{"floor":24,"key":"Anchor"},{"floor":26,"key":"Bag of Preparation"},{"floor":27,"key":"Blood Vial"}],"event_choices":[{"event_name":"Golden Wing","player_choice":"Card Removal","floor":3,"damage_taken":0},{"event_name":"Living Wall","player_choice":"Forget","floor":4,"damage_taken":0},{"event_name":"Vampires","player_choice":"Ignored","floor":22,"damage_taken":0}],"is_beta":false,"boss_relics":[{"not_picked":["Philosopher\u0027s Stone","White Beast Statue"],"picked":"Snecko Eye"}],"items_purged_floors":[11,21],"is_endless":false,"potions_floor_spawned":[2,8,10,12,19,24],"killed_by":"Shelled Parasite and Fungi","ascension_level":16}