{"gold_per_floor":[119,119,133,133,156,156,156,181,253,193,207,51,71,85,85,85],"floor_reached":16,"playtime":476,"items_purged":["Defend_B"],"score":94,"play_id":"89984c2f-2742-41c2-81c0-aff8056bf1ee","local_time":"20190808080610","is_ascension_mode":false,"campfire_choices":[{"data":"Dualcast","floor":6,"key":"SMITH"},{"data":"Strike_B","floor":15,"key":"SMITH"}],"neow_cost":"NONE","seed_source_timestamp":256924184893670,"circlet_count":0,"master_deck":["Strike_B","Strike_B","Strike_B+1","Defend_B","Defend_B","Defend_B","Zap+1","Dualcast+1"],"relics":["Cracked Core","Golden Idol","The Courier","TheAbacus"],"potions_floor_usage":[3,8,14],"damage_taken":[{"damage":2,"enemies":"Small Slimes","floor":1,"turns":3},{"damage":0,"enemies":"Cultist","floor":3,"turns":3},{"damage":0,"enemies":"2 Louse","floor":5,"turns":2},{"damage":2,"enemies":"Blue Slaver","floor":8,"turns":3},{"damage":23,"enemies":"Exordium Wildlife","floor":11,"turns":5},{"damage":0,"enemies":"2 Fungi Beasts","floor":13,"turns":3},{"damage":5,"enemies":"Gremlin Gang","floor":14,"turns":5},{"damage":0,"enemies":"Slime Boss","floor":16,"turns":1}],"seed_played":"-5400701436877772905","potions_obtained":[{"floor":1,"key":"EntropicBrew"},{"floor":13,"key":"Regen Potion"},{"floor":14,"key":"Block Potion"}],"is_trial":false,"path_per_floor":["M","?","M","?","M","R","?","M","T","$","M","$","M","M","R","B"],"character_chosen":"DEFECT","items_purchased":["TheAbacus"],"campfire_rested":0,"item_purchase_floors":[12],"current_hp_per_floor":[73,55,55,55,55,55,55,53,53,53,30,30,30,39,39,39],"gold":85,"neow_bonus":"UPGRADE_CARD","is_prod":false,"is_daily":false,"chose_seed":false,"campfire_upgraded":2,"win_rate":0,"timestamp":1565276770,"path_taken":["M","?","M","?","M","R","?","M","T","$","M","$","M","?","R","BOSS"],"build_version":"2019-07-17","purchased_purges":1,"victory":false,"max_hp_per_floor":[75,75,75,75,75,75,75,75,75,75,75,75,75,75,75,75],"card_choices":[{"not_picked":["Doom and Gloom","Redo","Turbo"],"picked":"SKIP","floor":1},{"not_picked":["Recycle","White Noise","Storm"],"picked":"SKIP","floor":3},{"not_picked":["Rip and Tear","Stack","Conserve Battery"],"picked":"SKIP","floor":5},{"not_picked":["Glacier","Tempest","Fusion"],"picked":"SKIP","floor":8},{"not_picked":["Sunder","Recycle","Turbo"],"picked":"SKIP","floor":11},{"not_picked":["Multi-Cast","Genetic Algorithm","Recycle"],"picked":"SKIP","floor":13},{"not_picked":["Steam","FTL","Coolheaded"],"picked":"SKIP","floor":14}],"player_experience":529246,"relics_obtained":[{"floor":9,"key":"The Courier"}],"event_choices":[{"damage_healed":0,"gold_gain":0,"player_choice":"Take Damage","damage_taken":18,"relics_obtained":["Golden Idol"],"max_hp_gain":0,"max_hp_loss":0,"event_name":"Golden Idol","floor":2,"gold_loss":0},{"cards_removed":["Strike_B"],"damage_healed":0,"gold_gain":0,"player_choice":"Forget","damage_taken":0,"max_hp_gain":0,"max_hp_loss":0,"event_name":"Living Wall","floor":4,"gold_loss":0},{"damage_healed":0,"gold_gain":0,"player_choice":"Got Potions","damage_taken":0,"max_hp_gain":0,"max_hp_loss":0,"event_name":"Lab","floor":7,"gold_loss":0}],"is_beta":false,"boss_relics":[],"items_purged_floors":[10],"is_endless":false,"potions_floor_spawned":[1,5,13,14],"killed_by":"Slime Boss","ascension_level":0}