{"gold_per_floor":[119,139,314,314,326,326,343,371,443,35,35,52,65,79,79,174,174,184,202,217,217],"floor_reached":21,"playtime":1893,"items_purged":["Doubt"],"score":259,"play_id":"f3dc4ec4-1a7e-42c9-83e0-615c3ff92dee","local_time":"20190730202346","is_ascension_mode":true,"campfire_choices":[{"data":"Neutralize","floor":6,"key":"SMITH"},{"floor":11,"key":"REST"},{"floor":15,"key":"REST"}],"neow_cost":"CURSE","seed_source_timestamp":564146343823226,"circlet_count":0,"master_deck":["Strike_G","Strike_G","Strike_G","Strike_G","Strike_G","Defend_G","Defend_G","Defend_G+1","Defend_G","Defend_G","Survivor","Neutralize+1","Normality","After Image","Catalyst+1","Acrobatics","Outmaneuver","Flying Knee","Blur","Noxious Fumes","Poisoned Stab","Backflip","Terror","Corpse Explosion","Deadly Poison","Dodge and Roll","Tactician"],"relics":["Ring of the Serpent","Pocketwatch","Blue Candle","Pantograph"],"potions_floor_usage":[5,8,13,16,20,20],"damage_taken":[{"damage":1,"enemies":"Cultist","floor":1,"turns":5},{"damage":1,"enemies":"2 Louse","floor":2,"turns":4},{"damage":1,"enemies":"Jaw Worm","floor":5,"turns":9},{"damage":3,"enemies":"Blue Slaver","floor":7,"turns":6},{"damage":42,"enemies":"Lagavulin","floor":8,"turns":16},{"damage":7,"enemies":"Exordium Wildlife","floor":12,"turns":5},{"damage":10,"enemies":"3 Louse","floor":13,"turns":4},{"damage":2,"enemies":"Large Slime","floor":14,"turns":7},{"damage":48,"enemies":"Slime Boss","floor":16,"turns":10},{"damage":10,"enemies":"Chosen","floor":18,"turns":5},{"damage":23,"enemies":"Spheric Guardian","floor":19,"turns":4},{"damage":7,"enemies":"Chosen and Byrds","floor":20,"turns":4},{"damage":14,"enemies":"Shelled Parasite and Fungi","floor":21,"turns":2}],"seed_played":"-65021871319251532","potions_obtained":[{"floor":2,"key":"Block Potion"},{"floor":7,"key":"Energy Potion"},{"floor":12,"key":"Swift Potion"},{"floor":14,"key":"SteroidPotion"},{"floor":16,"key":"Explosive Potion"},{"floor":19,"key":"AttackPotion"}],"is_trial":false,"path_per_floor":["M","M","?","?","M","R","M","E","T","$","R","M","M","M","R","B",null,"M","M","M","M"],"character_chosen":"THE_SILENT","items_purchased":["Noxious Fumes","Pantograph"],"campfire_rested":2,"item_purchase_floors":[10,10],"current_hp_per_floor":[62,61,61,47,46,46,43,1,1,1,22,15,5,3,24,1,53,43,20,13,0],"gold":217,"neow_bonus":"THREE_RARE_CARDS","is_prod":false,"is_daily":false,"chose_seed":false,"campfire_upgraded":1,"win_rate":0,"timestamp":1564543426,"path_taken":["M","M","?","?","M","R","M","E","T","$","R","M","M","M","R","BOSS","M","M","M","M"],"build_version":"2019-07-17","purchased_purges":1,"victory":false,"max_hp_per_floor":[70,70,70,70,70,70,70,70,70,70,70,70,70,70,70,70,70,70,70,70,70],"card_choices":[{"not_picked":["Bullet Time","Unload"],"picked":"After Image","floor":0},{"not_picked":["PiercingWail","Bane"],"picked":"Catalyst","floor":1},{"not_picked":["Deflect","Heel Hook"],"picked":"Acrobatics","floor":2},{"not_picked":["Cloak And Dagger","Deflect"],"picked":"Outmaneuver","floor":5},{"not_picked":["Deflect","Adrenaline"],"picked":"Flying Knee","floor":7},{"not_picked":["Masterful Stab","Cloak And Dagger"],"picked":"Blur","floor":8},{"not_picked":["Concentrate","Dagger Throw"],"picked":"Poisoned Stab","floor":12},{"not_picked":["Predator","Flying Knee"],"picked":"Backflip","floor":13},{"not_picked":["PiercingWail","Bane"],"picked":"Terror","floor":14},{"not_picked":["Bullet Time","Tools of the Trade"],"picked":"Corpse Explosion","floor":16},{"not_picked":["Dash","Cloak And Dagger"],"picked":"Deadly Poison","floor":18},{"not_picked":["Leg Sweep","Flying Knee"],"picked":"Dodge and Roll","floor":19},{"not_picked":["Backflip","Cloak And Dagger"],"picked":"Tactician","floor":20}],"player_experience":428972,"relics_obtained":[{"floor":8,"key":"Pocketwatch"},{"floor":9,"key":"Blue Candle"}],"event_choices":[{"damage_healed":0,"gold_gain":175,"player_choice":"AGREE","damage_taken":0,"max_hp_gain":0,"max_hp_loss":0,"event_name":"Liars Game","floor":3,"gold_loss":0,"cards_obtained":["Doubt"]},{"damage_healed":0,"gold_gain":0,"player_choice":"Entered Light","damage_taken":14,"max_hp_gain":0,"max_hp_loss":0,"event_name":"Shining Light","floor":4,"gold_loss":0,"cards_upgraded":["Catalyst","Defend_G"]}],"is_beta":false,"boss_relics":[{"not_picked":["Empty Cage","Orrery"],"picked":"Ring of the Serpent"}],"items_purged_floors":[10],"is_endless":false,"potions_floor_spawned":[2,7,12,14,16,19],"killed_by":"Shelled Parasite and Fungi","ascension_level":8}