{"gold_per_floor":[116,116,136,153,168,168,201,201,201,226,226,43,56,56,56,56],"floor_reached":16,"playtime":1813,"items_purged":[],"score":154,"play_id":"5d5b1267-e291-4286-8f60-1cd36dd2404e","local_time":"20190728235038","is_ascension_mode":true,"campfire_choices":[{"data":"Burst","floor":6,"key":"SMITH"},{"floor":8,"key":"REST"},{"floor":15,"key":"REST"}],"neow_cost":"TEN_PERCENT_HP_LOSS","seed_source_timestamp":403839612933800,"circlet_count":0,"master_deck":["Strike_G","Strike_G","Strike_G","Strike_G","Strike_G","Defend_G","Defend_G","Defend_G","Defend_G","Defend_G","Survivor","Neutralize","Burst+1","Cloak And Dagger","Cloak And Dagger","Dodge and Roll","Backflip","Blade Dance","Poisoned Stab","Footwork","Blur"],"relics":["Ring of the Snake","Bottled Lightning","Orichalcum","Ninja Scroll","Boot","CultistMask","Happy Flower"],"potions_floor_usage":[7,10,16],"damage_taken":[{"damage":0,"enemies":"Cultist","floor":1,"turns":4},{"damage":0,"enemies":"Small Slimes","floor":3,"turns":5},{"damage":5,"enemies":"Jaw Worm","floor":4,"turns":6},{"damage":0,"enemies":"Red Slaver","floor":5,"turns":6},{"damage":67,"enemies":"Gremlin Nob","floor":7,"turns":7},{"damage":4,"enemies":"3 Sentries","floor":10,"turns":9},{"damage":1,"enemies":"Blue Slaver","floor":13,"turns":3},{"damage":34,"enemies":"Hexaghost","floor":16,"turns":16}],"seed_played":"-97832607026915210","potions_obtained":[{"floor":5,"key":"Regen Potion"},{"floor":7,"key":"Explosive Potion"},{"floor":10,"key":"Fire Potion"}],"is_trial":false,"path_per_floor":["M","T","M","M","M","R","E","R","T","E","?","$","M","?","R","B"],"character_chosen":"THE_SILENT","items_purchased":["Footwork","Happy Flower"],"campfire_rested":2,"item_purchase_floors":[12,12],"current_hp_per_floor":[63,63,63,58,58,58,5,23,23,19,19,19,18,12,30,0],"gold":56,"neow_bonus":"THREE_RARE_CARDS","is_prod":false,"is_daily":false,"chose_seed":false,"campfire_upgraded":1,"win_rate":0,"timestamp":1564383038,"path_taken":["M","?","M","M","M","R","E","R","T","E","?","$","?","?","R","BOSS"],"build_version":"2019-07-17","purchased_purges":0,"victory":false,"max_hp_per_floor":[63,63,63,63,63,63,63,63,63,63,63,63,63,63,63,63],"card_choices":[{"not_picked":["Doppelganger","Wraith Form v2"],"picked":"Burst","floor":0},{"not_picked":["Quick Slash","Slice"],"picked":"Cloak And Dagger","floor":1},{"not_picked":["Finisher","Slice"],"picked":"Cloak And Dagger","floor":3},{"not_picked":["Deadly Poison","Dash"],"picked":"Dodge and Roll","floor":4},{"not_picked":["Bane","Setup"],"picked":"Backflip","floor":5},{"not_picked":["Setup","All Out Attack"],"picked":"Blade Dance","floor":7},{"not_picked":["Underhanded Strike","Riddle With Holes"],"picked":"Poisoned Stab","floor":10},{"not_picked":["Bouncing Flask","Deadly Poison"],"picked":"Blur","floor":13}],"player_experience":413989,"relics_obtained":[{"floor":2,"key":"Bottled Lightning"},{"floor":7,"key":"Orichalcum"},{"floor":9,"key":"Ninja Scroll"},{"floor":10,"key":"Boot"}],"event_choices":[{"damage_healed":0,"gold_gain":0,"player_choice":"Trade","damage_taken":0,"relics_obtained":["CultistMask"],"max_hp_gain":0,"max_hp_loss":0,"event_name":"FaceTrader","floor":11,"gold_loss":0},{"damage_healed":0,"gold_gain":0,"player_choice":"Damaged","damage_taken":6,"max_hp_gain":0,"max_hp_loss":0,"event_name":"Wheel of Change","floor":14,"gold_loss":0}],"is_beta":false,"boss_relics":[],"items_purged_floors":[],"is_endless":false,"potions_floor_spawned":[5,7,10],"killed_by":"Hexaghost","ascension_level":8}