{"gold_per_floor":[363,375,375,388,388,388,193,219,265,293,293,345,345,375,375,472,472,472,18,18,18,18,18,18,18,18,18,18,18,18,18,18,18,18,18,18,18,18,18,18,18,18,18,18,18,18,18,18,18,18],"floor_reached":51,"playtime":10744,"items_purged":["Regret"],"score":1327,"play_id":"9b402107-9c64-4103-8ab6-fc3ab9b21ef4","local_time":"20190808133016","is_ascension_mode":true,"campfire_choices":[{"data":"Disarm","floor":6.0,"key":"SMITH"},{"floor":11.0,"key":"REST"},{"data":"Inflame","floor":13.0,"key":"SMITH"},{"data":"True Grit","floor":15.0,"key":"SMITH"},{"floor":23.0,"key":"REST"},{"floor":27.0,"key":"REST"},{"data":"Apotheosis","floor":32.0,"key":"SMITH"},{"data":"Corruption","floor":41.0,"key":"SMITH"},{"data":"1","floor":49.0,"key":"LIFT"}],"neow_cost":"TEN_PERCENT_HP_LOSS","seed_source_timestamp":265954324330016,"circlet_count":0,"master_deck":["AscendersBane","Strike_R","Strike_R","Strike_R","Strike_R+1","Defend_R","Defend_R","Defend_R","Defend_R","Bash","Iron Wave","Disarm+1","Anger+1","Inflame+1","Cleave","True Grit+1","Fiend Fire","Thunderclap","Dark Embrace+1","Disarm+1","Apotheosis+1","Havoc","Cleave","True Grit","Pummel+1","Corruption+1","Reaper","Cleave+1","Infernal Blade","Madness","Madness","Sword Boomerang+1","Whirlwind+1","Heavy Blade+1","Flame Barrier+1","Whirlwind+1","Barricade"],"special_seed":0,"relics":["Burning Blood","Omamori","Regal Pillow","Anchor","Ginger","Juzu Bracelet","Pantograph","Ectoplasm","Gremlin Horn","Bag of Marbles","Darkstone Periapt","The Courier","Paper Frog","Art of War","Prayer Wheel","Snecko Eye","Dead Branch","Whetstone","Shuriken","Girya","Pear","Unceasing Top"],"potions_floor_usage":[50,50],"damage_taken":[{"damage":8.0,"enemies":"Jaw Worm","floor":1.0,"turns":5.0},{"damage":10.0,"enemies":"2 Louse","floor":2.0,"turns":5.0},{"damage":3.0,"enemies":"Cultist","floor":4.0,"turns":4.0},{"damage":37.0,"enemies":"3 Sentries","floor":8.0,"turns":9.0},{"damage":29.0,"enemies":"Lagavulin","floor":10.0,"turns":8.0},{"damage":14.0,"enemies":"Gremlin Nob","floor":14.0,"turns":4.0},{"damage":37.0,"enemies":"Slime Boss","floor":16.0,"turns":9.0},{"damage":28.0,"enemies":"3 Byrds","floor":18.0,"turns":6.0},{"damage":8.0,"enemies":"Chosen","floor":22.0,"turns":7.0},{"damage":30.0,"enemies":"Gremlin Leader","floor":24.0,"turns":4.0},{"damage":13.0,"enemies":"Centurion and Healer","floor":28.0,"turns":4.0},{"damage":14.0,"enemies":"Book of Stabbing","floor":29.0,"turns":7.0},{"damage":0.0,"enemies":"3 Cultists","floor":30.0,"turns":4.0},{"damage":69.0,"enemies":"Automaton","floor":33.0,"turns":8.0},{"damage":14.0,"enemies":"3 Shapes","floor":35.0,"turns":2.0},{"damage":10.0,"enemies":"Mind Bloom Boss Battle","floor":38.0,"turns":7.0},{"damage":4.0,"enemies":"Orb Walker","floor":39.0,"turns":2.0},{"damage":0.0,"enemies":"Nemesis","floor":40.0,"turns":3.0},{"damage":2.0,"enemies":"4 Shapes","floor":42.0,"turns":3.0},{"damage":13.0,"enemies":"Giant Head","floor":44.0,"turns":5.0},{"damage":0.0,"enemies":"Jaw Worm Horde","floor":45.0,"turns":1.0},{"damage":5.0,"enemies":"Transient","floor":46.0,"turns":5.0},{"damage":0.0,"enemies":"Reptomancer","floor":47.0,"turns":2.0},{"damage":19.0,"enemies":"2 Orb Walkers","floor":48.0,"turns":3.0},{"damage":76,"enemies":"Donu and Deca","floor":50,"turns":5}],"seed_played":"-5693980220849160177","potions_obtained":[{"floor":10.0,"key":"SpeedPotion"},{"floor":16.0,"key":"FearPotion"},{"floor":28.0,"key":"Swift Potion"},{"floor":29.0,"key":"Explosive Potion"},{"floor":30.0,"key":"Strength Potion"},{"floor":35.0,"key":"Fire Potion"},{"floor":42.0,"key":"SteroidPotion"},{"floor":45.0,"key":"LiquidBronze"},{"floor":46.0,"key":"SpeedPotion"}],"is_trial":false,"path_per_floor":["M","M","?","M","?","R","$","E","T","E","R","T","R","E","R","B",null,"M","$","?","T","M","R","E","?","T","R","M","E","M","$","R","B",null,"M","?","?","?","M","E","R","M","T","E","M","M","E","?","R","B",null],"character_chosen":"IRONCLAD","items_purchased":["Inflame","Cleave","Gremlin Horn","Apotheosis"],"campfire_rested":3,"item_purchase_floors":[7,7,19,19],"current_hp_per_floor":[70,66,66,69,69,69,69,38,38,15,51,51,51,43,43,37,63,41,41,41,41,39,72,48,48,48,72,65,57,63,63,63,9,56,64,64,55,72,72,72,72,72,72,72,72,72,82,69,69,27],"gold":18,"neow_bonus":"TWO_FIFTY_GOLD","is_prod":false,"is_daily":false,"chose_seed":false,"campfire_upgraded":5,"win_rate":0,"timestamp":1565296216,"path_taken":["M","M","?","M","?","R","$","E","T","E","R","?","R","E","R","BOSS","M","$","?","?","M","R","E","?","T","R","M","E","M","?","R","BOSS","M","?","?","?","M","E","R","M","T","E","M","M","E","?","R","BOSS"],"build_version":"2019-07-17","purchased_purges":1,"victory":true,"max_hp_per_floor":[72,72,72,72,72,72,72,72,72,72,72,72,72,72,72,72,72,72,72,72,72,72,72,72,72,72,72,72,72,72,72,72,72,72,72,72,72,72,72,72,72,72,72,72,72,72,82,82,82,82],"card_choices":[{"not_picked":["Clash","Armaments"],"picked":"Iron Wave","floor":1.0},{"not_picked":["Bloodletting","Thunderclap"],"picked":"Shrug It Off","floor":2.0},{"not_picked":["Burning Pact","Disarm"],"picked":"Anger","floor":4.0},{"not_picked":["Wild Strike","Twin Strike"],"picked":"True Grit","floor":8.0},{"not_picked":["Offering","Sword Boomerang"],"picked":"Fiend Fire","floor":10.0},{"not_picked":["Wild Strike","Pommel Strike"],"picked":"Thunderclap","floor":14.0},{"not_picked":["Feed","Exhume"],"picked":"Dark Embrace","floor":16.0},{"not_picked":["Clash","Rage"],"picked":"Disarm+1","floor":18.0},{"not_picked":["Warcry","Perfected Strike"],"picked":"Havoc","floor":22.0},{"not_picked":["Double Tap","Headbutt"],"picked":"Cleave","floor":24.0},{"not_picked":["Thunderclap","Flex"],"picked":"True Grit","floor":28.0},{"not_picked":["Blood for Blood","Carnage"],"picked":"Pummel+1","floor":29.0},{"not_picked":["Thunderclap","Headbutt"],"picked":"Corruption","floor":30.0},{"not_picked":["Headbutt","Armaments","Second Wind"],"picked":"SKIP","floor":30.0},{"not_picked":["Immolate","Double Tap"],"picked":"Reaper","floor":33.0},{"not_picked":["Sword Boomerang","Perfected Strike"],"picked":"Cleave+1","floor":35.0},{"not_picked":["Metallicize","Headbutt"],"picked":"Infernal Blade","floor":35.0},{"not_picked":["Headbutt+1","Rampage"],"picked":"Sword Boomerang+1","floor":38.0},{"not_picked":["Flex","Ghostly Armor","Rage"],"picked":"SKIP","floor":39.0},{"not_picked":["Clothesline","Fiend Fire","Flex"],"picked":"SKIP","floor":39.0},{"not_picked":["Wild Strike","Rampage"],"picked":"Whirlwind+1","floor":40.0},{"not_picked":["Thunderclap","Anger"],"picked":"Heavy Blade+1","floor":42.0},{"not_picked":["Bloodletting+1","Body Slam","Headbutt"],"picked":"SKIP","floor":42.0},{"not_picked":["Ghostly Armor","Headbutt"],"picked":"Flame Barrier+1","floor":44.0},{"not_picked":["Corruption","Berserk","Armaments"],"picked":"SKIP","floor":45.0},{"not_picked":["Twin Strike","Perfected Strike+1","Iron Wave+1"],"picked":"SKIP","floor":45.0},{"not_picked":["Pommel Strike","Bloodletting+1","Headbutt"],"picked":"SKIP","floor":46.0},{"not_picked":["Hemokinesis","Cleave","True Grit"],"picked":"SKIP","floor":46.0},{"not_picked":["Sword Boomerang","Dropkick"],"picked":"Whirlwind+1","floor":47.0},{"not_picked":["Hemokinesis","Metallicize"],"picked":"Barricade","floor":48.0}],"player_experience":532802,"relics_obtained":[{"floor":8.0,"key":"Regal Pillow"},{"floor":9.0,"key":"Anchor"},{"floor":10.0,"key":"Ginger"},{"floor":12.0,"key":"Juzu Bracelet"},{"floor":14.0,"key":"Pantograph"},{"floor":21.0,"key":"Darkstone Periapt"},{"floor":24.0,"key":"The Courier"},{"floor":26.0,"key":"Art of War"},{"floor":29.0,"key":"Prayer Wheel"},{"floor":38.0,"key":"Dead Branch"},{"floor":40.0,"key":"Whetstone"},{"floor":43.0,"key":"Shuriken"},{"floor":44.0,"key":"Girya"},{"floor":47.0,"key":"Pear"},{"floor":48.0,"key":"Unceasing Top"}],"event_choices":[{"damage_healed":0.0,"max_hp_gain":0.0,"max_hp_loss":0.0,"gold_gain":0.0,"cards_transformed":["Strike_R"],"event_name":"Living Wall","player_choice":"Change","floor":3.0,"gold_loss":0.0,"damage_taken":0.0,"cards_obtained":["Disarm"]},{"damage_healed":0.0,"max_hp_gain":0.0,"max_hp_loss":0.0,"gold_gain":0.0,"event_name":"Big Fish","player_choice":"Box","floor":5.0,"gold_loss":0.0,"damage_taken":0.0,"relics_obtained":["Omamori"],"cards_obtained":["Regret"]},{"damage_healed":0.0,"max_hp_gain":0.0,"max_hp_loss":0.0,"gold_gain":0.0,"event_name":"The Mausoleum","player_choice":"Opened","floor":20.0,"gold_loss":0.0,"damage_taken":0.0,"relics_obtained":["Bag of Marbles"]},{"cards_removed":["Shrug It Off"],"damage_healed":0.0,"max_hp_gain":0.0,"max_hp_loss":0.0,"gold_gain":0.0,"event_name":"WeMeetAgain","player_choice":"Gave Card","floor":25.0,"gold_loss":0.0,"damage_taken":0.0,"relics_obtained":["Paper Frog"]},{"damage_healed":0.0,"max_hp_gain":0.0,"max_hp_loss":0.0,"gold_gain":0.0,"event_name":"Upgrade Shrine","player_choice":"Upgraded","floor":36.0,"gold_loss":0.0,"damage_taken":0.0,"cards_upgraded":["Dark Embrace"]},{"damage_healed":0.0,"max_hp_gain":0.0,"max_hp_loss":0.0,"gold_gain":0.0,"event_name":"Winding Halls","player_choice":"Embrace Madness","floor":37.0,"gold_loss":0.0,"damage_taken":9.0,"cards_obtained":["Madness","Madness"]},{"damage_healed":0.0,"max_hp_gain":0.0,"max_hp_loss":0.0,"gold_gain":0.0,"event_name":"MindBloom","player_choice":"Fight","floor":38.0,"gold_loss":0.0,"damage_taken":0.0},{"damage_healed":0.0,"max_hp_gain":0.0,"max_hp_loss":0.0,"gold_gain":0.0,"event_name":"Mysterious Sphere","player_choice":"Fight","floor":48.0,"gold_loss":0.0,"damage_taken":0.0}],"is_beta":false,"boss_relics":[{"not_picked":["Velvet Choker","Runic Dome"],"picked":"Ectoplasm"},{"not_picked":["Orrery","Lizard Tail"],"picked":"Snecko Eye"}],"items_purged_floors":[7],"is_endless":false,"potions_floor_spawned":[10,16,18,28,29,30,35,42,45,46],"ascension_level":12}