{"gold_per_floor":[114,133,146,146,166,193,193,193,193,208,223,223,241,256,256,354,354,365,384,260,260,260,160,160,486,486,538,538,565,366,380,380,380],"floor_reached":33,"playtime":1305,"items_purged":["Strike_B","Strike_B","Strike_B"],"score":287,"play_id":"da82a012-36ff-40a8-9e65-48d2f8cd455f","local_time":"20190813211036","is_ascension_mode":false,"campfire_choices":[{"data":"Zap","floor":7,"key":"SMITH"},{"data":"Conserve Battery","floor":15,"key":"SMITH"},{"data":"Gash","floor":24,"key":"SMITH"},{"floor":28,"key":"REST"},{"floor":32,"key":"REST"}],"neow_cost":"NONE","seed_source_timestamp":12593693418328,"circlet_count":0,"master_deck":["Defend_B+1","Defend_B","Defend_B","Defend_B","Zap+1","Dualcast","Gash+1","Conserve Battery+1","Gash+1","Gash"],"relics":["Cracked Core","NeowsBlessing","PreservedInsect","Ornamental Fan","Orrery","Bottled Lightning","Old Coin","Question Card","Lantern","Emotion Chip"],"potions_floor_usage":[6,16,19,29,31,31,33],"damage_taken":[{"damage":0,"enemies":"Jaw Worm","floor":1,"turns":1},{"damage":0,"enemies":"2 Louse","floor":2,"turns":1},{"damage":0,"enemies":"Cultist","floor":3,"turns":1},{"damage":2,"enemies":"Looter","floor":5,"turns":2},{"damage":15,"enemies":"Gremlin Nob","floor":6,"turns":4},{"damage":1,"enemies":"Exordium Thugs","floor":10,"turns":4},{"damage":5,"enemies":"Exordium Wildlife","floor":11,"turns":4},{"damage":0,"enemies":"Blue Slaver","floor":13,"turns":3},{"damage":0,"enemies":"2 Fungi Beasts","floor":14,"turns":3},{"damage":55,"enemies":"Slime Boss","floor":16,"turns":10},{"damage":6,"enemies":"Chosen","floor":18,"turns":4},{"damage":1,"enemies":"Spheric Guardian","floor":19,"turns":3},{"damage":27,"enemies":"Book of Stabbing","floor":25,"turns":6},{"damage":30,"enemies":"Gremlin Leader","floor":29,"turns":6},{"damage":19,"enemies":"Shelled Parasite and Fungi","floor":31,"turns":5},{"damage":52,"enemies":"Automaton","floor":33,"turns":6}],"seed_played":"6253806731978855072","potions_obtained":[{"floor":5,"key":"SpeedPotion"},{"floor":11,"key":"Energy Potion"},{"floor":14,"key":"EssenceOfSteel"},{"floor":16,"key":"Explosive Potion"},{"floor":25,"key":"SteroidPotion"},{"floor":31,"key":"FocusPotion"}],"is_trial":false,"path_per_floor":["M","M","M","?","M","E","R","?","T","M","M","?","M","M","R","B",null,"M","M","$","?","T","$","R","E","T","T","R","E","$","M","R","B"],"character_chosen":"DEFECT","items_purchased":["Explosive Potion","Regen Potion"],"campfire_rested":2,"item_purchase_floors":[20,30],"current_hp_per_floor":[75,75,75,60,58,43,43,68,68,67,62,62,62,62,62,7,75,69,68,68,68,68,68,68,41,41,41,63,33,33,28,50,0],"gold":380,"neow_bonus":"THREE_ENEMY_KILL","is_prod":false,"is_daily":false,"chose_seed":false,"campfire_upgraded":3,"win_rate":0,"timestamp":1565755836,"path_taken":["M","M","M","?","M","E","R","?","T","M","M","?","M","?","R","BOSS","M","M","$","?","?","?","R","E","T","?","R","E","$","M","R","BOSS"],"build_version":"2019-07-17","purchased_purges":3,"victory":false,"max_hp_per_floor":[75,75,75,75,75,75,75,75,75,75,75,75,75,75,75,75,75,75,75,75,75,75,75,75,75,75,75,75,75,75,75,75,75],"card_choices":[{"not_picked":["Cold Snap","Go for the Eyes","Coolheaded"],"picked":"SKIP","floor":1},{"not_picked":["Barrage","Redo"],"picked":"Gash","floor":2},{"not_picked":["Beam Cell","Reprogram","Darkness"],"picked":"SKIP","floor":3},{"not_picked":["Beam Cell","Glacier","Turbo"],"picked":"SKIP","floor":5},{"not_picked":["Genetic Algorithm","Rainbow"],"picked":"Conserve Battery","floor":6},{"not_picked":["Capacitor","Lockon"],"picked":"Gash","floor":10},{"not_picked":["Ball Lightning","Hologram","Cold Snap"],"picked":"SKIP","floor":11},{"not_picked":["Self Repair","Rebound","Redo"],"picked":"SKIP","floor":13},{"not_picked":["Darkness","Consume","Conserve Battery"],"picked":"SKIP","floor":14},{"not_picked":["Coolheaded","Stack"],"picked":"Gash","floor":17},{"not_picked":["Machine Learning","Gash","Coolheaded"],"picked":"SKIP","floor":18},{"not_picked":["Lockon","Conserve Battery+1","Barrage"],"picked":"SKIP","floor":19},{"not_picked":["Turbo","Rebound","Amplify"],"picked":"SKIP","floor":25},{"not_picked":["Redo","Recycle","Gash+1","Leap"],"picked":"SKIP","floor":29},{"not_picked":["Auto Shields","Consume+1","Go for the Eyes+1","Cold Snap+1"],"picked":"SKIP","floor":31}],"player_experience":589109,"relics_obtained":[{"floor":6,"key":"PreservedInsect"},{"floor":9,"key":"Ornamental Fan"},{"floor":22,"key":"Bottled Lightning"},{"floor":25,"key":"Old Coin"},{"floor":26,"key":"Question Card"},{"floor":27,"key":"Lantern"},{"floor":29,"key":"Emotion Chip"}],"event_choices":[{"damage_healed":0,"gold_gain":0,"player_choice":"Entered Light","damage_taken":15,"max_hp_gain":0,"max_hp_loss":0,"event_name":"Shining Light","floor":4,"gold_loss":0,"cards_upgraded":["Gash","Defend_B"]},{"damage_healed":25,"gold_gain":0,"player_choice":"Banana","damage_taken":0,"max_hp_gain":0,"max_hp_loss":0,"event_name":"Big Fish","floor":8,"gold_loss":0},{"damage_healed":0,"gold_gain":0,"player_choice":"0 cards matched","damage_taken":0,"max_hp_gain":0,"max_hp_loss":0,"event_name":"Match and Keep!","floor":12,"gold_loss":0,"cards_obtained":[]},{"damage_healed":0,"gold_gain":0,"player_choice":"0 cards matched","damage_taken":0,"max_hp_gain":0,"max_hp_loss":0,"event_name":"Match and Keep!","floor":12,"gold_loss":0,"cards_obtained":[]},{"cards_removed":["Strike_B"],"damage_healed":0,"gold_gain":0,"player_choice":"Elegance","damage_taken":0,"max_hp_gain":0,"max_hp_loss":0,"event_name":"Back to Basics","floor":21,"gold_loss":0}],"is_beta":false,"boss_relics":[{"not_picked":["Fusion Hammer","Calling Bell"],"picked":"Orrery"}],"items_purged_floors":[20,23,30],"is_endless":false,"potions_floor_spawned":[5,11,14,16,25,31],"killed_by":"Automaton","ascension_level":0}