{"gold_per_floor":[113,125,125,50,50,81,96,109,163,163,175,204,220,237,237,237],"floor_reached":16,"playtime":714,"items_purged":["Strike_G"],"score":278,"play_id":"76c16a39-898d-4cfb-8b85-c62d3a57c621","local_time":"20190710141326","is_ascension_mode":true,"campfire_choices":[{"data":"Neutralize","floor":10.0,"key":"SMITH"},{"data":"Cloak And Dagger","floor":15.0,"key":"SMITH"}],"neow_cost":"NONE","seed_source_timestamp":0,"circlet_count":0,"master_deck":["AscendersBane","Strike_G","Strike_G","Strike_G","Strike_G","Defend_G","Defend_G","Defend_G","Defend_G","Defend_G","Survivor","Neutralize+1","Slice","Masterful Stab","Riddle With Holes","Slice","Dagger Spray","Backstab","Adrenaline","Cloak And Dagger+1"],"special_seed":0,"relics":["Ring of the Snake","NeowsBlessing","Ancient Tea Set","Smiling Mask","Tiny Chest","Happy Flower"],"potions_floor_usage":[16,16],"damage_taken":[{"damage":0.0,"enemies":"2 Louse","floor":1.0,"turns":1.0},{"damage":0.0,"enemies":"Cultist","floor":2.0,"turns":1.0},{"damage":0.0,"enemies":"Gremlin Nob","floor":6.0,"turns":1.0},{"damage":0.0,"enemies":"Jaw Worm","floor":7.0,"turns":3.0},{"damage":0.0,"enemies":"Large Slime","floor":8.0,"turns":4.0},{"damage":0.0,"enemies":"Blue Slaver","floor":11.0,"turns":1.0},{"damage":10.0,"enemies":"3 Sentries","floor":12.0,"turns":7.0},{"damage":4.0,"enemies":"2 Fungi Beasts","floor":13.0,"turns":2.0},{"damage":1.0,"enemies":"Red Slaver","floor":14.0,"turns":2.0},{"damage":71,"enemies":"The Guardian","floor":16,"turns":16}],"seed_played":"1025291374105803220","potions_obtained":[{"floor":2.0,"key":"LiquidBronze"},{"floor":6.0,"key":"Poison Potion"},{"floor":8.0,"key":"Energy Potion"},{"floor":14.0,"key":"FearPotion"}],"is_trial":false,"path_per_floor":["M","M","?","$","?","E","M","M","T","R","M","E","M","M","R","B"],"character_chosen":"THE_SILENT","items_purchased":[],"campfire_rested":0,"item_purchase_floors":[],"current_hp_per_floor":[59,59,59,59,64,64,64,64,64,64,64,54,50,49,49,0],"gold":237,"neow_bonus":"THREE_ENEMY_KILL","is_prod":false,"is_daily":false,"chose_seed":false,"campfire_upgraded":2,"win_rate":0,"timestamp":1562782406,"path_taken":["M","M","?","?","?","E","M","M","T","R","M","E","M","M","R","BOSS"],"build_version":"2019-07-05","purchased_purges":1,"victory":false,"max_hp_per_floor":[66,66,66,66,71,71,71,71,71,71,71,71,71,71,71,71],"card_choices":[{"not_picked":["Prepared","Dagger Throw"],"picked":"Slice","floor":1.0},{"not_picked":["Noxious Fumes","Acrobatics"],"picked":"Masterful Stab","floor":2.0},{"not_picked":["Catalyst","Deadly Poison"],"picked":"Riddle With Holes","floor":6.0},{"not_picked":["Deadly Poison","Setup"],"picked":"Slice","floor":7.0},{"not_picked":["Dagger Throw","Prepared"],"picked":"Dagger Spray","floor":8.0},{"not_picked":["Escape Plan","Riddle With Holes"],"picked":"Backstab","floor":11.0},{"not_picked":["Reflex","Flechettes","Concentrate"],"picked":"SKIP","floor":12.0},{"not_picked":["Accuracy","Sucker Punch"],"picked":"Adrenaline","floor":13.0},{"not_picked":["Setup","Calculated Gamble"],"picked":"Cloak And Dagger","floor":14.0}],"player_experience":867276,"relics_obtained":[{"floor":6.0,"key":"Smiling Mask"},{"floor":9.0,"key":"Tiny Chest"},{"floor":12.0,"key":"Happy Flower"}],"event_choices":[{"damage_healed":0.0,"max_hp_gain":0.0,"max_hp_loss":0.0,"gold_gain":0.0,"event_name":"WeMeetAgain","player_choice":"Gave Potion","floor":3.0,"gold_loss":0.0,"damage_taken":0.0,"relics_obtained":["Ancient Tea Set"]},{"damage_healed":0.0,"max_hp_gain":5.0,"max_hp_loss":0.0,"gold_gain":0.0,"event_name":"Big Fish","player_choice":"Donut","floor":5.0,"gold_loss":0.0,"damage_taken":0.0}],"is_beta":false,"boss_relics":[],"items_purged_floors":[4],"is_endless":false,"potions_floor_spawned":[2,6,8,14],"killed_by":"The Guardian","ascension_level":20}