{"gold_per_floor":[118,136,61,77,92,92,123,298,324,224,239,259,259,277,277,277],"floor_reached":16,"playtime":514,"items_purged":["Strike_B","Doubt"],"score":104,"play_id":"0c2d9876-a4c3-4232-8ce9-dce4d19337ef","local_time":"20190806230951","is_ascension_mode":false,"campfire_choices":[{"data":"Zap","floor":6,"key":"SMITH"},{"data":"Dualcast","floor":13,"key":"SMITH"},{"data":"Leap","floor":15,"key":"SMITH"}],"neow_cost":"NONE","seed_source_timestamp":138308006700388,"circlet_count":0,"master_deck":["Strike_B","Strike_B","Strike_B","Defend_B","Defend_B","Defend_B","Defend_B","Zap+1","Dualcast+1","Leap+1"],"relics":["Cracked Core","Anchor","Dream Catcher","Orichalcum"],"potions_floor_usage":[7,7,16,16],"damage_taken":[{"damage":0,"enemies":"Jaw Worm","floor":1,"turns":3},{"damage":0,"enemies":"2 Louse","floor":2,"turns":2},{"damage":0,"enemies":"Small Slimes","floor":4,"turns":4},{"damage":0,"enemies":"Blue Slaver","floor":5,"turns":4},{"damage":18,"enemies":"Gremlin Nob","floor":7,"turns":4},{"damage":1,"enemies":"Looter","floor":11,"turns":3},{"damage":0,"enemies":"3 Louse","floor":12,"turns":3},{"damage":0,"enemies":"2 Fungi Beasts","floor":14,"turns":3},{"damage":59,"enemies":"Slime Boss","floor":16,"turns":10}],"seed_played":"6453627771000199200","potions_obtained":[{"floor":1,"key":"Block Potion"},{"floor":2,"key":"SteroidPotion"},{"floor":7,"key":"SpeedPotion"},{"floor":14,"key":"FocusPotion"}],"is_trial":false,"path_per_floor":["M","M","$","M","M","R","E","?","T","$","M","M","R","M","R","B"],"character_chosen":"DEFECT","items_purchased":[],"campfire_rested":0,"item_purchase_floors":[],"current_hp_per_floor":[75,75,75,75,75,75,57,57,57,57,56,56,56,56,56,0],"gold":277,"neow_bonus":"RANDOM_COMMON_RELIC","is_prod":false,"is_daily":false,"chose_seed":false,"campfire_upgraded":3,"win_rate":0,"timestamp":1565158191,"path_taken":["M","M","$","M","M","R","E","?","T","$","M","M","R","M","R","BOSS"],"build_version":"2019-07-17","purchased_purges":2,"victory":false,"max_hp_per_floor":[75,75,75,75,75,75,75,75,75,75,75,75,75,75,75,75],"card_choices":[{"not_picked":["Reprogram","Undo"],"picked":"Leap","floor":1},{"not_picked":["Static Discharge","Redo","Turbo"],"picked":"SKIP","floor":2},{"not_picked":["Capacitor","Conserve Battery","Sunder"],"picked":"SKIP","floor":4},{"not_picked":["Leap","Compile Driver","Steam Power"],"picked":"SKIP","floor":5},{"not_picked":["Leap","Compile Driver","Steam Power"],"picked":"SKIP","floor":5},{"not_picked":["Biased Cognition","Stack","Machine Learning"],"picked":"SKIP","floor":7},{"not_picked":["Aggregate","Go for the Eyes","Lockon"],"picked":"SKIP","floor":11},{"not_picked":["Doom and Gloom","Compile Driver","Ball Lightning"],"picked":"SKIP","floor":12},{"not_picked":["Go for the Eyes","Beam Cell","Force Field"],"picked":"SKIP","floor":14}],"player_experience":499203,"relics_obtained":[{"floor":7,"key":"Dream Catcher"},{"floor":9,"key":"Orichalcum"}],"event_choices":[{"damage_healed":0,"gold_gain":175,"player_choice":"AGREE","damage_taken":0,"max_hp_gain":0,"max_hp_loss":0,"event_name":"Liars Game","floor":8,"gold_loss":0,"cards_obtained":["Doubt"]}],"is_beta":false,"boss_relics":[],"items_purged_floors":[3,10],"is_endless":false,"potions_floor_spawned":[1,2,7,14],"killed_by":"Slime Boss","ascension_level":0}