{"gold_per_floor":[112,128,128,147,147,147,160,173,173,201,201,226,151,161,161,161],"floor_reached":16,"playtime":629,"items_purged":["Strike_R"],"score":112,"play_id":"f75fb758-a5d1-4a77-be1c-85e8c46b2dd3","local_time":"20190106235740","is_ascension_mode":false,"campfire_choices":[{"data":"Searing Blow","floor":6.0,"key":"SMITH"},{"floor":15,"key":"DIG"}],"neow_cost":"NONE","seed_source_timestamp":0,"circlet_count":0,"master_deck":["Strike_R+1","Strike_R","Strike_R","Defend_R","Defend_R","Defend_R","Defend_R","Bash+1","Armaments","Heavy Blade","Spot Weakness","Searing Blow+1","Rage","Shrug It Off","Shrug It Off"],"special_seed":0,"relics":["Burning Blood","Sundial","Regal Pillow","Shovel","PreservedInsect"],"potions_floor_usage":[12,12],"damage_taken":[{"damage":6.0,"enemies":"Cultist","floor":1.0,"turns":4.0},{"damage":0.0,"enemies":"Small Slimes","floor":2.0,"turns":3.0},{"damage":0.0,"enemies":"2 Louse","floor":4.0,"turns":2.0},{"damage":23.0,"enemies":"Gremlin Gang","floor":7.0,"turns":5.0},{"damage":3.0,"enemies":"2 Fungi Beasts","floor":8.0,"turns":4.0},{"damage":39,"enemies":"Lagavulin","floor":10,"turns":6},{"damage":14,"enemies":"Gremlin Nob","floor":12,"turns":4},{"damage":9,"enemies":"Blue Slaver","floor":14,"turns":2},{"damage":57,"enemies":"Slime Boss","floor":16,"turns":8}],"seed_played":"6845814597669490592","potions_obtained":[{"floor":7.0,"key":"LiquidBronze"},{"floor":8.0,"key":"SteroidPotion"},{"floor":10,"key":"Fruit Juice"}],"is_trial":false,"path_per_floor":["M","M","?","M","?","R","M","M","T","E","?","E","$","M","R","B"],"character_chosen":"IRONCLAD","items_purchased":[],"campfire_rested":0,"item_purchase_floors":[],"current_hp_per_floor":[88,88,70,76,76,76,59,62,62,29,58,55,55,52,52,0],"gold":161,"neow_bonus":"TEN_PERCENT_HP_BONUS","is_prod":false,"is_daily":false,"chose_seed":false,"campfire_upgraded":1,"win_rate":0,"timestamp":1546837060,"path_taken":["M","?","?","M","?","R","?","M","T","E","?","E","$","M","R","BOSS"],"build_version":"2019-01-03v4","purchased_purges":1,"victory":false,"max_hp_per_floor":[88,88,88,88,88,88,88,88,88,88,88,93,93,93,93,93],"card_choices":[{"not_picked":["Clothesline","Perfected Strike"],"picked":"Armaments","floor":1.0},{"not_picked":["Sword Boomerang","Twin Strike"],"picked":"Heavy Blade","floor":2.0},{"not_picked":["Anger","Thunderclap"],"picked":"Spot Weakness","floor":4.0},{"not_picked":["Cleave","Sword Boomerang","Clothesline"],"picked":"SKIP","floor":7.0},{"not_picked":["Warcry","Havoc"],"picked":"Rage","floor":8.0},{"not_picked":["Flex","Anger","Limit Break"],"picked":"SKIP","floor":10},{"not_picked":["Heavy Blade","Evolve"],"picked":"Shrug It Off","floor":12},{"not_picked":["Searing Blow","Sever Soul"],"picked":"Shrug It Off","floor":14}],"player_experience":680385,"relics_obtained":[{"floor":9,"key":"Sundial"},{"floor":10,"key":"Regal Pillow"},{"floor":12,"key":"Shovel"},{"floor":15,"key":"PreservedInsect"}],"event_choices":[{"damage_healed":0.0,"max_hp_gain":0.0,"max_hp_loss":0.0,"gold_gain":0.0,"event_name":"Shining Light","player_choice":"Entered Light","floor":3.0,"gold_loss":0.0,"damage_taken":18.0,"cards_upgraded":["Strike_R","Bash"]},{"damage_healed":0.0,"max_hp_gain":0.0,"max_hp_loss":0.0,"gold_gain":0.0,"cards_transformed":["Strike_R"],"event_name":"Transmorgrifier","player_choice":"Transformed","floor":5.0,"gold_loss":0.0,"damage_taken":0.0,"cards_obtained":["Searing Blow"]},{"damage_healed":29,"gold_gain":0,"player_choice":"Banana","damage_taken":0,"max_hp_gain":0,"max_hp_loss":0,"event_name":"Big Fish","floor":11,"gold_loss":0}],"is_beta":false,"boss_relics":[],"items_purged_floors":[13],"is_endless":false,"potions_floor_spawned":[7,8,10],"killed_by":"Slime Boss","ascension_level":0}