{"path_per_floor":["M","M","?","M","M","?","E","R","T","M","R","$","M","T","R","B",null,"M","?","M","M","M","R","E","R","T","?","$","M","M","?","R","B",null,"M","?","M","M","$","M","M","R","T","E","?","?","R","M","R","B"],"character_chosen":"IRONCLAD","items_purchased":["Mummified Hand","Bag of Marbles"],"gold_per_floor":[114,129,129,144,159,109,139,139,164,179,179,179,194,244,244,344,344,359,259,274,289,304,304,334,334,359,309,59,74,89,89,89,189,189,204,204,219,234,84,99,114,114,114,144,144,144,144,159,159,159],"floor_reached":51,"campfire_rested":1,"playtime":4593,"current_hp_per_floor":[80,80,80,80,74,74,76,76,76,80,80,80,80,80,80,50,80,77,77,77,68,69,69,57,57,57,57,57,69,53,53,77,30,80,80,80,76,77,77,69,77,77,77,72,72,72,72,76,76,25],"items_purged":[],"gold":159,"score":756,"play_id":"84ec5376-09d4-4c28-854c-22b6c94c88f6","local_time":"20180402203032","daily_mods":["Insanity","Uncertain Future","Hoarder"],"is_prod":false,"is_daily":true,"is_ascension_mode":false,"campfire_upgraded":8,"timestamp":1522715432,"path_taken":["M","M","?","M","M","?","E","R","T","M","R","$","M","?","R","BOSS","M","?","M","M","M","R","E","R","T","?","$","M","M","?","R","BOSS","M","?","M","M","$","M","M","R","T","E","?","?","R","M","R","BOSS"],"build_version":"2018-03-29v2","purchased_purges":0,"victory":true,"master_deck":["Second Wind","True Grit","Burning Pact+1","Fiend Fire","Reaper+1","Demon Form","Entrench","Rupture","Dropkick","Pummel","Hemokinesis","Searing Blow","Shockwave","Shockwave","Immolate+1","Seeing Red+1","Iron Wave","Ghostly Armor","Spot Weakness","Brutality+1","Fiend Fire","Metallicize","Fiend Fire","Armaments","Berserk","Barricade+1","Dual Wield","Pommel Strike","Shockwave","Armaments","Offering+1","Reckless Charge","Double Tap","Metallicize","Reckless Charge","Evolve","Rage","Power Through","Twin Strike+1","Burning Pact","Dual Wield","True Grit","Entrench","Armaments","Bludgeon","Offering+1","Double Tap","Shrug It Off","Shrug It Off","Shrug It Off","Shrug It Off","Shrug It Off","Shrug It Off","Inflame","Inflame","Inflame","Exhume","Exhume","Exhume","Impervious","Impervious","Impervious","Battle Trance+1","Battle Trance+1","Battle Trance+1","J.A.X.","J.A.X.","J.A.X.","Flex+1","Flex+1","Flex+1","Metallicize+1","Metallicize+1","Metallicize+1","Metallicize","Metallicize","Metallicize","Brutality+1","Brutality","Brutality","Seeing Red+1","Seeing Red+1","Seeing Red+1","Whirlwind+1","Whirlwind+1","Whirlwind+1","Feel No Pain+1","Feel No Pain+1","Feel No Pain+1","Havoc+1","Havoc+1","Havoc+1","Rupture","Rupture","Rupture"],"max_hp_per_floor":[80,80,80,80,80,80,80,80,80,80,80,80,80,80,80,80,80,80,80,80,80,80,80,80,80,80,80,80,80,80,80,80,80,80,80,80,80,80,80,80,80,80,80,80,80,80,80,80,80,80],"relics":["Burning Blood","Vajra","Blood Vial","Whetstone","Runic Cube","Bottled Flame","Juzu Bracelet","Mummified Hand","Orrery","Bag of Marbles","Thread and Needle","Dodecahedron"],"card_choices":[{"not_picked":["Corruption","Evolve"],"picked":"Shrug It Off","floor":1},{"not_picked":["Second Wind","Perfected Strike"],"picked":"Shrug It Off","floor":2},{"not_picked":["Carnage","Pommel Strike"],"picked":"Inflame","floor":10},{"not_picked":["Wild Strike","Iron Wave"],"picked":"Exhume","floor":13},{"not_picked":["Reaper","Feed"],"picked":"Impervious","floor":16},{"not_picked":["Iron Wave","Heavy Blade"],"picked":"Battle Trance","floor":18},{"not_picked":["Searing Blow","Juggernaut"],"picked":"Flex","floor":24},{"not_picked":["Clash","Body Slam"],"picked":"Metallicize","floor":29},{"not_picked":["Sword Boomerang","Body Slam"],"picked":"Metallicize","floor":30},{"not_picked":["Berserk","Immolate"],"picked":"Brutality","floor":33},{"not_picked":["Reckless Charge","Body Slam"],"picked":"Seeing Red","floor":34},{"not_picked":["Seeing Red","Clash"],"picked":"Whirlwind","floor":34},{"not_picked":["Clash","Twin Strike"],"picked":"Feel No Pain","floor":34},{"not_picked":["Iron Wave","Thunderclap"],"picked":"Havoc","floor":41}],"player_experience":512966,"potions_floor_usage":[20,24,24,33,33,44,50],"damage_taken":[{"damage":4,"enemies":"Jaw Worm","floor":1,"turns":3},{"damage":7,"enemies":"2 Louse","floor":2,"turns":4},{"damage":5,"enemies":"Small Slimes","floor":4,"turns":2},{"damage":12,"enemies":"3 Louse","floor":5,"turns":3},{"damage":4,"enemies":"Gremlin Nob","floor":7,"turns":3},{"damage":3,"enemies":"2 Fungi Beasts","floor":10,"turns":2},{"damage":4,"enemies":"Large Slime","floor":13,"turns":5},{"damage":36,"enemies":"The Guardian","floor":16,"turns":8},{"damage":9,"enemies":"Chosen","floor":18,"turns":3},{"damage":8,"enemies":"Spheric Guardian","floor":20,"turns":5},{"damage":17,"enemies":"Snake Plant","floor":21,"turns":4},{"damage":7,"enemies":"Snecko","floor":22,"turns":4},{"damage":20,"enemies":"Slavers","floor":24,"turns":4},{"damage":20,"enemies":"Cultist and Chosen","floor":29,"turns":5},{"damage":38,"enemies":"Slaver and Parasite","floor":30,"turns":4},{"damage":55,"enemies":"Collector","floor":33,"turns":8},{"damage":5,"enemies":"3 Shapes","floor":35,"turns":3},{"damage":10,"enemies":"Orb Walker","floor":37,"turns":4},{"damage":16,"enemies":"4 Shapes","floor":38,"turns":3},{"damage":19,"enemies":"Maw","floor":40,"turns":5},{"damage":9,"enemies":"3 Darklings","floor":41,"turns":4},{"damage":30,"enemies":"2 Orb Walkers","floor":44,"turns":5},{"damage":13,"enemies":"Sphere and 2 Shapes","floor":48,"turns":4},{"damage":61,"enemies":"Time Eater","floor":50,"turns":7}],"event_choices":[{"event_name":"Liars Game","player_choice":"disagreed","floor":3,"damage_taken":0},{"event_name":"The Cleric","player_choice":"Card Removal","floor":6,"damage_taken":0},{"event_name":"Drug Dealer","player_choice":"Got JAXXED","floor":19,"damage_taken":0},{"event_name":"The Joust","player_choice":"Bet on Murderer","floor":27,"damage_taken":0},{"event_name":"The Mausoleum","player_choice":"No","floor":31,"damage_taken":0},{"event_name":"Tomb of Lord Red Mask","player_choice":"Ignored","floor":36,"damage_taken":0},{"event_name":"Transmorgrifier","player_choice":"Transform","floor":45,"damage_taken":0}],"boss_relics":[{"not_picked":["White Beast Statue","Black Star"],"picked":"Runic Cube"},{"not_picked":["Snecko Eye","Black Blood"],"picked":"Orrery"}],"potions_floor_spawned":[1,4,5,20,24,29,35,41,44],"seed_played":"-6970062414671020423","ascension_level":0,"is_trial":false}