{"gold_per_floor":[109,109,121,139,154,154,183,198,225,225,225,239,251,251,251,347,347,365,382,2,101,113,113,143,143,143,243,35,35,35,47,47,150,150,170,184,198,298,312,345,345,163,163,163,193,206,206,28,28,28],"floor_reached":51,"playtime":5156,"items_purged":["Clumsy","Defend_B","Glacier"],"score":882,"play_id":"c5b8bd08-c0ad-47b0-920d-e1bf74c70313","local_time":"20181216021115","is_ascension_mode":true,"campfire_choices":[{"data":"Zap","floor":6.0,"key":"SMITH"},{"data":"1","floor":10.0,"key":"LIFT"},{"floor":15.0,"key":"REST"},{"data":"Deep Breath","floor":23.0,"key":"SMITH"},{"data":"2","floor":29,"key":"LIFT"},{"data":"Scrape","floor":32,"key":"SMITH"},{"data":"3","floor":41,"key":"LIFT"},{"data":"Forethought","floor":47,"key":"SMITH"},{"data":"Scrape","floor":49,"key":"SMITH"}],"neow_cost":"NONE","seed_source_timestamp":0,"circlet_count":0,"master_deck":["Strike_B","Strike_B","Strike_B","Defend_B","Defend_B","Defend_B","Zap+1","Dualcast+1","Seek","Scrape+1","Coolheaded","Scrape+1","Steam","All For One","Go for the Eyes","Steam","Deep Breath+1","Go for the Eyes+1","Redo+1","FTL","Steam","All For One","Gash+1","Forethought+1","Go for the Eyes+1","Beam Cell"],"special_seed":0,"relics":["Cracked Core","Girya","Regal Pillow","Ancient Tea Set","Cursed Key","Unceasing Top","Bag of Preparation","Letter Opener","Nunchaku","Gremlin Horn","Nuclear Battery","Mercury Hourglass","Torii"],"potions_floor_usage":[27,50,50],"damage_taken":[{"damage":0.0,"enemies":"Small Slimes","floor":1.0,"turns":2.0},{"damage":0.0,"enemies":"Cultist","floor":3.0,"turns":4.0},{"damage":1.0,"enemies":"Jaw Worm","floor":4.0,"turns":3.0},{"damage":11.0,"enemies":"Lots of Slimes","floor":5.0,"turns":4.0},{"damage":17.0,"enemies":"3 Sentries","floor":7.0,"turns":6.0},{"damage":2.0,"enemies":"Large Slime","floor":8.0,"turns":8.0},{"damage":12.0,"enemies":"Gremlin Gang","floor":12.0,"turns":5.0},{"damage":0.0,"enemies":"Exordium Wildlife","floor":13.0,"turns":3.0},{"damage":39.0,"enemies":"Hexaghost","floor":16.0,"turns":11.0},{"damage":10.0,"enemies":"Shell Parasite","floor":18.0,"turns":3.0},{"damage":6.0,"enemies":"2 Thieves","floor":19.0,"turns":4.0},{"damage":2.0,"enemies":"Centurion and Healer","floor":22.0,"turns":9.0},{"damage":2.0,"enemies":"Gremlin Leader","floor":24.0,"turns":7.0},{"damage":0,"enemies":"Colosseum Slavers","floor":27,"turns":2},{"damage":3,"enemies":"Colosseum Nobs","floor":27,"turns":3},{"damage":0,"enemies":"Snake Plant","floor":31,"turns":2},{"damage":27,"enemies":"Automaton","floor":33,"turns":7},{"damage":0,"enemies":"Orb Walker","floor":35,"turns":1},{"damage":0,"enemies":"3 Darklings","floor":36,"turns":1},{"damage":0,"enemies":"Writhing Mass","floor":37,"turns":2},{"damage":0,"enemies":"Transient","floor":39,"turns":5},{"damage":0,"enemies":"Giant Head","floor":40,"turns":4},{"damage":0,"enemies":"Reptomancer","floor":45,"turns":1},{"damage":0,"enemies":"Maw","floor":46,"turns":5},{"damage":0,"enemies":"Donu and Deca","floor":50,"turns":1}],"seed_played":"-3996055171491361459","potions_obtained":[{"floor":1.0,"key":"EntropicBrew"},{"floor":4.0,"key":"Energy Potion"},{"floor":8.0,"key":"Poison Potion"},{"floor":16.0,"key":"LiquidBronze"},{"floor":19.0,"key":"Ancient Potion"},{"floor":22.0,"key":"SkillPotion"},{"floor":27,"key":"Poison Potion"},{"floor":33,"key":"FocusPotion"},{"floor":45,"key":"PowerPotion"}],"is_trial":false,"path_per_floor":["M","?","M","M","M","M","R","E","M","T","R","?","M","M","?","R","B",null,"M","M","$","?","M","R","E","?","T","?","$","R","?","M","R","B",null,"M","M","M","?","M","E","R","$","T","?","E","M","R","$","R","B",null],"character_chosen":"DEFECT","items_purchased":["Unceasing Top","Deep Breath","FTL","Steam","Forethought","Beam Cell"],"campfire_rested":1,"item_purchase_floors":[20,20,28,28,42,48],"current_hp_per_floor":[75,75,75,74,63,63,46,44,44,44,44,32,32,32,69,30,75,65,59,59,59,57,57,55,55,55,52,52,52,52,52,52,25,75,75,75,75,75,75,75,75,75,75,75,75,75,75,75,75,75],"gold":28,"neow_bonus":"ONE_RANDOM_RARE_CARD","is_prod":false,"is_daily":false,"chose_seed":false,"campfire_upgraded":5,"win_rate":0,"timestamp":1544944275,"path_taken":["M","?","M","?","M","R","E","M","T","R","?","?","M","?","R","BOSS","M","?","$","?","M","R","E","?","T","?","$","R","?","M","R","BOSS","M","M","M","?","?","E","R","$","T","?","E","?","R","$","R","BOSS"],"build_version":"2018-12-13","purchased_purges":3,"victory":true,"max_hp_per_floor":[75,75,75,75,75,75,75,75,75,75,75,75,75,75,75,75,75,75,75,75,75,75,75,75,75,75,75,75,75,75,75,75,75,75,75,75,75,75,75,75,75,75,75,75,75,75,75,75,75,75],"card_choices":[{"not_picked":["Hello World","Self Repair"],"picked":"Glacier","floor":1.0},{"not_picked":["Conserve Battery","Force Field","Sunder"],"picked":"SKIP","floor":3.0},{"not_picked":["Conserve Battery","Gash"],"picked":"Scrape","floor":4.0},{"not_picked":["Turbo","Heatsinks"],"picked":"Coolheaded","floor":5.0},{"not_picked":["Stack","Reprogram","Self Repair"],"picked":"SKIP","floor":7.0},{"not_picked":["Auto Shields","Streamline"],"picked":"Scrape","floor":8.0},{"not_picked":["Streamline","Sweeping Beam","Storm"],"picked":"SKIP","floor":12.0},{"not_picked":["Echo Form","Heatsinks"],"picked":"Steam","floor":13.0},{"not_picked":["Buffer","Machine Learning"],"picked":"All For One","floor":16.0},{"not_picked":["Rebound","Stack"],"picked":"Go for the Eyes","floor":18.0},{"not_picked":["Chaos","Streamline"],"picked":"Steam","floor":19.0},{"not_picked":["Ball Lightning","Streamline"],"picked":"Go for the Eyes+1","floor":22.0},{"not_picked":["Chaos","Hologram"],"picked":"Redo+1","floor":24.0},{"not_picked":["Coolheaded","Reinforced Body+1","Turbo+1"],"picked":"SKIP","floor":31},{"not_picked":["Amplify","Creative AI"],"picked":"All For One","floor":33},{"not_picked":["FTL","Steam+1"],"picked":"Gash+1","floor":35},{"not_picked":["Conserve Battery","Force Field+1","Scrape"],"picked":"SKIP","floor":36},{"not_picked":["Hologram","Steam Power+1","Rebound+1"],"picked":"SKIP","floor":37},{"not_picked":["Reinforced Body","Hologram","Chill"],"picked":"SKIP","floor":39},{"not_picked":["Hello World","Auto Shields+1","Rebound"],"picked":"SKIP","floor":40},{"not_picked":["Skim+1","Stack","Hologram"],"picked":"SKIP","floor":45},{"not_picked":["Steam","Storm"],"picked":"Go for the Eyes+1","floor":46}],"player_experience":527498,"relics_obtained":[{"floor":7.0,"key":"Girya"},{"floor":9.0,"key":"Regal Pillow"},{"floor":24.0,"key":"Bag of Preparation"},{"floor":26,"key":"Letter Opener"},{"floor":27,"key":"Nunchaku"},{"floor":27,"key":"Gremlin Horn"},{"floor":40,"key":"Mercury Hourglass"},{"floor":45,"key":"Torii"}],"event_choices":[{"damage_healed":0.0,"max_hp_gain":0.0,"max_hp_loss":0.0,"gold_gain":0.0,"event_name":"The Woman in Blue","player_choice":"Bought 0 Potions","floor":2.0,"gold_loss":0.0,"damage_taken":0.0},{"damage_healed":0.0,"max_hp_gain":0.0,"max_hp_loss":0.0,"gold_gain":0.0,"event_name":"Upgrade Shrine","player_choice":"Upgraded","floor":11.0,"gold_loss":0.0,"damage_taken":0.0,"cards_upgraded":["Dualcast"]},{"damage_healed":0.0,"max_hp_gain":0.0,"max_hp_loss":0.0,"gold_gain":0.0,"event_name":"WeMeetAgain","player_choice":"Gave Potion","floor":14.0,"gold_loss":0.0,"damage_taken":0.0,"relics_obtained":["Ancient Tea Set"]},{"damage_healed":0.0,"max_hp_gain":0.0,"max_hp_loss":0.0,"gold_gain":99.0,"event_name":"Nest","player_choice":"Stole From Cult","floor":21.0,"gold_loss":0.0,"damage_taken":0.0},{"cards_removed":["Strike_B"],"damage_healed":0,"gold_gain":0,"player_choice":"Elegance","damage_taken":0,"max_hp_gain":0,"max_hp_loss":0,"event_name":"Back to Basics","floor":25,"gold_loss":0},{"damage_healed":0,"gold_gain":0,"player_choice":"Fight","damage_taken":0,"max_hp_gain":0,"max_hp_loss":0,"event_name":"Colosseum","floor":27,"gold_loss":0},{"damage_healed":0,"gold_gain":0,"player_choice":"Fought Nobs","damage_taken":0,"max_hp_gain":0,"max_hp_loss":0,"event_name":"Colosseum","floor":27,"gold_loss":0},{"damage_healed":0,"gold_gain":0,"player_choice":"Ignored","damage_taken":0,"max_hp_gain":0,"max_hp_loss":0,"event_name":"Cursed Tome","floor":30,"gold_loss":0},{"damage_healed":0,"gold_gain":100,"player_choice":"Pray","damage_taken":0,"max_hp_gain":0,"max_hp_loss":0,"event_name":"Golden Shrine","floor":38,"gold_loss":0},{"damage_healed":0,"gold_gain":0,"player_choice":"Got Potions","damage_taken":0,"max_hp_gain":0,"max_hp_loss":0,"event_name":"Lab","floor":44,"gold_loss":0}],"is_beta":true,"boss_relics":[{"not_picked":["Runic Pyramid","Snecko Eye"],"picked":"Cursed Key"},{"not_picked":["Busted Crown","White Beast Statue"],"picked":"Nuclear Battery"}],"items_purged_floors":[28,42,48],"is_endless":false,"potions_floor_spawned":[1,4,8,16,19,22,27,33,35,36,45],"ascension_level":2}