{"gold_per_floor":[112,122,138,63,13,40,40,40,66,82,82,100,115,115,115,115],"floor_reached":16,"playtime":722,"items_purged":["Defend_B"],"score":102,"play_id":"e204171f-7fca-4563-9526-0f4d24bf7215","local_time":"20190811004513","is_ascension_mode":false,"campfire_choices":[{"data":"Leap","floor":11,"key":"SMITH"},{"data":"Dualcast","floor":15,"key":"SMITH"}],"neow_cost":"NONE","seed_source_timestamp":489421852176454,"circlet_count":0,"master_deck":["Strike_B","Strike_B","Strike_B","Defend_B+1","Defend_B","Zap+1","Dualcast+1","Leap+1","Gash"],"relics":["Cracked Core","Smiling Mask","Ancient Tea Set","Bag of Marbles"],"potions_floor_usage":[6,10],"damage_taken":[{"damage":0,"enemies":"Small Slimes","floor":1,"turns":2},{"damage":0,"enemies":"Jaw Worm","floor":2,"turns":3},{"damage":0,"enemies":"Cultist","floor":3,"turns":3},{"damage":8,"enemies":"Lagavulin","floor":6,"turns":8},{"damage":0,"enemies":"2 Fungi Beasts","floor":10,"turns":2},{"damage":0,"enemies":"Large Slime","floor":12,"turns":4},{"damage":0,"enemies":"Gremlin Gang","floor":13,"turns":4},{"damage":53,"enemies":"Hexaghost","floor":16,"turns":9}],"seed_played":"-1188855553255253511","potions_obtained":[{"floor":2,"key":"SkillPotion"},{"floor":6,"key":"Explosive Potion"},{"floor":13,"key":"Explosive Potion"}],"is_trial":false,"path_per_floor":["M","M","M","$","?","E","$","?","T","M","R","M","M","?","R","B"],"character_chosen":"DEFECT","items_purchased":[],"campfire_rested":0,"item_purchase_floors":[],"current_hp_per_floor":[75,75,75,75,75,67,67,52,52,52,52,52,52,52,52,0],"gold":115,"neow_bonus":"REMOVE_CARD","is_prod":false,"is_daily":false,"chose_seed":false,"campfire_upgraded":2,"win_rate":0,"timestamp":1565509513,"path_taken":["M","M","M","$","?","E","$","?","T","M","R","M","?","?","R","BOSS"],"build_version":"2019-07-17","purchased_purges":1,"victory":false,"max_hp_per_floor":[75,75,75,75,75,75,75,75,75,75,75,75,75,75,75,75],"card_choices":[{"not_picked":["Barrage","Melter"],"picked":"Leap","floor":1},{"not_picked":["Blizzard","Cold Snap","Barrage"],"picked":"SKIP","floor":2},{"not_picked":["Streamline","Sweeping Beam","Beam Cell"],"picked":"SKIP","floor":3},{"not_picked":["Sweeping Beam","Consume","Redo"],"picked":"SKIP","floor":6},{"not_picked":["Leap","Hologram"],"picked":"Gash","floor":10},{"not_picked":["Go for the Eyes","Melter","Redo"],"picked":"SKIP","floor":12},{"not_picked":["Reprogram","Biased Cognition","Ball Lightning"],"picked":"SKIP","floor":13}],"player_experience":549385,"relics_obtained":[{"floor":6,"key":"Smiling Mask"},{"floor":9,"key":"Ancient Tea Set"}],"event_choices":[{"cards_removed":["Defend_B"],"damage_healed":0,"gold_gain":0,"player_choice":"Card Removal","damage_taken":0,"max_hp_gain":0,"max_hp_loss":0,"event_name":"The Cleric","floor":5,"gold_loss":50},{"damage_healed":0,"gold_gain":0,"player_choice":"Entered Light","damage_taken":15,"max_hp_gain":0,"max_hp_loss":0,"event_name":"Shining Light","floor":8,"gold_loss":0,"cards_upgraded":["Zap","Defend_B"]},{"damage_healed":0,"gold_gain":0,"player_choice":"Gave Potion","damage_taken":0,"relics_obtained":["Bag of Marbles"],"max_hp_gain":0,"max_hp_loss":0,"event_name":"WeMeetAgain","floor":14,"gold_loss":0}],"is_beta":false,"boss_relics":[],"items_purged_floors":[4],"is_endless":false,"potions_floor_spawned":[2,6,13],"killed_by":"Hexaghost","ascension_level":0}