{"gold_per_floor":[109,109,122,137,17,50,50,3,3,3,3,17,17,45,45,45],"floor_reached":16,"playtime":1002,"items_purged":["Defend_G"],"score":162,"play_id":"16e95c3d-b36c-48aa-8010-79f02e881893","local_time":"20190812204837","is_ascension_mode":true,"campfire_choices":[{"floor":11,"key":"REST"},{"floor":13,"key":"REST"},{"data":"After Image","floor":15,"key":"SMITH"}],"neow_cost":"NONE","seed_source_timestamp":179374081140300,"circlet_count":0,"master_deck":["AscendersBane","Strike_G","Strike_G","Strike_G","Strike_G","Strike_G","Defend_G","Defend_G","Defend_G","Survivor","Neutralize","Deep Breath","Backflip","Dodge and Roll","Dagger Throw","After Image+1","Quick Slash","Heel Hook","Cloak And Dagger"],"relics":["Ring of the Snake","Ginger","Matryoshka","Frozen Egg 2"],"potions_floor_usage":[6,6,14,14],"damage_taken":[{"damage":3,"enemies":"Jaw Worm","floor":1,"turns":8},{"damage":0,"enemies":"Cultist","floor":3,"turns":4},{"damage":2,"enemies":"2 Louse","floor":4,"turns":3},{"damage":56,"enemies":"Gremlin Nob","floor":6,"turns":7},{"damage":0,"enemies":"Looter","floor":12,"turns":4},{"damage":6,"enemies":"3 Sentries","floor":14,"turns":10},{"damage":13,"enemies":"Hexaghost","floor":16,"turns":9}],"seed_played":"1480317442751856333","potions_obtained":[{"floor":1,"key":"SneckoOil"},{"floor":4,"key":"Weak Potion"},{"floor":10,"key":"Dexterity Potion"},{"floor":10,"key":"Ancient Potion"},{"floor":10,"key":"EssenceOfSteel"}],"is_trial":false,"path_per_floor":["M","?","M","M","$","E","?","$","T","?","R","M","R","E","R","B"],"character_chosen":"THE_SILENT","items_purchased":["Dagger Throw","Quick Slash"],"campfire_rested":2,"item_purchase_floors":[5,8],"current_hp_per_floor":[60,60,60,58,58,2,2,2,2,2,23,23,44,38,38,25],"gold":45,"neow_bonus":"RANDOM_COLORLESS","is_prod":false,"is_daily":false,"chose_seed":false,"campfire_upgraded":1,"win_rate":0,"timestamp":1565668117,"path_taken":["M","?","M","?","$","E","?","$","T","?","R","?","R","E","R","BOSS"],"build_version":"2019-07-17","purchased_purges":1,"victory":false,"max_hp_per_floor":[70,70,70,70,70,70,70,70,70,70,70,70,70,70,70,70],"card_choices":[{"not_picked":["Prepared","Sucker Punch"],"picked":"Backflip","floor":1},{"not_picked":["Backflip","Flying Knee"],"picked":"Dodge and Roll","floor":3},{"not_picked":["Blade Dance","Underhanded Strike","PiercingWail"],"picked":"SKIP","floor":4},{"not_picked":["Reflex","Well Laid Plans"],"picked":"After Image","floor":6},{"not_picked":["Dagger Throw","Sucker Punch"],"picked":"Heel Hook","floor":12},{"not_picked":["Well Laid Plans","Choke"],"picked":"Cloak And Dagger","floor":14}],"player_experience":323993,"relics_obtained":[{"floor":6,"key":"Ginger"},{"floor":9,"key":"Matryoshka"},{"floor":14,"key":"Frozen Egg 2"}],"event_choices":[{"cards_removed":["Defend_G"],"damage_healed":0,"gold_gain":0,"player_choice":"Purged","damage_taken":0,"max_hp_gain":0,"max_hp_loss":0,"event_name":"Purifier","floor":2,"gold_loss":0},{"damage_healed":0,"gold_gain":0,"player_choice":"Ignored","damage_taken":0,"max_hp_gain":0,"max_hp_loss":0,"event_name":"Shining Light","floor":7,"gold_loss":0},{"damage_healed":0,"gold_gain":0,"player_choice":"Got Potions","damage_taken":0,"max_hp_gain":0,"max_hp_loss":0,"event_name":"Lab","floor":10,"gold_loss":0}],"is_beta":false,"boss_relics":[],"items_purged_floors":[5],"is_endless":false,"potions_floor_spawned":[1,4],"killed_by":"Hexaghost","ascension_level":10}