{"gold_per_floor":[212,212,27,202,202,202,261,64,116,116,17,33,52,87,87,191,191,207,207,167,65,46,72,90,90,90,108,108,141,141,152,152,255,255,266,286,1285,1285,386,386,401,411,492,124,159,159,15,15,15,15],"floor_reached":51,"playtime":8018,"items_purged":["Doubt","Strike_R"],"score":759,"play_id":"5550c226-efe3-42fc-81f6-0b11eb5f769f","local_time":"20190813214116","is_ascension_mode":false,"campfire_choices":[{"data":"Flame Barrier","floor":6,"key":"SMITH"},{"floor":10,"key":"REST"},{"data":"Armaments","floor":15,"key":"SMITH"},{"floor":25,"key":"REST"},{"floor":28,"key":"REST"},{"floor":32,"key":"REST"},{"data":"Double Tap","floor":40,"key":"SMITH"},{"floor":46,"key":"REST"},{"floor":49,"key":"REST"}],"neow_cost":"NONE","seed_source_timestamp":2681461332246200,"circlet_count":0,"master_deck":["Strike_R","Strike_R","Strike_R","Strike_R","Defend_R","Defend_R+1","Defend_R","Defend_R","Bash+1","Flame Barrier+1","Pummel+1","Corruption","Feed","Combust","True Grit+1","Armaments+1","Reckless Charge","Rage+1","Barricade","Double Tap+1","Warcry+1","Flame Barrier","Headbutt","Cleave+1","True Grit+1","Intimidate","Body Slam+1","Inflame+1","Feed","Flex+1","Anger+1","The Bomb","Feed","Parasite","Iron Wave+1","Ghostly Armor","Shockwave+1","Madness","Madness"],"relics":["Burning Blood","Pantograph","Orichalcum","Mummified Hand","Bronze Scales","War Paint","Philosopher\u0027s Stone","Ornamental Fan","Bottled Tornado","Oddly Smooth Stone","Darkstone Periapt","Velvet Choker","Pen Nib","Dodecahedron","Chemical X","Meat on the Bone","Bag of Marbles","Blood Vial","PreservedInsect","Whetstone"],"potions_floor_usage":[7,16,23,24,33,45,50],"damage_taken":[{"damage":1,"enemies":"Cultist","floor":1,"turns":4},{"damage":23,"enemies":"3 Sentries","floor":7,"turns":13},{"damage":0,"enemies":"2 Louse","floor":12,"turns":2},{"damage":2,"enemies":"Small Slimes","floor":13,"turns":3},{"damage":14,"enemies":"3 Sentries","floor":14,"turns":6},{"damage":21,"enemies":"Slime Boss","floor":16,"turns":12},{"damage":11,"enemies":"Chosen","floor":18,"turns":7},{"damage":11,"enemies":"2 Thieves","floor":22,"turns":4},{"damage":27,"enemies":"Gremlin Leader","floor":23,"turns":9},{"damage":32,"enemies":"Sentry and Sphere","floor":24,"turns":7},{"damage":3,"enemies":"Snecko","floor":27,"turns":6},{"damage":43,"enemies":"Slavers","floor":29,"turns":6},{"damage":0,"enemies":"Snake Plant","floor":31,"turns":5},{"damage":31,"enemies":"Automaton","floor":33,"turns":14},{"damage":1,"enemies":"Orb Walker","floor":35,"turns":4},{"damage":18,"enemies":"3 Darklings","floor":36,"turns":12},{"damage":24,"enemies":"4 Shapes","floor":41,"turns":7},{"damage":17,"enemies":"Writhing Mass","floor":42,"turns":7},{"damage":36,"enemies":"Nemesis","floor":45,"turns":9},{"damage":123,"enemies":"Donu and Deca","floor":50,"turns":12}],"seed_played":"8796336210871396347","potions_obtained":[{"floor":1,"key":"PowerPotion"},{"floor":12,"key":"FearPotion"},{"floor":22,"key":"Dexterity Potion"},{"floor":23,"key":"Regen Potion"},{"floor":31,"key":"EssenceOfSteel"},{"floor":42,"key":"Ancient Potion"},{"floor":45,"key":"SkillPotion"}],"is_trial":false,"path_per_floor":["M","?","$","?","?","R","?","$","T","R","$","M","M","E","R","B",null,"M","?","?","$","M","E","M","R","T","M","R","E","T","M","R","B",null,"M","M","?","?","$","R","M","M","T","$","E","R","$","?","R","B",null],"character_chosen":"IRONCLAD","items_purchased":["Orichalcum","Pummel","Feed","Combust","True Grit","Armaments","Flame Barrier","Headbutt","Pen Nib","Dodecahedron","The Bomb","Chemical X","Bag of Marbles","Blood Vial","Ghostly Armor","Whetstone"],"campfire_rested":6,"item_purchase_floors":[3,3,8,8,8,11,21,21,39,39,39,39,44,44,44,47],"current_hp_per_floor":[80,80,80,80,73,73,56,56,56,80,80,80,80,75,75,68,83,78,62,62,62,60,39,32,60,60,63,91,57,57,63,92,73,98,101,89,101,101,101,101,89,87,87,87,71,109,109,93,128,23],"gold":15,"neow_bonus":"HUNDRED_GOLD","is_prod":false,"is_daily":false,"chose_seed":false,"campfire_upgraded":3,"win_rate":0,"timestamp":1565757676,"path_taken":["M","?","$","?","?","R","?","$","T","R","?","M","M","E","R","BOSS","M","?","?","$","M","E","?","R","T","M","R","E","?","M","R","BOSS","M","M","?","?","$","R","M","?","T","$","E","R","?","?","R","BOSS"],"build_version":"2019-07-17","purchased_purges":2,"victory":true,"max_hp_per_floor":[80,80,80,80,80,80,80,80,80,80,80,80,80,83,83,83,83,83,88,88,88,91,91,95,95,95,95,95,98,98,98,98,98,98,101,101,113,113,113,113,119,128,128,128,128,128,128,128,128,128],"card_choices":[{"not_picked":["Dual Wield","Blood for Blood"],"picked":"Flame Barrier","floor":1},{"not_picked":["Wild Strike","Perfected Strike"],"picked":"Corruption","floor":7},{"not_picked":["Pommel Strike","True Grit"],"picked":"Reckless Charge","floor":12},{"not_picked":["Seeing Red","Clash"],"picked":"Rage","floor":13},{"not_picked":["Inflame","Anger"],"picked":"Barricade","floor":14},{"not_picked":["Feed","Reaper"],"picked":"Double Tap","floor":16},{"not_picked":["Battle Trance","Sword Boomerang"],"picked":"Warcry+1","floor":18},{"not_picked":["Second Wind","Evolve"],"picked":"Cleave","floor":22},{"not_picked":["Body Slam","Twin Strike"],"picked":"True Grit+1","floor":23},{"not_picked":["Anger","Thunderclap+1"],"picked":"Intimidate","floor":24},{"not_picked":["Intimidate+1","Demon Form"],"picked":"Body Slam+1","floor":27},{"not_picked":["Anger","Intimidate"],"picked":"Inflame+1","floor":29},{"not_picked":["Sever Soul","Sword Boomerang","Wild Strike"],"picked":"SKIP","floor":31},{"not_picked":["Barricade","Limit Break"],"picked":"Feed","floor":33},{"not_picked":["Clash+1","Clothesline"],"picked":"Flex+1","floor":35},{"not_picked":["Wild Strike","Shrug It Off"],"picked":"Anger+1","floor":36},{"not_picked":["Rupture","Inflame"],"picked":"Feed","floor":41},{"not_picked":["Infernal Blade","Blood for Blood+1"],"picked":"Iron Wave+1","floor":42},{"not_picked":["Armaments","Twin Strike+1"],"picked":"Shockwave+1","floor":45}],"player_experience":71021,"relics_obtained":[{"floor":7,"key":"Mummified Hand"},{"floor":9,"key":"Bronze Scales"},{"floor":14,"key":"War Paint"},{"floor":23,"key":"Ornamental Fan"},{"floor":26,"key":"Bottled Tornado"},{"floor":29,"key":"Oddly Smooth Stone"},{"floor":30,"key":"Darkstone Periapt"},{"floor":43,"key":"Meat on the Bone"},{"floor":45,"key":"PreservedInsect"}],"event_choices":[{"damage_healed":0,"gold_gain":0,"player_choice":"Box","damage_taken":0,"relics_obtained":["Pantograph"],"max_hp_gain":0,"max_hp_loss":0,"event_name":"Big Fish","floor":2,"gold_loss":0,"cards_obtained":["Regret"]},{"damage_healed":0,"gold_gain":175,"player_choice":"AGREE","damage_taken":0,"max_hp_gain":0,"max_hp_loss":0,"event_name":"Liars Game","floor":4,"gold_loss":0,"cards_obtained":["Doubt"]},{"cards_removed":["Regret"],"damage_healed":0,"gold_gain":0,"player_choice":"Card Removal","damage_taken":7,"max_hp_gain":0,"max_hp_loss":0,"event_name":"Golden Wing","floor":5,"gold_loss":0},{"damage_healed":0,"gold_gain":0,"player_choice":"Searched \u00271\u0027 times","damage_taken":0,"max_hp_gain":0,"max_hp_loss":0,"event_name":"Dead Adventurer","floor":7,"gold_loss":0},{"damage_healed":0,"gold_gain":0,"player_choice":"Shed Blood","damage_taken":21,"max_hp_gain":5,"max_hp_loss":0,"event_name":"Forgotten Altar","floor":19,"gold_loss":0},{"damage_healed":0,"gold_gain":0,"player_choice":"Upgraded Two","damage_taken":0,"max_hp_gain":0,"max_hp_loss":0,"event_name":"Designer","floor":20,"gold_loss":40,"cards_upgraded":["Bash","True Grit"]},{"damage_healed":0,"gold_gain":999,"player_choice":"Gold","damage_taken":0,"max_hp_gain":0,"max_hp_loss":0,"event_name":"MindBloom","floor":37,"gold_loss":0,"cards_obtained":["Normality","Normality"]},{"cards_removed":["Normality","Normality"],"damage_healed":0,"gold_gain":0,"player_choice":"Removed Curses","damage_taken":0,"max_hp_gain":0,"max_hp_loss":0,"event_name":"Fountain of Cleansing","floor":38,"gold_loss":0},{"damage_healed":0,"gold_gain":0,"player_choice":"Embrace Madness","damage_taken":16,"max_hp_gain":0,"max_hp_loss":0,"event_name":"Winding Halls","floor":48,"gold_loss":0,"cards_obtained":["Madness","Madness"]}],"is_beta":false,"boss_relics":[{"not_picked":["Calling Bell","Astrolabe"],"picked":"Philosopher\u0027s Stone"},{"not_picked":["Snecko Eye","Runic Pyramid"],"picked":"Velvet Choker"}],"items_purged_floors":[11,39],"is_endless":false,"potions_floor_spawned":[1,12,22,23,31,42,45],"ascension_level":0}