{"gold_per_floor":[117,133,208,220,220,220,252,252,276,276,292,166,166,66,66,168,168,185,284,284,298,310,310,35,60,85,85],"floor_reached":27,"playtime":2795,"items_purged":["Strike_G","Strike_G","Strike_G"],"score":344,"play_id":"fae4059d-bbf9-4f70-b29f-a34e6b551632","local_time":"20190813174925","is_ascension_mode":true,"campfire_choices":[{"data":"Footwork","floor":6,"key":"SMITH"},{"data":"Neutralize","floor":8,"key":"SMITH"},{"data":"Skewer","floor":10,"key":"SMITH"},{"floor":13,"key":"REST"},{"data":"Bouncing Flask","floor":15,"key":"SMITH"},{"floor":23,"key":"REST"}],"neow_cost":"NONE","seed_source_timestamp":253227988823100,"circlet_count":0,"master_deck":["AscendersBane","Strike_G","Defend_G","Defend_G","Defend_G","Defend_G","Survivor","Neutralize+1","Footwork+1","Dodge and Roll","Quick Slash","Skewer+1","Bouncing Flask+1","Deadly Poison","After Image","All Out Attack","PiercingWail","Terror","Footwork","Deadly Poison"],"relics":["Ring of the Snake","Art of War","Orichalcum","Philosopher\u0027s Stone","Question Card","Blood Vial"],"potions_floor_usage":[7,21,25],"damage_taken":[{"damage":7,"enemies":"Jaw Worm","floor":1,"turns":5},{"damage":0,"enemies":"Cultist","floor":2,"turns":5},{"damage":0,"enemies":"2 Louse","floor":4,"turns":4},{"damage":11,"enemies":"Lagavulin","floor":7,"turns":9},{"damage":13,"enemies":"Exordium Thugs","floor":11,"turns":4},{"damage":11,"enemies":"The Guardian","floor":16,"turns":8},{"damage":18,"enemies":"3 Byrds","floor":18,"turns":8},{"damage":28,"enemies":"2 Thieves","floor":21,"turns":4},{"damage":12,"enemies":"Centurion and Healer","floor":22,"turns":5},{"damage":18,"enemies":"Gremlin Leader","floor":25,"turns":10},{"damage":8,"enemies":"Snecko","floor":27,"turns":2}],"seed_played":"513789026683915293","potions_obtained":[{"floor":1,"key":"Dexterity Potion"},{"floor":4,"key":"AttackPotion"}],"is_trial":false,"path_per_floor":["M","M","?","M","?","R","E","R","T","R","M","$","R","$","R","B",null,"M","?","?","M","M","R","$","E","T","M"],"character_chosen":"THE_SILENT","items_purchased":["Deadly Poison","Footwork","GhostInAJar"],"campfire_rested":2,"item_purchase_floors":[12,24,24],"current_hp_per_floor":[56,56,49,49,49,49,38,38,38,38,25,25,46,46,46,35,61,43,43,43,15,3,24,24,6,6,0],"gold":85,"neow_bonus":"REMOVE_CARD","is_prod":false,"is_daily":false,"chose_seed":false,"campfire_upgraded":4,"win_rate":0,"timestamp":1565743765,"path_taken":["M","M","?","?","?","R","E","R","T","R","M","?","R","$","R","BOSS","M","?","?","M","M","R","$","E","T","?"],"build_version":"2019-07-17","purchased_purges":3,"victory":false,"max_hp_per_floor":[70,70,70,70,70,70,70,70,70,70,70,70,70,70,70,70,70,70,70,70,70,70,70,70,70,70,70],"card_choices":[{"not_picked":["Caltrops","Setup"],"picked":"Footwork","floor":1},{"not_picked":["Prepared","Slice"],"picked":"Dodge and Roll","floor":2},{"not_picked":["Masterful Stab","Slice"],"picked":"Quick Slash","floor":4},{"not_picked":["Outmaneuver","Poisoned Stab"],"picked":"Skewer","floor":7},{"not_picked":["Underhanded Strike","Concentrate"],"picked":"Bouncing Flask","floor":11},{"not_picked":["Grand Finale","Phantasmal Killer"],"picked":"After Image","floor":16},{"not_picked":["Eviscerate","Dagger Throw+1"],"picked":"All Out Attack","floor":18},{"not_picked":["Blade Dance+1","Slice"],"picked":"PiercingWail","floor":21},{"not_picked":["Underhanded Strike+1","Expertise"],"picked":"Terror","floor":22},{"not_picked":["Underhanded Strike","PiercingWail+1"],"picked":"Deadly Poison","floor":25}],"player_experience":334810,"relics_obtained":[{"floor":7,"key":"Art of War"},{"floor":9,"key":"Orichalcum"},{"floor":25,"key":"Question Card"},{"floor":26,"key":"Blood Vial"}],"event_choices":[{"damage_healed":0,"gold_gain":75,"player_choice":"Touch","damage_taken":7,"max_hp_gain":0,"max_hp_loss":0,"event_name":"FaceTrader","floor":3,"gold_loss":0},{"cards_removed":["Strike_G"],"damage_healed":0,"gold_gain":0,"player_choice":"Forget","damage_taken":0,"max_hp_gain":0,"max_hp_loss":0,"event_name":"Living Wall","floor":5,"gold_loss":0},{"damage_healed":0,"gold_gain":99,"player_choice":"Stole From Cult","damage_taken":0,"max_hp_gain":0,"max_hp_loss":0,"event_name":"Nest","floor":19,"gold_loss":0},{"damage_healed":0,"gold_gain":0,"player_choice":"Ignored","damage_taken":0,"max_hp_gain":0,"max_hp_loss":0,"event_name":"Ghosts","floor":20,"gold_loss":0}],"is_beta":false,"boss_relics":[{"not_picked":["Runic Dome","Pandora\u0027s Box"],"picked":"Philosopher\u0027s Stone"}],"items_purged_floors":[12,14,24],"is_endless":false,"potions_floor_spawned":[1,4],"killed_by":"Snecko","ascension_level":10}