{"gold_per_floor":[111,127,202,202,202,202,223,122,146,46,81,10,46,61,61,181,181,199,213,232,252,252,252,290,304,388,403,403],"floor_reached":28,"playtime":3793,"items_purged":["Strike_B","Strike_B"],"score":252,"play_id":"60e2395a-f331-4da8-bce4-f9f47b2ceeab","local_time":"20190308214828","is_ascension_mode":true,"campfire_choices":[{"data":"Zap","floor":6,"key":"SMITH"},{"floor":15,"key":"REST"},{"floor":23,"key":"REST"}],"neow_cost":"NONE","seed_source_timestamp":2994029090819,"circlet_count":0,"master_deck":["Strike_B","Defend_B","Defend_B","Defend_B","Defend_B","Zap+1","Dualcast","Steam Power","Glacier","Streamline","Sweeping Beam","Beam Cell","Reprogram","Darkness","Fission","Machine Learning","Compile Driver","Defragment","Doom and Gloom"],"relics":["Cracked Core","Golden Idol","Blood Vial","Pen Nib","Odd Mushroom","Busted Crown","FaceOfCleric","Bag of Marbles","Tiny Chest"],"potions_floor_usage":[13,16,27,27,27],"damage_taken":[{"damage":0,"enemies":"Cultist","floor":1,"turns":4},{"damage":0,"enemies":"Small Slimes","floor":2,"turns":3},{"damage":0,"enemies":"2 Louse","floor":7,"turns":3},{"damage":17,"enemies":"3 Sentries","floor":11,"turns":6},{"damage":5,"enemies":"The Mushroom Lair","floor":13,"turns":3},{"damage":3,"enemies":"Blue Slaver","floor":14,"turns":4},{"damage":26,"enemies":"The Guardian","floor":16,"turns":11},{"damage":3,"enemies":"Chosen","floor":18,"turns":5},{"damage":28,"enemies":"3 Byrds","floor":19,"turns":5},{"damage":16,"enemies":"Shelled Parasite and Fungi","floor":20,"turns":6},{"damage":19,"enemies":"3 Cultists","floor":21,"turns":6},{"damage":31,"enemies":"Slavers","floor":24,"turns":6},{"damage":9,"enemies":"Snecko","floor":25,"turns":5},{"damage":8,"enemies":"Centurion and Healer","floor":27,"turns":8},{"damage":14,"enemies":"Snake Plant","floor":28,"turns":2}],"seed_played":"1826712896263708301","potions_obtained":[{"floor":7,"key":"Weak Potion"},{"floor":11,"key":"Regen Potion"},{"floor":20,"key":"FearPotion"},{"floor":21,"key":"SteroidPotion"},{"floor":24,"key":"LiquidBronze"},{"floor":25,"key":"SkillPotion"}],"is_trial":false,"path_per_floor":["M","M","?","?","?","R","M","$","T","$","E","$","?","M","R","B",null,"M","M","M","M","?","R","E","M","T","M","M"],"character_chosen":"DEFECT","items_purchased":["Sweeping Beam","Reprogram"],"campfire_rested":2,"item_purchase_floors":[8,12],"current_hp_per_floor":[82,82,71,51,51,51,51,51,51,51,36,36,42,41,65,41,82,79,53,39,22,22,46,18,12,12,7,0],"gold":403,"neow_bonus":"TEN_PERCENT_HP_BONUS","is_prod":false,"is_daily":false,"chose_seed":false,"campfire_upgraded":1,"win_rate":0,"timestamp":1552110508,"path_taken":["M","M","?","?","?","R","M","?","T","$","E","$","?","M","R","BOSS","M","M","M","M","?","R","E","M","T","?","M"],"build_version":"2019-01-23","purchased_purges":2,"victory":false,"max_hp_per_floor":[82,82,82,82,82,82,82,82,82,82,82,82,82,82,82,82,82,82,82,82,82,82,82,83,84,84,85,85],"card_choices":[{"not_picked":["Barrage","Force Field"],"picked":"Steam Power","floor":1},{"not_picked":["Hologram","Cold Snap"],"picked":"Glacier","floor":2},{"not_picked":["Hologram","Barrage"],"picked":"Streamline","floor":7},{"not_picked":["Compile Driver","Undo"],"picked":"Beam Cell","floor":11},{"not_picked":["Rebound","FTL"],"picked":"Darkness","floor":13},{"not_picked":["Cold Snap","Beam Cell"],"picked":"Fission","floor":14},{"not_picked":["Buffer","Hyperbeam"],"picked":"Machine Learning","floor":16},{"not_picked":["Consume"],"picked":"SKIP","floor":18},{"not_picked":["Stack"],"picked":"SKIP","floor":19},{"not_picked":["Rip and Tear"],"picked":"SKIP","floor":20},{"not_picked":[],"picked":"Compile Driver","floor":21},{"not_picked":[],"picked":"Defragment","floor":24},{"not_picked":["Skim"],"picked":"SKIP","floor":25},{"not_picked":[],"picked":"Doom and Gloom","floor":27}],"player_experience":116822,"relics_obtained":[{"floor":9,"key":"Blood Vial"},{"floor":11,"key":"Pen Nib"},{"floor":13,"key":"Odd Mushroom"},{"floor":24,"key":"Bag of Marbles"},{"floor":26,"key":"Tiny Chest"}],"event_choices":[{"damage_healed":0,"gold_gain":75,"player_choice":"Gather Gold","damage_taken":11,"max_hp_gain":0,"max_hp_loss":0,"event_name":"World of Goop","floor":3,"gold_loss":0},{"damage_healed":0,"gold_gain":0,"player_choice":"Take Damage","damage_taken":20,"relics_obtained":["Golden Idol"],"max_hp_gain":0,"max_hp_loss":0,"event_name":"Golden Idol","floor":4,"gold_loss":0},{"cards_removed":["Strike_B"],"damage_healed":0,"gold_gain":0,"player_choice":"Forget","damage_taken":0,"max_hp_gain":0,"max_hp_loss":0,"event_name":"Living Wall","floor":5,"gold_loss":0},{"damage_healed":0,"gold_gain":0,"player_choice":"Fought Mushrooms","damage_taken":0,"max_hp_gain":0,"max_hp_loss":0,"event_name":"Mushrooms","floor":13,"gold_loss":0},{"damage_healed":0,"gold_gain":0,"player_choice":"Trade","damage_taken":0,"relics_obtained":["FaceOfCleric"],"max_hp_gain":0,"max_hp_loss":0,"event_name":"FaceTrader","floor":22,"gold_loss":0}],"is_beta":false,"boss_relics":[{"not_picked":["Calling Bell","Orrery"],"picked":"Busted Crown"}],"items_purged_floors":[8,10],"is_endless":false,"potions_floor_spawned":[7,11,20,21,24,25],"killed_by":"Snake Plant","ascension_level":1}