{"gold_per_floor":[117,117,117,41,53,53,72,106,106,86],"floor_reached":10,"playtime":264,"items_purged":[],"score":129,"play_id":"d9356376-d7b2-4181-9595-88727ceb8d78","local_time":"20190723101854","is_ascension_mode":true,"campfire_choices":[{"floor":6,"key":"REST"}],"neow_cost":"NONE","seed_source_timestamp":81158669615089,"circlet_count":0,"master_deck":["AscendersBane","Strike_B+1","Strike_B","Strike_B","Strike_B","Defend_B","Defend_B","Defend_B","Defend_B","Zap","Dualcast","Chaos+1","Self Repair","Consume","Capacitor","Conserve Battery","Skim","Reinforced Body"],"relics":["Cracked Core","Prayer Wheel","Dodecahedron","Girya"],"potions_floor_usage":[5],"damage_taken":[{"damage":7,"enemies":"Jaw Worm","floor":1,"turns":3},{"damage":0,"enemies":"2 Louse","floor":5,"turns":2},{"damage":0,"enemies":"Cultist","floor":7,"turns":4},{"damage":49,"enemies":"Gremlin Nob","floor":8,"turns":4},{"damage":13,"enemies":"Exordium Thugs","floor":10,"turns":1}],"seed_played":"4783372232999321945","potions_obtained":[{"floor":1,"key":"Explosive Potion"}],"is_trial":false,"path_per_floor":["M","?","?","$","M","R","M","E","T","M"],"character_chosen":"DEFECT","items_purchased":["Self Repair"],"campfire_rested":1,"item_purchase_floors":[4],"current_hp_per_floor":[64,41,23,23,23,46,53,11,11,0],"gold":86,"neow_bonus":"TEN_PERCENT_HP_BONUS","is_prod":false,"is_daily":false,"chose_seed":false,"campfire_upgraded":0,"win_rate":0,"timestamp":1563891534,"path_taken":["M","?","?","$","M","R","M","E","T","M"],"build_version":"2019-07-17","purchased_purges":0,"victory":false,"max_hp_per_floor":[78,78,78,78,78,78,78,78,78,78],"card_choices":[{"not_picked":["Leap","Conserve Battery"],"picked":"Chaos","floor":1},{"not_picked":["Coolheaded","Hologram"],"picked":"Consume","floor":5},{"not_picked":["Rebound","Auto Shields"],"picked":"Capacitor","floor":5},{"not_picked":["Go for the Eyes","Steam Power"],"picked":"Conserve Battery","floor":7},{"not_picked":["Streamline","Gash"],"picked":"Skim","floor":7},{"not_picked":["Sweeping Beam","Steam"],"picked":"Reinforced Body","floor":8}],"player_experience":910928,"relics_obtained":[{"floor":8,"key":"Dodecahedron"},{"floor":9,"key":"Girya"}],"event_choices":[{"damage_healed":0,"gold_gain":0,"player_choice":"Entered Light","damage_taken":23,"max_hp_gain":0,"max_hp_loss":0,"event_name":"Shining Light","floor":2,"gold_loss":0,"cards_upgraded":["Chaos","Strike_B"]},{"damage_healed":0,"gold_gain":0,"player_choice":"Success","damage_taken":18,"relics_obtained":["Prayer Wheel"],"max_hp_gain":0,"max_hp_loss":0,"event_name":"Scrap Ooze","floor":3,"gold_loss":0}],"is_beta":false,"boss_relics":[],"items_purged_floors":[],"is_endless":false,"potions_floor_spawned":[1],"killed_by":"Exordium Thugs","ascension_level":19}