{"gold_per_floor":[10,21,71,86,97,124,124,154,154,154,180,193,193,205,205,282,282,300,10,26,26,40,70,70,100,100,115,115,131,131,150,150,227,227,240,240,240,340,240,256,266,266,289,289,289,121,121,121,121,121],"floor_reached":51,"playtime":4486,"items_purged":["Strike_R","Strike_R","Strike_R"],"score":1339,"play_id":"baac404e-5d19-4e2b-8e16-dc7ffa029918","local_time":"20181102213041","is_ascension_mode":true,"campfire_choices":[{"data":"Uppercut","floor":7.0,"key":"SMITH"},{"floor":10.0,"key":"REST"},{"data":"Limit Break","floor":15.0,"key":"SMITH"},{"data":"Inflame","floor":24.0,"key":"SMITH"},{"data":"Flame Barrier","floor":28.0,"key":"SMITH"},{"data":"Battle Trance","floor":30.0,"key":"SMITH"},{"data":"Shrug It Off","floor":32.0,"key":"SMITH"},{"data":"1","floor":42,"key":"LIFT"},{"data":"2","floor":44,"key":"LIFT"},{"data":"3","floor":47,"key":"LIFT"},{"data":"Madness","floor":49,"key":"SMITH"}],"neow_cost":"NO_GOLD","seed_source_timestamp":0,"circlet_count":0,"master_deck":["Strike_R","Strike_R","Defend_R","Defend_R+1","Defend_R","Defend_R","Bash","AscendersBane","Shrug It Off+1","Battle Trance+1","Uppercut+1","Inflame+1","Twin Strike","Limit Break+1","Headbutt","Flame Barrier+1","Disarm+1","Shrug It Off","Shrug It Off","Shrug It Off","Cleave","Madness+1","Madness","Whirlwind"],"special_seed":0,"relics":["Burning Blood","Dead Branch","Shuriken","Lantern","Centennial Puzzle","Meat on the Bone","Charon\u0027s Ashes","Sozu","Brimstone","War Paint","Bronze Scales","Happy Flower","Orichalcum","Busted Crown","Girya","Oddly Smooth Stone"],"potions_floor_usage":[],"damage_taken":[{"damage":1.0,"enemies":"Cultist","floor":1.0,"turns":4.0},{"damage":4.0,"enemies":"2 Louse","floor":2.0,"turns":3.0},{"damage":0.0,"enemies":"Small Slimes","floor":4.0,"turns":4.0},{"damage":13.0,"enemies":"Exordium Thugs","floor":5.0,"turns":4.0},{"damage":36.0,"enemies":"Gremlin Nob","floor":6.0,"turns":5.0},{"damage":24.0,"enemies":"3 Sentries","floor":8.0,"turns":7.0},{"damage":12.0,"enemies":"Lagavulin","floor":11.0,"turns":7.0},{"damage":5.0,"enemies":"2 Fungi Beasts","floor":12.0,"turns":6.0},{"damage":10.0,"enemies":"Lots of Slimes","floor":14.0,"turns":2.0},{"damage":0.0,"enemies":"Slime Boss","floor":16.0,"turns":7.0},{"damage":5.0,"enemies":"Shell Parasite","floor":18.0,"turns":3.0},{"damage":0.0,"enemies":"Chosen","floor":20.0,"turns":3.0},{"damage":2.0,"enemies":"Snake Plant","floor":22.0,"turns":3.0},{"damage":0.0,"enemies":"Gremlin Leader","floor":23.0,"turns":5.0},{"damage":27.0,"enemies":"Book of Stabbing","floor":25.0,"turns":4.0},{"damage":0.0,"enemies":"Shelled Parasite and Fungi","floor":27.0,"turns":2.0},{"damage":0.0,"enemies":"3 Cultists","floor":29.0,"turns":3.0},{"damage":0.0,"enemies":"Chosen and Byrds","floor":31.0,"turns":3.0},{"damage":16.0,"enemies":"Champ","floor":33.0,"turns":5.0},{"damage":3,"enemies":"Orb Walker","floor":35,"turns":3},{"damage":0,"enemies":"Mind Bloom Boss Battle","floor":38,"turns":4},{"damage":0,"enemies":"3 Darklings","floor":40,"turns":4},{"damage":11,"enemies":"Jaw Worm Horde","floor":41,"turns":3},{"damage":44,"enemies":"Donu and Deca","floor":50,"turns":6}],"seed_played":"-7328565956875291788","potions_obtained":[{"floor":1.0,"key":"SkillPotion"},{"floor":8.0,"key":"PowerPotion"},{"floor":12.0,"key":"Strength Potion"},{"floor":14.0,"key":"SpeedPotion"},{"floor":16.0,"key":"Fire Potion"}],"is_trial":false,"path_per_floor":["M","M","?","M","M","E","R","E","E","T","R","E","M","M","?","M","R","B",null,"M","$","M","?","M","E","E","R","E","T","M","R","M","R","M","R","B",null,"M","?","?","?","$","M","M","R","T","R","?","$","R","$","R","B",null],"character_chosen":"IRONCLAD","items_purchased":["Brimstone","Whirlwind"],"campfire_rested":1,"item_purchase_floors":[19,46],"current_hp_per_floor":[73,75,75,75,68,38,38,20,20,42,36,49,31,39,39,45,68,69,69,75,75,75,75,75,54,54,60,60,66,66,72,72,62,72,75,75,61,67,67,73,68,68,68,68,68,68,68,68,68,42],"gold":121,"neow_bonus":"ONE_RARE_RELIC","is_prod":false,"is_daily":false,"chose_seed":false,"campfire_upgraded":7,"win_rate":0,"timestamp":1541208641,"path_taken":["M","?","?","M","M","E","R","E","T","R","E","M","?","?","R","BOSS","M","$","M","?","M","E","R","E","T","M","R","?","R","M","R","BOSS","M","?","?","?","?","M","?","R","T","R","?","$","R","$","R","BOSS"],"build_version":"2018-11-01","purchased_purges":3,"victory":true,"max_hp_per_floor":[75,75,75,75,75,75,75,75,75,75,75,75,75,75,75,75,75,75,75,75,75,75,75,75,75,75,75,75,75,75,75,75,75,75,75,75,75,75,75,75,75,75,75,75,75,75,75,75,75,75],"card_choices":[{"not_picked":["Power Through","Shockwave"],"picked":"Shrug It Off","floor":1.0},{"not_picked":["Uppercut","Reckless Charge"],"picked":"Battle Trance","floor":2.0},{"not_picked":["Rage","Second Wind"],"picked":"Uppercut","floor":4.0},{"not_picked":["Havoc","Flex"],"picked":"Inflame","floor":5.0},{"not_picked":["Battle Trance","Clothesline"],"picked":"Twin Strike","floor":6.0},{"not_picked":["Perfected Strike","Spot Weakness","Wild Strike"],"picked":"SKIP","floor":8.0},{"not_picked":["Combust","Clash"],"picked":"Limit Break","floor":11.0},{"not_picked":["Combust","Shockwave","Sentinel"],"picked":"SKIP","floor":12.0},{"not_picked":["Seeing Red","Sentinel"],"picked":"Headbutt","floor":14.0},{"not_picked":["Heavy Blade","Corruption"],"picked":"Flame Barrier","floor":18.0},{"not_picked":["Warcry","Wild Strike"],"picked":"Disarm","floor":20.0},{"not_picked":["Warcry","Anger"],"picked":"Shrug It Off","floor":22.0},{"not_picked":["Thunderclap","Sword Boomerang"],"picked":"Shrug It Off","floor":23.0},{"not_picked":["Berserk","Perfected Strike","Spot Weakness"],"picked":"SKIP","floor":25.0},{"not_picked":["Havoc","Shockwave"],"picked":"Shrug It Off","floor":27.0},{"not_picked":["Anger+1","Headbutt"],"picked":"Cleave","floor":29.0},{"not_picked":["Inflame","Iron Wave","Dropkick"],"picked":"SKIP","floor":31.0},{"not_picked":["Perfected Strike+1"],"picked":"SKIP","floor":35},{"not_picked":["Inflame"],"picked":"SKIP","floor":40},{"not_picked":["Thunderclap"],"picked":"SKIP","floor":41}],"player_experience":548798,"relics_obtained":[{"floor":6.0,"key":"Shuriken"},{"floor":8.0,"key":"Lantern"},{"floor":9.0,"key":"Centennial Puzzle"},{"floor":11.0,"key":"Meat on the Bone"},{"floor":23.0,"key":"Bronze Scales"},{"floor":25.0,"key":"Happy Flower"},{"floor":26.0,"key":"Orichalcum"},{"floor":38,"key":"Girya"},{"floor":43,"key":"Oddly Smooth Stone"}],"event_choices":[{"damage_healed":0.0,"max_hp_gain":0.0,"max_hp_loss":0.0,"gold_gain":100.0,"event_name":"Golden Shrine","player_choice":"Pray","floor":3.0,"gold_loss":0.0,"damage_taken":0.0},{"damage_healed":0.0,"max_hp_gain":0.0,"max_hp_loss":0.0,"gold_gain":0.0,"event_name":"Scrap Ooze","player_choice":"Success","floor":13.0,"gold_loss":0.0,"damage_taken":18.0,"relics_obtained":["Charon\u0027s Ashes"]},{"damage_healed":0.0,"max_hp_gain":0.0,"max_hp_loss":0.0,"gold_gain":0.0,"event_name":"WeMeetAgain","player_choice":"Gave Potion","floor":21.0,"gold_loss":0.0,"damage_taken":0.0,"relics_obtained":["War Paint"]},{"damage_healed":0,"gold_gain":0,"player_choice":"Ignored","damage_taken":0,"max_hp_gain":0,"max_hp_loss":0,"event_name":"Tomb of Lord Red Mask","floor":36,"gold_loss":0},{"damage_healed":0,"gold_gain":0,"player_choice":"Embrace Madness","damage_taken":14,"max_hp_gain":0,"max_hp_loss":0,"event_name":"Winding Halls","floor":37,"gold_loss":0,"cards_obtained":["Madness","Madness"]},{"damage_healed":0,"gold_gain":0,"player_choice":"Fight","damage_taken":0,"max_hp_gain":0,"max_hp_loss":0,"event_name":"MindBloom","floor":38,"gold_loss":0},{"damage_healed":0,"gold_gain":0,"player_choice":"0 cards matched","damage_taken":0,"max_hp_gain":0,"max_hp_loss":0,"event_name":"Match and Keep!","floor":45,"gold_loss":0,"cards_obtained":[]}],"is_beta":false,"boss_relics":[{"not_picked":["Empty Cage","Runic Cube"],"picked":"Sozu"},{"not_picked":["Black Star","Tiny House"],"picked":"Busted Crown"}],"items_purged_floors":[19,39,46],"is_endless":false,"potions_floor_spawned":[1,8,12,14,16,18,25,27,41],"ascension_level":16}