{"gold_per_floor":[11,27,47,47,47,47,64,99,99,109,125,157,169,181,181,281,281,253,271,287,337,347,347,382,382,382,396,396],"floor_reached":28,"playtime":1897,"items_purged":[],"score":333,"play_id":"13c6b49a-5d65-4436-b95f-8d487a15aff6","local_time":"20190814223229","is_ascension_mode":true,"campfire_choices":[{"data":"Clothesline","floor":6.0,"key":"SMITH"},{"data":"Armaments","floor":15.0,"key":"SMITH"},{"floor":23.0,"key":"REST"},{"floor":25,"key":"REST"}],"neow_cost":"NO_GOLD","seed_source_timestamp":252613350266000,"circlet_count":0,"master_deck":["Strike_R","Defend_R","Defend_R","Defend_R","Defend_R","Bash","Iron Wave","Sword Boomerang","Clothesline+1","Demon Form","Armaments+1","Juggernaut","Barricade","Pummel+1","Anger","Corruption","Twin Strike","Normality","Whirlwind+1"],"special_seed":0,"relics":["Burning Blood","Self Forming Clay","Ginger","Gambling Chip","Cursed Key","Bottled Tornado","Vajra"],"potions_floor_usage":[27],"damage_taken":[{"damage":2.0,"enemies":"Small Slimes","floor":1.0,"turns":5.0},{"damage":3.0,"enemies":"2 Louse","floor":2.0,"turns":3.0},{"damage":1.0,"enemies":"Cultist","floor":3.0,"turns":4.0},{"damage":3.0,"enemies":"Looter","floor":7.0,"turns":3.0},{"damage":2.0,"enemies":"Lagavulin","floor":8.0,"turns":7.0},{"damage":10.0,"enemies":"Exordium Thugs","floor":10.0,"turns":6.0},{"damage":4.0,"enemies":"Blue Slaver","floor":11.0,"turns":4.0},{"damage":12.0,"enemies":"Gremlin Nob","floor":12.0,"turns":6.0},{"damage":8.0,"enemies":"3 Louse","floor":13.0,"turns":5.0},{"damage":4.0,"enemies":"Lots of Slimes","floor":14.0,"turns":5.0},{"damage":8.0,"enemies":"Slime Boss","floor":16.0,"turns":8.0},{"damage":35.0,"enemies":"2 Thieves","floor":18.0,"turns":5.0},{"damage":8.0,"enemies":"Spheric Guardian","floor":19.0,"turns":4.0},{"damage":18.0,"enemies":"Centurion and Healer","floor":20.0,"turns":6.0},{"damage":14.0,"enemies":"3 Cultists","floor":22.0,"turns":4.0},{"damage":33,"enemies":"Book of Stabbing","floor":24,"turns":7},{"damage":32,"enemies":"Shelled Parasite and Fungi","floor":27,"turns":5},{"damage":24,"enemies":"Gremlin Leader","floor":28,"turns":2}],"seed_played":"2002156822321567715","potions_obtained":[{"floor":1.0,"key":"SkillPotion"},{"floor":2.0,"key":"Ancient Potion"},{"floor":3.0,"key":"Block Potion"},{"floor":14.0,"key":"LiquidBronze"},{"floor":18.0,"key":"Weak Potion"},{"floor":20.0,"key":"Explosive Potion"},{"floor":24,"key":"SkillPotion"}],"is_trial":false,"path_per_floor":["M","M","M","?","?","R","M","E","T","M","M","E","M","M","R","B",null,"M","M","M","?","M","R","E","R","T","M","E"],"character_chosen":"IRONCLAD","items_purchased":[],"campfire_rested":2,"item_purchase_floors":[],"current_hp_per_floor":[76,79,80,73,73,73,76,80,80,76,78,72,70,72,72,70,78,49,47,35,35,27,51,24,48,48,22,0],"gold":396,"neow_bonus":"REMOVE_TWO","is_prod":false,"is_daily":false,"chose_seed":false,"campfire_upgraded":2,"win_rate":0,"timestamp":1565811149,"path_taken":["M","M","M","?","?","R","M","E","T","M","M","E","M","M","R","BOSS","M","?","M","?","M","R","E","R","T","?","E"],"build_version":"2019-07-17","purchased_purges":0,"victory":false,"max_hp_per_floor":[80,80,80,80,80,80,80,80,80,80,80,80,80,80,80,80,80,80,80,80,80,80,80,80,80,80,80,80],"card_choices":[{"not_picked":["Power Through","Clothesline"],"picked":"Iron Wave","floor":1.0},{"not_picked":["Power Through","Headbutt"],"picked":"Sword Boomerang","floor":2.0},{"not_picked":["Thunderclap","Perfected Strike"],"picked":"Clothesline","floor":3.0},{"not_picked":["Intimidate","Clothesline"],"picked":"Demon Form","floor":7.0},{"not_picked":["Whirlwind","Berserk","Rupture"],"picked":"SKIP","floor":8.0},{"not_picked":["Flex","Evolve","Reckless Charge"],"picked":"SKIP","floor":10.0},{"not_picked":["Thunderclap","Reckless Charge"],"picked":"Armaments","floor":11.0},{"not_picked":["Sever Soul","Headbutt"],"picked":"Juggernaut","floor":12.0},{"not_picked":["Thunderclap","Perfected Strike","Rupture"],"picked":"SKIP","floor":13.0},{"not_picked":["Hemokinesis","Clash","Armaments"],"picked":"SKIP","floor":14.0},{"not_picked":["Immolate","Dark Embrace"],"picked":"Barricade","floor":16.0},{"not_picked":["Clothesline+1","Clash"],"picked":"Pummel+1","floor":18.0},{"not_picked":["Headbutt","Clothesline+1"],"picked":"Anger","floor":19.0},{"not_picked":["Rupture","Pommel Strike"],"picked":"Corruption","floor":20.0},{"not_picked":["Sever Soul","Flame Barrier","True Grit"],"picked":"SKIP","floor":22.0},{"not_picked":["Thunderclap","Iron Wave"],"picked":"Twin Strike","floor":24},{"not_picked":["Cleave","Evolve"],"picked":"Whirlwind+1","floor":27}],"player_experience":213023,"relics_obtained":[{"floor":8.0,"key":"Self Forming Clay"},{"floor":9.0,"key":"Ginger"},{"floor":12.0,"key":"Gambling Chip"},{"floor":24,"key":"Bottled Tornado"},{"floor":26,"key":"Vajra"}],"event_choices":[{"cards_removed":["Strike_R"],"damage_healed":0.0,"max_hp_gain":0.0,"max_hp_loss":0.0,"gold_gain":0.0,"event_name":"Golden Wing","player_choice":"Card Removal","floor":4.0,"gold_loss":0.0,"damage_taken":7.0},{"cards_removed":["Strike_R"],"damage_healed":0.0,"max_hp_gain":0.0,"max_hp_loss":0.0,"gold_gain":0.0,"event_name":"Bonfire Elementals","player_choice":"Offered Basic","floor":5.0,"gold_loss":0.0,"damage_taken":0.0},{"damage_healed":0.0,"max_hp_gain":0.0,"max_hp_loss":0.0,"gold_gain":100.0,"event_name":"The Joust","player_choice":"Bet on Murderer","floor":21.0,"gold_loss":50.0,"damage_taken":0.0}],"is_beta":false,"boss_relics":[{"not_picked":["Pandora\u0027s Box","Orrery"],"picked":"Cursed Key"}],"items_purged_floors":[],"is_endless":false,"potions_floor_spawned":[1,2,3,12,14,18,20,24],"killed_by":"Gremlin Leader","ascension_level":6}