{"gold_per_floor":[119,129,47,64,139,139,170,170,170,204,204,379,379],"floor_reached":13,"playtime":509,"items_purged":[],"score":91,"play_id":"f9578ac2-4c9f-4278-8f67-6af64e2bf809","local_time":"20190107000750","is_ascension_mode":false,"campfire_choices":[{"data":"Flex","floor":6.0,"key":"SMITH"},{"data":"Searing Blow","floor":11,"key":"SMITH"}],"neow_cost":"NONE","seed_source_timestamp":137337259259779,"circlet_count":0,"master_deck":["Strike_R","Strike_R","Strike_R","Strike_R","Defend_R","Defend_R","Defend_R","Defend_R","Bash","Headbutt","Disarm","Feel No Pain","Flex+1","Searing Blow+1","Doubt"],"special_seed":0,"relics":["Burning Blood","NeowsBlessing","Frozen Egg 2","Dream Catcher","Torii"],"potions_floor_usage":[],"damage_taken":[{"damage":0.0,"enemies":"Jaw Worm","floor":1.0,"turns":1.0},{"damage":0.0,"enemies":"2 Louse","floor":2.0,"turns":2.0},{"damage":0.0,"enemies":"Small Slimes","floor":4.0,"turns":2.0},{"damage":47.0,"enemies":"Lagavulin","floor":7.0,"turns":6.0},{"damage":19,"enemies":"3 Sentries","floor":10,"turns":10},{"damage":18,"enemies":"Exordium Wildlife","floor":13,"turns":3}],"seed_played":"3766136765779723177","potions_obtained":[{"floor":2.0,"key":"AttackPotion"}],"is_trial":false,"path_per_floor":["M","M","$","M","?","R","E","?","T","E","R","?","M"],"character_chosen":"IRONCLAD","items_purchased":["Feel No Pain"],"campfire_rested":0,"item_purchase_floors":[3],"current_hp_per_floor":[80,80,80,80,69,69,28,28,28,15,15,15,0],"gold":379,"neow_bonus":"THREE_ENEMY_KILL","is_prod":false,"is_daily":false,"chose_seed":false,"campfire_upgraded":2,"win_rate":0,"timestamp":1546837670,"path_taken":["M","M","$","M","?","R","E","?","T","E","R","?","?"],"build_version":"2019-01-03v4","purchased_purges":0,"victory":false,"max_hp_per_floor":[80,80,80,80,80,80,80,80,80,80,80,80,80],"card_choices":[{"not_picked":["Flex","True Grit"],"picked":"Headbutt","floor":1.0},{"not_picked":["Thunderclap","Armaments"],"picked":"Disarm","floor":2.0},{"not_picked":["Clash","Iron Wave"],"picked":"Flex","floor":4.0},{"not_picked":["Sword Boomerang","Ghostly Armor","Dual Wield"],"picked":"SKIP","floor":7.0},{"not_picked":["Wild Strike","Clash"],"picked":"Searing Blow","floor":10}],"player_experience":681014,"relics_obtained":[{"floor":7.0,"key":"Frozen Egg 2"},{"floor":9.0,"key":"Dream Catcher"},{"floor":10,"key":"Torii"}],"event_choices":[{"damage_healed":0.0,"max_hp_gain":0.0,"max_hp_loss":0.0,"gold_gain":75.0,"event_name":"World of Goop","player_choice":"Gather Gold","floor":5.0,"gold_loss":0.0,"damage_taken":11.0},{"cards_removed":["Strike_R"],"damage_healed":0.0,"max_hp_gain":0.0,"max_hp_loss":0.0,"gold_gain":0.0,"event_name":"Living Wall","player_choice":"Forget","floor":8.0,"gold_loss":0.0,"damage_taken":0.0},{"damage_healed":0,"gold_gain":175,"player_choice":"AGREE","damage_taken":0,"max_hp_gain":0,"max_hp_loss":0,"event_name":"Liars Game","floor":12,"gold_loss":0,"cards_obtained":["Doubt"]}],"is_beta":false,"boss_relics":[],"items_purged_floors":[],"is_endless":false,"potions_floor_spawned":[2],"killed_by":"Exordium Wildlife","ascension_level":0}