{"gold_per_floor":[114,129,144,144,159,189,204,204,204,234,249,264,38,53,53,153,153,168,183,198,213,228,228,243,243,268,268,298,313,313,343,343,343],"floor_reached":33,"playtime":1947,"items_purged":[],"score":405,"play_id":"d33b4658-8527-46ba-9957-7664036bc0e6","local_time":"20190709182849","daily_mods":["Specialized","Red Cards","Lethality"],"is_ascension_mode":false,"campfire_choices":[{"data":"Neutralize","floor":8.0,"key":"SMITH"},{"data":"Double Tap","floor":15.0,"key":"SMITH"},{"data":"Dash","floor":23.0,"key":"SMITH"},{"data":"Sword Boomerang","floor":25.0,"key":"SMITH"},{"data":"Limit Break","floor":30.0,"key":"SMITH"},{"floor":32.0,"key":"REST"}],"neow_cost":"","seed_source_timestamp":0,"circlet_count":0,"master_deck":["Strike_G","Strike_G","Strike_G","Strike_G","Strike_G+1","Defend_G","Defend_G","Defend_G","Defend_G","Defend_G","Survivor","Neutralize+1","Double Tap+1","Double Tap","Double Tap","Double Tap+1","Double Tap+1","Anger","Dagger Throw","Disarm","Sword Boomerang+1","Cloak And Dagger+1","Pummel","Flame Barrier","Pommel Strike","Infinite Blades","Footwork","Shrug It Off","Limit Break+1","Anger","Spot Weakness+1","Pummel+1","Dash+1"],"special_seed":18086,"relics":["Ring of the Snake","Letter Opener","The Specimen","Vajra","War Paint","Sozu","Ancient Tea Set","MutagenicStrength","Oddly Smooth Stone","Sundial"],"potions_floor_usage":[],"damage_taken":[{"damage":2.0,"enemies":"Jaw Worm","floor":1.0,"turns":5.0},{"damage":1.0,"enemies":"2 Louse","floor":2.0,"turns":2.0},{"damage":0.0,"enemies":"Cultist","floor":3.0,"turns":2.0},{"damage":0.0,"enemies":"Looter","floor":5.0,"turns":1.0},{"damage":14.0,"enemies":"Lagavulin","floor":6.0,"turns":5.0},{"damage":4.0,"enemies":"Large Slime","floor":7.0,"turns":4.0},{"damage":0.0,"enemies":"Gremlin Nob","floor":10.0,"turns":2.0},{"damage":0.0,"enemies":"Exordium Thugs","floor":11.0,"turns":2.0},{"damage":5.0,"enemies":"2 Fungi Beasts","floor":12.0,"turns":3.0},{"damage":8.0,"enemies":"Exordium Wildlife","floor":14.0,"turns":3.0},{"damage":0.0,"enemies":"Slime Boss","floor":16.0,"turns":2.0},{"damage":0.0,"enemies":"Chosen","floor":18.0,"turns":3.0},{"damage":0.0,"enemies":"2 Thieves","floor":19.0,"turns":1.0},{"damage":0.0,"enemies":"3 Cultists","floor":20.0,"turns":3.0},{"damage":6.0,"enemies":"Snake Plant","floor":21.0,"turns":2.0},{"damage":0.0,"enemies":"Centurion and Healer","floor":22.0,"turns":3.0},{"damage":21.0,"enemies":"Snecko","floor":24.0,"turns":4.0},{"damage":4.0,"enemies":"Book of Stabbing","floor":28.0,"turns":2.0},{"damage":0.0,"enemies":"Snake Plant","floor":29.0,"turns":3.0},{"damage":13.0,"enemies":"Slavers","floor":31.0,"turns":3.0},{"damage":50,"enemies":"Collector","floor":33,"turns":5}],"seed_played":"2934690668443707342","potions_obtained":[{"floor":3.0,"key":"FearPotion"},{"floor":5.0,"key":"PowerPotion"},{"floor":10.0,"key":"Regen Potion"},{"floor":16.0,"key":"Energy Potion"}],"is_trial":false,"path_per_floor":["M","M","M","?","M","E","M","R","T","E","M","M","$","M","R","B",null,"M","M","M","M","M","R","M","R","T","?","E","M","R","E","R","B"],"character_chosen":"THE_SILENT","items_purchased":["Footwork","War Paint"],"campfire_rested":1,"item_purchase_floors":[13,13],"current_hp_per_floor":[68,67,67,53,53,39,35,35,35,35,35,30,30,22,22,27,70,70,70,70,64,64,64,43,43,43,43,39,39,39,26,47,0],"gold":343,"neow_bonus":"","is_prod":false,"is_daily":true,"chose_seed":false,"campfire_upgraded":5,"win_rate":0,"timestamp":1562711329,"path_taken":["M","M","M","?","M","E","M","R","T","E","M","M","$","M","R","BOSS","M","M","M","M","M","R","M","R","T","?","E","M","R","E","R","BOSS"],"build_version":"2019-07-05","purchased_purges":0,"victory":false,"max_hp_per_floor":[70,70,70,70,70,70,70,70,70,70,70,70,70,70,70,70,70,70,70,70,70,70,70,70,70,70,70,70,70,70,70,70,70],"card_choices":[{"not_picked":["Bouncing Flask","Inflame"],"picked":"Anger","floor":1.0},{"not_picked":["Wild Strike","Inflame"],"picked":"Dagger Throw","floor":2.0},{"not_picked":["Thunderclap","PiercingWail"],"picked":"Disarm","floor":3.0},{"not_picked":["Backflip","Clothesline"],"picked":"Sword Boomerang","floor":5.0},{"not_picked":["Flex","Dagger Throw"],"picked":"Cloak And Dagger","floor":6.0},{"not_picked":["Rampage","Sever Soul"],"picked":"Pummel","floor":7.0},{"not_picked":["Dark Embrace","Bouncing Flask"],"picked":"Flame Barrier","floor":10.0},{"not_picked":["Terror","Underhanded Strike"],"picked":"Pommel Strike","floor":11.0},{"not_picked":["Flechettes","Escape Plan"],"picked":"Infinite Blades","floor":12.0},{"not_picked":["Rampage","Hemokinesis"],"picked":"Shrug It Off","floor":14.0},{"not_picked":["Unload","After Image"],"picked":"Limit Break","floor":16.0},{"not_picked":["Poisoned Stab","Predator"],"picked":"Anger","floor":18.0},{"not_picked":["Clothesline","Sentinel","Backflip"],"picked":"SKIP","floor":19.0},{"not_picked":["Masterful Stab","Iron Wave+1"],"picked":"Spot Weakness+1","floor":20.0},{"not_picked":["Crippling Poison","Tactician+1"],"picked":"Pummel+1","floor":21.0},{"not_picked":["Dagger Throw","Iron Wave"],"picked":"Dash","floor":22.0},{"not_picked":["Caltrops","Bouncing Flask","Blood for Blood"],"picked":"SKIP","floor":24.0},{"not_picked":["Dropkick","Shrug It Off","Eviscerate"],"picked":"SKIP","floor":28.0},{"not_picked":["Flying Knee","Terror","Flechettes"],"picked":"SKIP","floor":29.0},{"not_picked":["Accuracy","Dark Embrace","Entrench"],"picked":"SKIP","floor":31.0}],"player_experience":625944,"relics_obtained":[{"floor":6.0,"key":"Letter Opener"},{"floor":9.0,"key":"The Specimen"},{"floor":10.0,"key":"Vajra"},{"floor":26.0,"key":"Ancient Tea Set"},{"floor":28.0,"key":"Oddly Smooth Stone"},{"floor":31.0,"key":"Sundial"}],"event_choices":[{"damage_healed":0.0,"max_hp_gain":0.0,"max_hp_loss":0.0,"gold_gain":0.0,"event_name":"Shining Light","player_choice":"Entered Light","floor":4.0,"gold_loss":0.0,"damage_taken":14.0,"cards_upgraded":["Strike_G","Double Tap"]},{"damage_healed":0.0,"max_hp_gain":0.0,"max_hp_loss":0.0,"gold_gain":0.0,"event_name":"Drug Dealer","player_choice":"Inject Mutagens","floor":27.0,"gold_loss":0.0,"damage_taken":0.0,"relics_obtained":["MutagenicStrength"]}],"is_beta":false,"boss_relics":[{"not_picked":["Cursed Key","Lizard Tail"],"picked":"Sozu"}],"items_purged_floors":[],"is_endless":false,"potions_floor_spawned":[3,5,10,16,24,29,31],"killed_by":"Collector","ascension_level":0}