{"gold_per_floor":[113,124,124,136,91,149,149,167,167,167,202,51,67,67],"floor_reached":14,"playtime":1065,"items_purged":["Strike_B"],"score":140,"play_id":"8dd21f1e-9d62-438d-9618-e109b6ad8802","local_time":"20190802183106","is_ascension_mode":true,"campfire_choices":[{"floor":7,"key":"REST"}],"neow_cost":"NONE","seed_source_timestamp":817416506092812,"circlet_count":0,"master_deck":["Strike_B","Strike_B","Strike_B","Defend_B","Defend_B","Defend_B","Zap","Dualcast","Coolheaded","Undo","Consume","Storm","Gash","Loop","Parasite","Ball Lightning","Heatsinks","Cold Snap"],"relics":["Black Star","Matryoshka","Tiny Chest","Potion Belt","Question Card","Dream Catcher","Regal Pillow"],"potions_floor_usage":[6,11,13],"damage_taken":[{"damage":0,"enemies":"Small Slimes","floor":1,"turns":3},{"damage":5,"enemies":"Cultist","floor":2,"turns":5},{"damage":5,"enemies":"2 Louse","floor":4,"turns":4},{"damage":1,"enemies":"Looter","floor":5,"turns":5},{"damage":37,"enemies":"Gremlin Nob","floor":6,"turns":5},{"damage":22,"enemies":"Large Slime","floor":8,"turns":10},{"damage":4,"enemies":"Lagavulin","floor":11,"turns":8},{"damage":15,"enemies":"3 Louse","floor":13,"turns":4},{"damage":33,"enemies":"Gremlin Nob","floor":14,"turns":5}],"seed_played":"3161872762695669276","potions_obtained":[{"floor":2,"key":"FearPotion"},{"floor":8,"key":"Block Potion"},{"floor":11,"key":"LiquidBronze"}],"is_trial":false,"path_per_floor":["M","M","?","M","M","E","R","M","T","?","E","$","M","E"],"character_chosen":"DEFECT","items_purchased":["Heatsinks"],"campfire_rested":1,"item_purchase_floors":[12],"current_hp_per_floor":[68,63,63,58,57,20,42,20,20,38,34,34,19,0],"gold":67,"neow_bonus":"BOSS_RELIC","is_prod":false,"is_daily":false,"chose_seed":false,"campfire_upgraded":0,"win_rate":0,"timestamp":1564795866,"path_taken":["M","M","?","M","M","E","R","?","T","?","E","$","M","E"],"build_version":"2019-07-17","purchased_purges":1,"victory":false,"max_hp_per_floor":[75,75,75,75,75,75,75,75,75,75,75,75,75,75],"card_choices":[{"not_picked":["Sweeping Beam","Stack"],"picked":"Coolheaded","floor":1},{"not_picked":["Auto Shields","Barrage"],"picked":"Undo","floor":2},{"not_picked":["Hologram","Auto Shields"],"picked":"Consume","floor":4},{"not_picked":["Steam","Compile Driver"],"picked":"Storm","floor":5},{"not_picked":["Beam Cell","BootSequence"],"picked":"Gash","floor":6},{"not_picked":["Reinforced Body","Compile Driver"],"picked":"Loop","floor":8},{"not_picked":["Hyperbeam","All For One","Compile Driver"],"picked":"Ball Lightning","floor":11},{"not_picked":["Sunder","Compile Driver","Barrage"],"picked":"Cold Snap","floor":13}],"player_experience":440942,"relics_obtained":[{"floor":6,"key":"Matryoshka"},{"floor":6,"key":"Tiny Chest"},{"floor":9,"key":"Potion Belt"},{"floor":9,"key":"Question Card"},{"floor":11,"key":"Dream Catcher"},{"floor":11,"key":"Regal Pillow"}],"event_choices":[{"cards_removed":["Defend_B"],"damage_healed":0,"gold_gain":0,"player_choice":"Card Removal","damage_taken":0,"max_hp_gain":0,"max_hp_loss":0,"event_name":"Wheel of Change","floor":3,"gold_loss":0},{"damage_healed":18,"gold_gain":0,"player_choice":"Healed and dodged fight","damage_taken":0,"max_hp_gain":0,"max_hp_loss":0,"event_name":"Mushrooms","floor":10,"gold_loss":0,"cards_obtained":["Parasite"]}],"is_beta":false,"boss_relics":[],"items_purged_floors":[12],"is_endless":false,"potions_floor_spawned":[2,8,11],"killed_by":"Gremlin Nob","ascension_level":8}