{"gold_per_floor":[111,186,196,196,207,207,238,238,283,283,6,34,48,66,66,141,141,118,137,52,52,52,52,52,52,52,52,71,83,83,100,100,175,175,189,207,207,207,207],"floor_reached":39,"playtime":3557,"items_purged":[],"score":720,"play_id":"c827fc7b-ae27-40da-b6df-e333901c1b7a","local_time":"20190521133617","is_ascension_mode":true,"campfire_choices":[{"data":"Neutralize","floor":6.0,"key":"SMITH"},{"data":"All Out Attack","floor":10.0,"key":"SMITH"},{"floor":15.0,"key":"REST"},{"floor":23.0,"key":"DIG"},{"floor":25.0,"key":"REST"},{"floor":30.0,"key":"DIG"},{"floor":32.0,"key":"REST"}],"neow_cost":"NONE","seed_source_timestamp":0,"circlet_count":0,"master_deck":["AscendersBane","Defend_G+1","Defend_G+1","Defend_G+1","Defend_G+1","Defend_G+1","Strike_G+1","Strike_G+1","Strike_G+1","Strike_G+1","Strike_G+1","Neutralize+1","Crippling Poison","Backflip","Dagger Spray","All Out Attack+1","Choke","Well Laid Plans","Malaise","Night Terror","Blade Dance","Backflip","PiercingWail","Accuracy","Envenom","Footwork","Madness","Madness"],"special_seed":0,"relics":["Ring of the Serpent","Juzu Bracelet","Oddly Smooth Stone","Bronze Scales","Kunai","Blood Vial","Cursed Key","Shovel","Shuriken","Smiling Mask","Regal Pillow"],"potions_floor_usage":[39],"damage_taken":[{"damage":0.0,"enemies":"Small Slimes","floor":1.0,"turns":5.0},{"damage":4.0,"enemies":"Jaw Worm","floor":3.0,"turns":6.0},{"damage":0.0,"enemies":"Cultist","floor":5.0,"turns":4.0},{"damage":20.0,"enemies":"Gremlin Nob","floor":7.0,"turns":4.0},{"damage":6.0,"enemies":"Lagavulin","floor":12.0,"turns":8.0},{"damage":0.0,"enemies":"Exordium Wildlife","floor":13.0,"turns":3.0},{"damage":9.0,"enemies":"Blue Slaver","floor":14.0,"turns":3.0},{"damage":27.0,"enemies":"Hexaghost","floor":16.0,"turns":12.0},{"damage":17.0,"enemies":"2 Thieves","floor":18.0,"turns":4.0},{"damage":10.0,"enemies":"Chosen","floor":19.0,"turns":7.0},{"damage":4.0,"enemies":"Snake Plant","floor":28.0,"turns":4.0},{"damage":30.0,"enemies":"Sentry and Sphere","floor":29.0,"turns":7.0},{"damage":6.0,"enemies":"Cultist and Chosen","floor":31.0,"turns":7.0},{"damage":46.0,"enemies":"Automaton","floor":33.0,"turns":12.0},{"damage":11.0,"enemies":"3 Shapes","floor":35.0,"turns":9.0},{"damage":34.0,"enemies":"3 Darklings","floor":36.0,"turns":6.0},{"damage":35,"enemies":"Sphere and 2 Shapes","floor":39,"turns":3}],"seed_played":"5129244142016318439","potions_obtained":[{"floor":1.0,"key":"FearPotion"},{"floor":7.0,"key":"Fire Potion"},{"floor":12.0,"key":"SkillPotion"},{"floor":14.0,"key":"AttackPotion"},{"floor":19.0,"key":"SpeedPotion"},{"floor":28.0,"key":"Ancient Potion"},{"floor":29.0,"key":"Regen Potion"},{"floor":33.0,"key":"Fruit Juice"},{"floor":36.0,"key":"Regen Potion"}],"is_trial":false,"path_per_floor":["M","?","M","?","M","R","E","$","T","R","$","E","M","M","R","B",null,"M","M","?","?","?","R","?","R","T","?","M","M","R","M","R","B",null,"M","M","?","?","M"],"character_chosen":"THE_SILENT","items_purchased":["Kunai"],"campfire_rested":3,"item_purchase_floors":[11],"current_hp_per_floor":[59,48,44,49,49,49,29,29,29,29,29,23,25,18,39,14,57,42,34,34,34,34,34,14,36,36,51,49,21,21,32,69,30,68,59,27,27,12,0],"gold":207,"neow_bonus":"RANDOM_COMMON_RELIC","is_prod":false,"is_daily":false,"chose_seed":false,"campfire_upgraded":2,"win_rate":0,"timestamp":1558460177,"path_taken":["M","?","M","?","M","R","E","?","T","R","$","E","M","M","R","BOSS","M","M","?","?","?","R","?","R","T","?","M","M","R","M","R","BOSS","M","M","?","?","M"],"build_version":"2019-01-23","purchased_purges":0,"victory":false,"max_hp_per_floor":[66,66,66,71,71,71,71,71,71,71,71,71,71,71,71,71,71,71,71,71,71,71,71,76,76,76,76,76,76,76,76,76,81,81,81,81,81,81,81],"card_choices":[{"not_picked":["Deadly Poison","Prepared"],"picked":"Crippling Poison","floor":1.0},{"not_picked":["Sucker Punch","Reflex"],"picked":"Backflip","floor":3.0},{"not_picked":["Outmaneuver","Prepared"],"picked":"Dagger Spray","floor":5.0},{"not_picked":["Dodge and Roll","Distraction"],"picked":"All Out Attack","floor":7.0},{"not_picked":["Reflex","Bane"],"picked":"Choke","floor":12.0},{"not_picked":["Leg Sweep","PiercingWail"],"picked":"Well Laid Plans","floor":13.0},{"not_picked":["Backflip","All Out Attack"],"picked":"Malaise","floor":14.0},{"not_picked":["After Image","Tools of the Trade"],"picked":"Night Terror","floor":16.0},{"not_picked":["Dagger Throw","Outmaneuver"],"picked":"Blade Dance","floor":18.0},{"not_picked":["Caltrops","Slice"],"picked":"Backflip","floor":19.0},{"not_picked":["Sucker Punch","Dodge and Roll"],"picked":"PiercingWail","floor":28.0},{"not_picked":["Deflect","A Thousand Cuts"],"picked":"Accuracy","floor":29.0},{"not_picked":["PiercingWail","Deflect+1","Acrobatics"],"picked":"SKIP","floor":31.0},{"not_picked":["Phantasmal Killer","Corpse Explosion"],"picked":"Envenom","floor":33.0},{"not_picked":["Deflect","PiercingWail"],"picked":"Footwork","floor":35.0},{"not_picked":["Expertise","Predator","Deadly Poison"],"picked":"SKIP","floor":36.0}],"player_experience":821541,"relics_obtained":[{"floor":7.0,"key":"Oddly Smooth Stone"},{"floor":9.0,"key":"Bronze Scales"},{"floor":12.0,"key":"Blood Vial"},{"floor":23.0,"key":"Smiling Mask"},{"floor":30.0,"key":"Regal Pillow"}],"event_choices":[{"damage_healed":0.0,"max_hp_gain":0.0,"max_hp_loss":0.0,"gold_gain":75.0,"event_name":"World of Goop","player_choice":"Gather Gold","floor":2.0,"gold_loss":0.0,"damage_taken":11.0},{"damage_healed":0.0,"max_hp_gain":5.0,"max_hp_loss":0.0,"gold_gain":0.0,"event_name":"Big Fish","player_choice":"Donut","floor":4.0,"gold_loss":0.0,"damage_taken":0.0},{"damage_healed":0.0,"max_hp_gain":0.0,"max_hp_loss":0.0,"gold_gain":0.0,"event_name":"Addict","player_choice":"Obtained Relic","floor":20.0,"gold_loss":85.0,"damage_taken":0.0,"relics_obtained":["Shovel"]},{"damage_healed":0.0,"max_hp_gain":0.0,"max_hp_loss":0.0,"gold_gain":0.0,"event_name":"Back to Basics","player_choice":"Simplicity","floor":21.0,"gold_loss":0.0,"damage_taken":0.0,"cards_upgraded":["Defend_G","Defend_G","Defend_G","Defend_G","Defend_G","Strike_G","Strike_G","Strike_G","Strike_G","Strike_G"]},{"damage_healed":0.0,"max_hp_gain":0.0,"max_hp_loss":0.0,"gold_gain":0.0,"event_name":"WeMeetAgain","player_choice":"Gave Potion","floor":22.0,"gold_loss":0.0,"damage_taken":0.0,"relics_obtained":["Shuriken"]},{"damage_healed":0.0,"max_hp_gain":5.0,"max_hp_loss":0.0,"gold_gain":0.0,"event_name":"Forgotten Altar","player_choice":"Shed Blood","floor":24.0,"gold_loss":0.0,"damage_taken":25.0},{"damage_healed":15.0,"max_hp_gain":0.0,"max_hp_loss":0.0,"gold_gain":0.0,"event_name":"The Library","player_choice":"Heal","floor":27.0,"gold_loss":0.0,"damage_taken":0.0},{"cards_removed":["Survivor"],"damage_healed":0.0,"max_hp_gain":0.0,"max_hp_loss":0.0,"gold_gain":0.0,"event_name":"Purifier","player_choice":"Purged","floor":37.0,"gold_loss":0.0,"damage_taken":0.0},{"damage_healed":0.0,"max_hp_gain":0.0,"max_hp_loss":0.0,"gold_gain":0.0,"event_name":"Winding Halls","player_choice":"Embrace Madness","floor":38.0,"gold_loss":0.0,"damage_taken":15.0,"cards_obtained":["Madness","Madness"]}],"is_beta":false,"boss_relics":[{"not_picked":["Runic Dome","White Beast Statue"],"picked":"Cursed Key"},{"not_picked":["Lizard Tail","Tiny House"],"picked":"Ring of the Serpent"}],"items_purged_floors":[],"is_endless":false,"potions_floor_spawned":[1,7,12,14,19,28,29,33,36],"killed_by":"Sphere and 2 Shapes","ascension_level":17}