{"gold_per_floor":[112,128,128,88,13,38,38,63,143,143,158,170,170,199,199,300,300,300,255,205,105,105,105,22,22,22,22,22,22,22,22,22,22,22,22,22],"floor_reached":36,"playtime":2590,"items_purged":["Defend_R","Defend_R"],"score":490,"play_id":"815521eb-ec4e-4e52-8f9d-4e2c535405b9","local_time":"20190702183757","is_ascension_mode":true,"campfire_choices":[{"data":"True Grit","floor":7,"key":"SMITH"},{"data":"Demon Form","floor":10,"key":"SMITH"},{"data":"Seeing Red","floor":13,"key":"SMITH"},{"data":"Limit Break","floor":15,"key":"SMITH"},{"data":"Armaments","floor":25,"key":"SMITH"},{"floor":30,"key":"REST"},{"data":"Infernal Blade","floor":32,"key":"SMITH"}],"neow_cost":"NONE","seed_source_timestamp":555417374716745,"circlet_count":0,"master_deck":["Strike_R","Strike_R","Strike_R","Strike_R","Defend_R","Defend_R","Bash","Demon Form+1","Iron Wave","Flame Barrier","True Grit+1","Seeing Red+1","Infernal Blade+1","Iron Wave","Limit Break+1","Exhume","Twin Strike","Wild Strike","Armaments+1","Flash of Steel","Inflame+1","Iron Wave+1","Limit Break"],"relics":["Burning Blood","Art of War","Question Card","Self Forming Clay","Turnip","Ectoplasm","Dodecahedron","Lantern","Smiling Mask","Eternal Feather"],"potions_floor_usage":[6,6,8,16,16,19,19,28,36],"damage_taken":[{"damage":12,"enemies":"Small Slimes","floor":1,"turns":4},{"damage":0,"enemies":"Cultist","floor":2,"turns":4},{"damage":0,"enemies":"Lagavulin","floor":6,"turns":7},{"damage":24,"enemies":"3 Sentries","floor":8,"turns":10},{"damage":0,"enemies":"2 Louse","floor":11,"turns":3},{"damage":4,"enemies":"Blue Slaver","floor":12,"turns":5},{"damage":1,"enemies":"Lagavulin","floor":14,"turns":7},{"damage":9,"enemies":"The Guardian","floor":16,"turns":5},{"damage":7,"enemies":"Spheric Guardian","floor":18,"turns":4},{"damage":2,"enemies":"2 Thieves","floor":19,"turns":3},{"damage":9,"enemies":"Centurion and Healer","floor":22,"turns":5},{"damage":42,"enemies":"Slavers","floor":23,"turns":8},{"damage":17,"enemies":"Gremlin Leader","floor":27,"turns":4},{"damage":15,"enemies":"Snake Plant","floor":28,"turns":3},{"damage":4,"enemies":"Snecko","floor":31,"turns":3},{"damage":31,"enemies":"Champ","floor":33,"turns":9},{"damage":63,"enemies":"3 Darklings","floor":35,"turns":5},{"damage":35,"enemies":"2 Orb Walkers","floor":36,"turns":3}],"seed_played":"4535408683462380257","potions_obtained":[{"floor":4,"key":"Weak Potion"},{"floor":4,"key":"Fire Potion"},{"floor":4,"key":"SkillPotion"},{"floor":6,"key":"FearPotion"},{"floor":11,"key":"Explosive Potion"},{"floor":12,"key":"EssenceOfSteel"},{"floor":18,"key":"SteroidPotion"},{"floor":27,"key":"Strength Potion"},{"floor":33,"key":"Ancient Potion"}],"is_trial":false,"path_per_floor":["M","M","?","?","$","E","R","E","T","R","M","M","R","E","R","B",null,"M","M","?","$","M","E","$","R","T","E","M","?","R","M","R","B",null,"M","?"],"character_chosen":"IRONCLAD","items_purchased":["Flash of Steel"],"campfire_rested":1,"item_purchase_floors":[24],"current_hp_per_floor":[74,80,73,73,73,79,79,61,61,61,67,69,69,74,74,71,80,79,80,80,80,77,41,41,41,41,30,21,21,45,47,47,22,80,23,0],"gold":22,"neow_bonus":"ONE_RANDOM_RARE_CARD","is_prod":false,"is_daily":false,"chose_seed":false,"campfire_upgraded":6,"win_rate":0,"timestamp":1562117877,"path_taken":["M","M","?","?","$","E","R","E","T","R","M","?","R","E","R","BOSS","M","M","?","$","?","E","$","R","T","E","M","?","R","M","R","BOSS","M","?"],"build_version":"2019-07-01","purchased_purges":2,"victory":false,"max_hp_per_floor":[80,80,80,80,80,80,80,80,80,80,80,80,80,80,80,80,80,80,80,80,80,80,80,80,80,80,80,80,80,80,80,80,80,80,80,80],"card_choices":[{"not_picked":["Sword Boomerang","Warcry"],"picked":"Iron Wave","floor":1},{"not_picked":["Rage","Sever Soul"],"picked":"Flame Barrier","floor":2},{"not_picked":["Second Wind","Flex"],"picked":"True Grit","floor":6},{"not_picked":["Demon Form","Flex"],"picked":"Seeing Red","floor":8},{"not_picked":["Whirlwind","Perfected Strike","Clothesline"],"picked":"Infernal Blade","floor":11},{"not_picked":["Perfected Strike","Carnage","Havoc"],"picked":"Iron Wave","floor":12},{"not_picked":["Sword Boomerang","Shrug It Off","Battle Trance"],"picked":"Limit Break","floor":14},{"not_picked":["Impervious","Bludgeon","Demon Form"],"picked":"Exhume","floor":16},{"not_picked":["Blood for Blood","Iron Wave","Sword Boomerang"],"picked":"Twin Strike","floor":18},{"not_picked":["Pommel Strike","Uppercut","Twin Strike"],"picked":"Wild Strike","floor":19},{"not_picked":["Heavy Blade","Sword Boomerang","Wild Strike"],"picked":"Armaments","floor":22},{"not_picked":["Clothesline","Sword Boomerang","Twin Strike","Second Wind"],"picked":"SKIP","floor":23},{"not_picked":["Juggernaut","Clash","Havoc","Bloodletting"],"picked":"SKIP","floor":27},{"not_picked":["Blood for Blood","Ghostly Armor","Body Slam"],"picked":"Inflame+1","floor":28},{"not_picked":["Feel No Pain","Headbutt","Havoc"],"picked":"Iron Wave+1","floor":31},{"not_picked":["Immolate","Brutality","Demon Form"],"picked":"Limit Break","floor":33},{"not_picked":["Clothesline","Feel No Pain","Body Slam+1","Clash"],"picked":"SKIP","floor":35}],"player_experience":133598,"relics_obtained":[{"floor":6,"key":"Art of War"},{"floor":8,"key":"Question Card"},{"floor":9,"key":"Self Forming Clay"},{"floor":14,"key":"Turnip"},{"floor":23,"key":"Dodecahedron"},{"floor":26,"key":"Lantern"},{"floor":27,"key":"Smiling Mask"}],"event_choices":[{"cards_removed":["Strike_R"],"damage_healed":0,"gold_gain":0,"player_choice":"Card Removal","damage_taken":7,"max_hp_gain":0,"max_hp_loss":0,"event_name":"Golden Wing","floor":3,"gold_loss":0},{"damage_healed":0,"gold_gain":0,"player_choice":"Bought 3 Potions","damage_taken":0,"max_hp_gain":0,"max_hp_loss":0,"event_name":"The Woman in Blue","floor":4,"gold_loss":0},{"damage_healed":0,"gold_gain":0,"player_choice":"Bet on Owner","damage_taken":0,"max_hp_gain":0,"max_hp_loss":0,"event_name":"The Joust","floor":20,"gold_loss":50},{"damage_healed":0,"gold_gain":0,"player_choice":"Ignored","damage_taken":0,"max_hp_gain":0,"max_hp_loss":0,"event_name":"Cursed Tome","floor":29,"gold_loss":0},{"damage_healed":0,"gold_gain":0,"player_choice":"Fight","damage_taken":0,"max_hp_gain":0,"max_hp_loss":0,"event_name":"Mysterious Sphere","floor":36,"gold_loss":0}],"is_beta":false,"boss_relics":[{"not_picked":["White Beast Statue","Runic Dome"],"picked":"Ectoplasm"},{"not_picked":["Philosopher\u0027s Stone","Lizard Tail"],"picked":"Eternal Feather"}],"items_purged_floors":[5,21],"is_endless":false,"potions_floor_spawned":[6,11,12,14,18,27,33],"killed_by":"2 Orb Walkers","ascension_level":2}