{"gold_per_floor":[115,40,60,60,10,48,24,59,59,79,102,102,102,115,115,245,245,263,288,35,35,55,55,154,8,55,55,105,105,120,141,141,260,260,281,281,138,153,168,199,217,257,257,257,282,282],"floor_reached":46,"playtime":3772,"items_purged":["Strike_B","Strike_B"],"score":567,"play_id":"f6adce36-b9df-4b00-b49f-10b21657770e","local_time":"20190312232302","is_ascension_mode":true,"campfire_choices":[{"data":"Seek","floor":12,"key":"SMITH"},{"data":"Go for the Eyes","floor":15,"key":"SMITH"},{"floor":23,"key":"RECALL"},{"data":"Scrape","floor":27,"key":"SMITH"},{"floor":29,"key":"REST"},{"floor":32,"key":"REST"},{"floor":44,"key":"REST"}],"neow_cost":"NONE","seed_source_timestamp":2387442425291,"circlet_count":0,"master_deck":["Defend_B","Defend_B","Defend_B","Defend_B","Zap","Dualcast","Sweeping Beam+1","Tempest","Loop","Leap","Gash","Gash","Seek+1","Go for the Eyes+1","Seek","Beam Cell","Rebound+1","Scrape+1","Coolheaded","Machine Learning","Hologram+1","FTL","Skim","Gash","Rebound+1","Capacitor+1"],"relics":["Cracked Core","NeowsBlessing","Golden Idol","Mummified Hand","Bronze Scales","Omamori","Runic Pyramid","Kunai","Smiling Mask","Fusion Hammer","Whetstone","Vajra","Art of War","Molten Egg 2"],"potions_floor_usage":[16,31,38,40,40],"damage_taken":[{"damage":0,"enemies":"Cultist","floor":1,"turns":1},{"damage":0,"enemies":"Small Slimes","floor":3,"turns":1},{"damage":0,"enemies":"Gremlin Nob","floor":6,"turns":1},{"damage":17,"enemies":"3 Sentries","floor":8,"turns":6},{"damage":0,"enemies":"2 Louse","floor":10,"turns":3},{"damage":0,"enemies":"Large Slime","floor":11,"turns":5},{"damage":0,"enemies":"2 Fungi Beasts","floor":14,"turns":2},{"damage":28,"enemies":"The Guardian","floor":16,"turns":9},{"damage":7,"enemies":"Shell Parasite","floor":18,"turns":6},{"damage":5,"enemies":"Chosen","floor":19,"turns":4},{"damage":30,"enemies":"Shelled Parasite and Fungi","floor":22,"turns":5},{"damage":18,"enemies":"Snecko","floor":30,"turns":6},{"damage":18,"enemies":"Sentry and Sphere","floor":31,"turns":6},{"damage":22,"enemies":"Champ","floor":33,"turns":10},{"damage":4,"enemies":"Orb Walker","floor":35,"turns":4},{"damage":23,"enemies":"3 Darklings","floor":38,"turns":5},{"damage":0,"enemies":"Sphere and 2 Shapes","floor":39,"turns":4},{"damage":16,"enemies":"Reptomancer","floor":40,"turns":6},{"damage":15,"enemies":"4 Shapes","floor":41,"turns":4},{"damage":0,"enemies":"Giant Head","floor":42,"turns":8},{"damage":18,"enemies":"Spire Growth","floor":45,"turns":4},{"damage":26,"enemies":"Writhing Mass","floor":46,"turns":1}],"seed_played":"3748637711051324987","potions_obtained":[{"floor":10,"key":"SteroidPotion"},{"floor":11,"key":"AttackPotion"},{"floor":16,"key":"FocusPotion"},{"floor":19,"key":"LiquidBronze"},{"floor":30,"key":"SpeedPotion"},{"floor":31,"key":"Explosive Potion"},{"floor":40,"key":"Dexterity Potion"},{"floor":41,"key":"SteroidPotion"},{"floor":42,"key":"SmokeBomb"}],"is_trial":false,"path_per_floor":["M","$","M","?","?","E","$","E","T","M","M","R","?","M","R","B",null,"M","M","$","?","M","R","?","$","T","R","T","R","M","M","R","B",null,"M","?","$","M","M","E","M","E","T","R","M","M"],"character_chosen":"DEFECT","items_purchased":["Leap","Kunai","Coolheaded","Whetstone"],"campfire_rested":3,"item_purchase_floors":[7,20,25,37],"current_hp_per_floor":[75,75,75,57,57,57,57,40,40,40,40,40,40,40,40,12,75,68,63,63,63,33,33,33,33,33,33,33,55,37,19,41,19,75,71,75,75,52,52,36,21,21,21,43,25,0],"gold":282,"neow_bonus":"THREE_ENEMY_KILL","is_prod":false,"is_daily":false,"chose_seed":false,"campfire_upgraded":3,"win_rate":0,"timestamp":1552458182,"path_taken":["M","$","M","?","?","E","$","E","T","M","M","R","?","M","R","BOSS","M","M","$","?","M","R","?","$","T","R","?","R","?","M","R","BOSS","M","?","$","M","M","E","M","E","T","R","M","M"],"build_version":"2019-01-23","purchased_purges":2,"victory":false,"max_hp_per_floor":[75,75,75,75,75,75,75,75,75,75,75,75,75,75,75,75,75,75,75,75,75,75,75,75,75,75,75,75,75,75,75,75,75,75,75,75,75,75,75,75,75,75,75,75,75,75],"card_choices":[{"not_picked":["Redo","Reinforced Body"],"picked":"Sweeping Beam","floor":1},{"not_picked":["Barrage","Beam Cell"],"picked":"Tempest","floor":3},{"not_picked":["Force Field","Self Repair"],"picked":"Loop","floor":6},{"not_picked":["Coolheaded","Beam Cell"],"picked":"Gash","floor":8},{"not_picked":["Hello World","Chill"],"picked":"Gash","floor":10},{"not_picked":["Genetic Algorithm","Sunder"],"picked":"Seek","floor":11},{"not_picked":["Streamline","Aggregate"],"picked":"Go for the Eyes","floor":14},{"not_picked":["Buffer","Multi-Cast"],"picked":"Seek","floor":16},{"not_picked":["Undo+1","Leap"],"picked":"Beam Cell","floor":18},{"not_picked":["Sunder","Ball Lightning"],"picked":"Rebound","floor":19},{"not_picked":["Fission","Storm+1"],"picked":"Scrape","floor":22},{"not_picked":["Go for the Eyes","Turbo","Doom and Gloom"],"picked":"SKIP","floor":30},{"not_picked":["Doom and Gloom","Blizzard","Undo"],"picked":"SKIP","floor":31},{"not_picked":["Biased Cognition","Hyperbeam"],"picked":"Machine Learning","floor":33},{"not_picked":["Heatsinks+1","Streamline+1"],"picked":"Hologram+1","floor":35},{"not_picked":["Go for the Eyes","Leap+1"],"picked":"FTL","floor":38},{"not_picked":["Redo+1","Consume"],"picked":"Skim","floor":39},{"not_picked":["Cold Snap","Machine Learning"],"picked":"Gash","floor":40},{"not_picked":["Chaos+1","Compile Driver+1","Doom and Gloom"],"picked":"SKIP","floor":41},{"not_picked":["Steam+1","Chill"],"picked":"Rebound+1","floor":42},{"not_picked":["Barrage+1","Compile Driver+1"],"picked":"Capacitor+1","floor":45}],"player_experience":145922,"relics_obtained":[{"floor":6,"key":"Mummified Hand"},{"floor":8,"key":"Bronze Scales"},{"floor":9,"key":"Omamori"},{"floor":28,"key":"Smiling Mask"},{"floor":40,"key":"Vajra"},{"floor":42,"key":"Art of War"},{"floor":43,"key":"Molten Egg 2"}],"event_choices":[{"damage_healed":0,"gold_gain":0,"player_choice":"Take Damage","damage_taken":18,"relics_obtained":["Golden Idol"],"max_hp_gain":0,"max_hp_loss":0,"event_name":"Golden Idol","floor":4,"gold_loss":0},{"cards_removed":["Strike_B"],"damage_healed":0,"gold_gain":0,"player_choice":"Card Removal","damage_taken":0,"max_hp_gain":0,"max_hp_loss":0,"event_name":"The Cleric","floor":5,"gold_loss":50},{"cards_removed":["Strike_B"],"damage_healed":0,"gold_gain":0,"player_choice":"Forget","damage_taken":0,"max_hp_gain":0,"max_hp_loss":0,"event_name":"Living Wall","floor":13,"gold_loss":0},{"damage_healed":0,"gold_gain":0,"player_choice":"Ignored","damage_taken":0,"max_hp_gain":0,"max_hp_loss":0,"event_name":"Beggar","floor":21,"gold_loss":0},{"damage_healed":0,"gold_gain":99,"player_choice":"Stole From Cult","damage_taken":0,"max_hp_gain":0,"max_hp_loss":0,"event_name":"Nest","floor":24,"gold_loss":0},{"damage_healed":19,"gold_gain":0,"player_choice":"Writhe","damage_taken":0,"max_hp_gain":0,"max_hp_loss":0,"event_name":"Winding Halls","floor":36,"gold_loss":0,"cards_obtained":["Writhe"]}],"is_beta":false,"boss_relics":[{"not_picked":["Ectoplasm","Runic Dome"],"picked":"Runic Pyramid"},{"not_picked":["Eternal Feather","Astrolabe"],"picked":"Fusion Hammer"}],"items_purged_floors":[2,25],"is_endless":false,"potions_floor_spawned":[10,11,16,19,30,31,35,40,41,42],"killed_by":"Writhing Mass","ascension_level":1}