{"path_per_floor":["M","?","M","?","M","R","E","M","T","$","M","M","M","M","R","B",null,"M","M","M","?","?","R","M","R","T","E","$","R","M","?","R","B",null],"character_chosen":"IRONCLAD","items_purchased":["Apotheosis","Dramatic Entrance"],"gold_per_floor":[114,114,134,134,147,147,175,189,216,36,48,68,87,104,104,209,209,196,211,230,230,230,230,247,247,247,279,116,116,129,129,129,226,226],"floor_reached":35,"campfire_rested":0,"playtime":9562,"current_hp_per_floor":[65,65,70,67,71,71,59,45,45,45,48,54,57,63,63,35,87,81,82,45,29,29,29,35,35,35,41,41,41,47,47,47,45,84],"items_purged":["Defend_R"],"gold":226,"play_id":"9f0bb841-fe99-45d8-bec3-74060b81ce87","is_prod":false,"is_daily":false,"campfire_rituals":0,"campfire_upgraded":6,"is_hardmode":false,"path_taken":["M","?","M","?","?","R","E","M","T","$","M","M","M","M","R","BOSS","M","M","M","?","?","R","M","R","T","E","$","R","M","?","R","BOSS","M"],"build_version":"2018-01-11-PROD2","purchased_purges":2,"victory":false,"master_deck":["Strike_R","Strike_R","Strike_R","Strike_R","Strike_R","Defend_R","Defend_R","Defend_R","Bash","Twin Strike","Iron Wave","Corruption","Headbutt","Rampage","Apotheosis","Shrug It Off","Headbutt","Double Tap","Body Slam","Reaper","Twin Strike","Perfected Strike","Pommel Strike","Necronomicurse","Rage","Perfected Strike","Dramatic Entrance","Berserk"],"max_hp_per_floor":[80,80,80,80,80,80,80,80,80,80,80,80,80,80,80,80,87,87,87,87,87,84,84,84,84,84,84,84,84,84,84,84,84,84],"relics":["Burning Blood","Pen Nib","Red Skull","Bag of Preparation","Calling Bell","Self Forming Clay","Oddly Smooth Stone","Strawberry","Necronomicon","Mummified Hand","Nloth\u0027s Gift","Lizard Tail"],"campfire_meditates":0,"card_choices":[{"not_picked":["Blood for Blood","Pommel Strike"],"picked":"Twin Strike"},{"not_picked":["Pommel Strike","Thunderclap"],"picked":"Iron Wave"},{"not_picked":["Headbutt","Disarm"],"picked":"Corruption"},{"not_picked":["Dropkick","Uppercut"],"picked":"Headbutt"},{"not_picked":["Second Wind","Iron Wave"],"picked":"Rampage"},{"not_picked":["True Grit","Bloodletting"],"picked":"Shrug It Off"},{"not_picked":["Inflame","Dual Wield"],"picked":"Headbutt"},{"not_picked":["Disarm","Burning Pact"],"picked":"Double Tap"},{"not_picked":["Hemokinesis","Thunderclap"],"picked":"Body Slam"},{"not_picked":["Bludgeon","Barricade"],"picked":"Reaper"},{"not_picked":["Sword Boomerang","Body Slam"],"picked":"Twin Strike"},{"not_picked":["Body Slam","Fire Breathing"],"picked":"Perfected Strike"},{"not_picked":["Dual Wield","Flame Barrier"],"picked":"Pommel Strike"},{"not_picked":["Rupture","Corruption"],"picked":"Rage"},{"not_picked":["Iron Wave","Searing Blow"],"picked":"Perfected Strike"},{"not_picked":["Feed","Dark Embrace"],"picked":"Berserk"}],"player_experience":0,"potions_floor_usage":[],"damage_taken":[{"damage":21.0,"enemies":"Blue Slaver","floor":1.0,"turns":4.0},{"damage":1.0,"enemies":"Jaw Worm","floor":3.0,"turns":2.0},{"damage":5.0,"enemies":"Small Slimes","floor":5.0,"turns":3.0},{"damage":18.0,"enemies":"3 Sentries","floor":7.0,"turns":9.0},{"damage":20.0,"enemies":"Gremlin Gang","floor":8.0,"turns":4.0},{"damage":3.0,"enemies":"Lots of Slimes","floor":11.0,"turns":3.0},{"damage":0.0,"enemies":"3 Louse","floor":12.0,"turns":2.0},{"damage":3.0,"enemies":"Exordium Wildlife","floor":13.0,"turns":4.0},{"damage":0.0,"enemies":"Gremlin Gang","floor":14.0,"turns":3.0},{"damage":34.0,"enemies":"The Guardian","floor":16.0,"turns":5.0},{"damage":26.0,"enemies":"2 Thieves","floor":18.0,"turns":4.0},{"damage":10.0,"enemies":"3 Byrds","floor":19.0,"turns":6.0},{"damage":43.0,"enemies":"Centurion and Healer","floor":20.0,"turns":6.0},{"damage":6.0,"enemies":"3 Cultists","floor":24.0,"turns":3.0},{"damage":0.0,"enemies":"Book of Stabbing","floor":27.0,"turns":4.0},{"damage":0.0,"enemies":"Snake Plant","floor":30.0,"turns":1.0},{"damage":24.0,"enemies":"Champ","floor":33.0,"turns":7.0},{"damage":37,"enemies":"3 Shapes","floor":35,"turns":2}],"event_choices":[{"event_name":"The Lab","player_choice":"Got Potions","floor":2.0,"damage_taken":0.0},{"event_name":"Scrap Ooze","player_choice":"success","floor":4.0,"damage_taken":3.0},{"event_name":"Cursed Tome","player_choice":"Obtained Book","floor":21.0,"damage_taken":0.0},{"event_name":"Fountain of Cleansing","player_choice":"Removed Curse","floor":22.0,"damage_taken":0.0},{"event_name":"N\u0027loth","player_choice":"Traded a Letter Opener","floor":31.0,"damage_taken":0.0}],"boss_relics":[{"not_picked":["White Beast Statue","Black Star"],"picked":"Lizard Tail"}],"potions_floor_spawned":[1,8,11,12,18,19,20,24],"seed_played":"-631067658218273020","killed_by":"3 Shapes","is_trial":false}