{"gold_per_floor":[112,127,145,70,83,95,122,138,138,38,59,59,70,70,70,70],"floor_reached":16,"playtime":876,"items_purged":["Strike_B","Strike_B"],"score":104,"play_id":"5055ec4e-7487-4ff8-973d-321634896f24","local_time":"20190806000512","is_ascension_mode":false,"campfire_choices":[{"floor":15,"key":"REST"}],"neow_cost":"PERCENT_DAMAGE","seed_source_timestamp":54866900519653,"circlet_count":0,"master_deck":["Strike_B","Strike_B","Defend_B","Defend_B","Defend_B","Defend_B","Zap","Dualcast","Gash","Gash"],"relics":["Cracked Core","Girya","Dream Catcher","Dead Branch","Odd Mushroom"],"potions_floor_usage":[5,7,8,16,16],"damage_taken":[{"damage":1,"enemies":"2 Louse","floor":1,"turns":3},{"damage":0,"enemies":"Small Slimes","floor":2,"turns":3},{"damage":1,"enemies":"Cultist","floor":3,"turns":4},{"damage":0,"enemies":"3 Louse","floor":5,"turns":2},{"damage":13,"enemies":"Large Slime","floor":6,"turns":5},{"damage":11,"enemies":"Gremlin Nob","floor":7,"turns":3},{"damage":5,"enemies":"Exordium Thugs","floor":8,"turns":2},{"damage":16,"enemies":"The Mushroom Lair","floor":11,"turns":4},{"damage":0,"enemies":"Looter","floor":13,"turns":3},{"damage":30,"enemies":"The Guardian","floor":16,"turns":9}],"seed_played":"-7485082673982885549","potions_obtained":[{"floor":3,"key":"SteroidPotion"},{"floor":6,"key":"PowerPotion"},{"floor":7,"key":"AttackPotion"},{"floor":12,"key":"Swift Potion"},{"floor":12,"key":"Weak Potion"},{"floor":12,"key":"SmokeBomb"}],"is_trial":false,"path_per_floor":["M","M","M","$","M","M","E","M","T","$","?","?","M","?","R","B"],"character_chosen":"DEFECT","items_purchased":[],"campfire_rested":1,"item_purchase_floors":[],"current_hp_per_floor":[53,53,52,52,52,39,28,23,23,23,7,7,7,7,29,0],"gold":70,"neow_bonus":"ONE_RARE_RELIC","is_prod":false,"is_daily":false,"chose_seed":false,"campfire_upgraded":0,"win_rate":0,"timestamp":1565075112,"path_taken":["M","M","M","$","M","M","E","M","T","$","?","?","?","?","R","BOSS"],"build_version":"2019-07-17","purchased_purges":2,"victory":false,"max_hp_per_floor":[75,75,75,75,75,75,75,75,75,75,75,75,75,75,75,75],"card_choices":[{"not_picked":["Steam","Beam Cell","Conserve Battery"],"picked":"SKIP","floor":1},{"not_picked":["Streamline","Static Discharge"],"picked":"Gash","floor":2},{"not_picked":["Conserve Battery","Coolheaded"],"picked":"Gash","floor":3},{"not_picked":["Darkness","Redo","Sweeping Beam"],"picked":"SKIP","floor":5},{"not_picked":["Hyperbeam","Compile Driver","Steam"],"picked":"SKIP","floor":6},{"not_picked":["Gash","Amplify","Ball Lightning"],"picked":"SKIP","floor":7},{"not_picked":["Auto Shields","Static Discharge","Redo"],"picked":"SKIP","floor":8},{"not_picked":["Conserve Battery","Static Discharge","Streamline"],"picked":"SKIP","floor":13}],"player_experience":484463,"relics_obtained":[{"floor":7,"key":"Dream Catcher"},{"floor":9,"key":"Dead Branch"},{"floor":11,"key":"Odd Mushroom"}],"event_choices":[{"damage_healed":0,"gold_gain":0,"player_choice":"Fought Mushrooms","damage_taken":0,"max_hp_gain":0,"max_hp_loss":0,"event_name":"Mushrooms","floor":11,"gold_loss":0},{"damage_healed":0,"gold_gain":0,"player_choice":"Got Potions","damage_taken":0,"max_hp_gain":0,"max_hp_loss":0,"event_name":"Lab","floor":12,"gold_loss":0},{"damage_healed":0,"gold_gain":0,"player_choice":"Ignored","damage_taken":0,"max_hp_gain":0,"max_hp_loss":0,"event_name":"Golden Wing","floor":14,"gold_loss":0}],"is_beta":false,"boss_relics":[],"items_purged_floors":[4,10],"is_endless":false,"potions_floor_spawned":[3,6,7,13],"killed_by":"The Guardian","ascension_level":0}