{"gold_per_floor":[363,380,380,480,490,519,519,519,519,532,74,74],"floor_reached":12,"playtime":742,"items_purged":["Regret"],"score":98,"play_id":"84dd0d7a-c312-4f84-9e36-3c4e0649b2ef","local_time":"20190714003016","is_ascension_mode":true,"campfire_choices":[{"floor":7,"key":"REST"}],"neow_cost":"TEN_PERCENT_HP_LOSS","seed_source_timestamp":459705959703888,"circlet_count":0,"master_deck":["Strike_G","Strike_G","Strike_G","Strike_G","Strike_G","Defend_G","Defend_G","Defend_G","Defend_G","Defend_G","Survivor","Neutralize","Cloak And Dagger","Masterful Stab","Envenom","Cloak And Dagger","Injury","Footwork","Footwork"],"relics":["Ring of the Snake","Ornamental Fan","Ice Cream","Golden Idol","Toxic Egg 2","Lantern","TheAbacus"],"potions_floor_usage":[10],"damage_taken":[{"damage":2,"enemies":"2 Louse","floor":1,"turns":4},{"damage":3,"enemies":"Cultist","floor":2,"turns":5},{"damage":0,"enemies":"Small Slimes","floor":5,"turns":3},{"damage":49,"enemies":"3 Sentries","floor":6,"turns":16},{"damage":3,"enemies":"Blue Slaver","floor":10,"turns":5},{"damage":40,"enemies":"Gremlin Nob","floor":12,"turns":5}],"seed_played":"4039210165425471904","potions_obtained":[{"floor":6,"key":"Regen Potion"}],"is_trial":false,"path_per_floor":["M","M","?","?","M","E","R","?","T","M","$","E"],"character_chosen":"THE_SILENT","items_purchased":["Lantern","Footwork","TheAbacus"],"campfire_rested":1,"item_purchase_floors":[11,11,11],"current_hp_per_floor":[61,58,58,58,58,9,27,27,27,36,36,0],"gold":74,"neow_bonus":"TWO_FIFTY_GOLD","is_prod":false,"is_daily":false,"chose_seed":false,"campfire_upgraded":0,"win_rate":0,"timestamp":1563089416,"path_taken":["M","M","?","?","?","E","R","?","T","M","$","E"],"build_version":"2019-07-05","purchased_purges":1,"victory":false,"max_hp_per_floor":[63,63,63,63,63,63,63,63,63,63,63,63],"card_choices":[{"not_picked":["Acrobatics","Quick Slash"],"picked":"Cloak And Dagger","floor":1},{"not_picked":["Deflect","Deadly Poison"],"picked":"Masterful Stab","floor":2},{"not_picked":["Flying Knee","Slice"],"picked":"Envenom","floor":5},{"not_picked":["Backflip","Acrobatics"],"picked":"Cloak And Dagger","floor":6},{"not_picked":["Heel Hook","Cloak And Dagger+1"],"picked":"Footwork","floor":10}],"player_experience":272500,"relics_obtained":[{"floor":6,"key":"Ice Cream"},{"floor":9,"key":"Toxic Egg 2"}],"event_choices":[{"damage_healed":0,"gold_gain":0,"player_choice":"Box","damage_taken":0,"relics_obtained":["Ornamental Fan"],"max_hp_gain":0,"max_hp_loss":0,"event_name":"Big Fish","floor":3,"gold_loss":0,"cards_obtained":["Regret"]},{"damage_healed":0,"gold_gain":100,"player_choice":"Gold","damage_taken":0,"max_hp_gain":0,"max_hp_loss":0,"event_name":"Wheel of Change","floor":4,"gold_loss":0},{"damage_healed":0,"gold_gain":0,"player_choice":"Take Wound","damage_taken":0,"relics_obtained":["Golden Idol"],"max_hp_gain":0,"max_hp_loss":0,"event_name":"Golden Idol","floor":8,"gold_loss":0,"cards_obtained":["Injury"]}],"is_beta":false,"boss_relics":[],"items_purged_floors":[11],"is_endless":false,"potions_floor_spawned":[6],"killed_by":"Gremlin Nob","ascension_level":5}