{"gold_per_floor":[114,4,4,19,37,68,68,68,68,98,115,150,36,36,36,138,138,158,171,183,21,35,35,45,70,70,70,70,70,70,85,85,186,186,202,257,257,257,27,57,19,19,19,50,63,63,63,75,75,75],"floor_reached":51,"playtime":3557,"items_purged":["Strike_B"],"score":1069,"play_id":"250454b9-09c9-4f98-a594-492ccce98f96","local_time":"20190706224600","is_ascension_mode":true,"campfire_choices":[{"data":"Redo","floor":8,"key":"SMITH"},{"floor":15,"key":"REST"},{"floor":23,"key":"REST"},{"data":"Chill","floor":28,"key":"SMITH"},{"data":"Zap","floor":30,"key":"SMITH"},{"floor":32,"key":"REST"},{"data":"Mind Blast","floor":42,"key":"SMITH"},{"data":"White Noise","floor":47,"key":"SMITH"},{"data":"Multi-Cast","floor":49,"key":"SMITH"}],"neow_cost":"TEN_PERCENT_HP_LOSS","seed_source_timestamp":105440257013101,"circlet_count":0,"master_deck":["Strike_B","Strike_B","Strike_B","Defend_B","Defend_B","Defend_B","Defend_B","Zap+1","Dualcast","Barrage","Melter","Redo+1","Doom and Gloom","Multi-Cast+1","Coolheaded","Tempest","Core Surge","Coolheaded+1","White Noise+1","Stack+1","Glacier","Chill+1","Glacier","Clumsy","Shame","Injury","Conserve Battery+1","Thunder Strike","Parasite","Decay","Doubt","Steam+1","Writhe","Mind Blast+1","Ball Lightning+1","Pain","Chill+1","White Noise+1"],"relics":["Cracked Core","Thread and Needle","GremlinMask","Du-Vu Doll","The Courier","DataDisk","Orichalcum","Lantern","Gremlin Horn","Cursed Key","Chemical X","Shuriken","Juzu Bracelet","Dream Catcher","Emotion Chip","Calling Bell","Pen Nib","Symbiotic Virus","Unceasing Top","Nunchaku","Calipers","Singing Bowl","Meat on the Bone","Blood Vial"],"potions_floor_usage":[5,12,16,20,24,25,33,50,50,50],"damage_taken":[{"damage":0,"enemies":"Cultist","floor":1,"turns":4},{"damage":0,"enemies":"Jaw Worm","floor":4,"turns":3},{"damage":3,"enemies":"Small Slimes","floor":5,"turns":2},{"damage":29,"enemies":"Gremlin Nob","floor":6,"turns":4},{"damage":18,"enemies":"Lagavulin","floor":10,"turns":5},{"damage":22,"enemies":"Exordium Wildlife","floor":11,"turns":4},{"damage":0,"enemies":"Gremlin Nob","floor":12,"turns":3},{"damage":7,"enemies":"The Guardian","floor":16,"turns":11},{"damage":12,"enemies":"2 Thieves","floor":18,"turns":3},{"damage":1,"enemies":"Spheric Guardian","floor":19,"turns":3},{"damage":13,"enemies":"Snecko","floor":20,"turns":4},{"damage":14,"enemies":"Shelled Parasite and Fungi","floor":22,"turns":4},{"damage":0,"enemies":"Centurion and Healer","floor":24,"turns":3},{"damage":16,"enemies":"Book of Stabbing","floor":25,"turns":5},{"damage":4,"enemies":"Snake Plant","floor":31,"turns":4},{"damage":30,"enemies":"Champ","floor":33,"turns":10},{"damage":1,"enemies":"3 Shapes","floor":35,"turns":6},{"damage":10,"enemies":"2 Orb Walkers","floor":36,"turns":4},{"damage":0,"enemies":"Reptomancer","floor":40,"turns":5},{"damage":0,"enemies":"Nemesis","floor":44,"turns":3},{"damage":15,"enemies":"3 Darklings","floor":45,"turns":6},{"damage":0,"enemies":"Jaw Worm Horde","floor":48,"turns":3},{"damage":24,"enemies":"Awakened One","floor":50,"turns":11}],"seed_played":"2596250227267750628","potions_obtained":[{"floor":4,"key":"Fire Potion"},{"floor":10,"key":"Ancient Potion"},{"floor":11,"key":"FocusPotion"},{"floor":12,"key":"Weak Potion"},{"floor":19,"key":"Poison Potion"},{"floor":24,"key":"Strength Potion"},{"floor":31,"key":"EssenceOfSteel"},{"floor":44,"key":"Energy Potion"},{"floor":46,"key":"Energy Potion"},{"floor":48,"key":"FocusPotion"}],"is_trial":false,"path_per_floor":["M","$","?","M","M","E","?","R","T","E","M","E","$","T","R","B",null,"M","M","M","$","M","R","M","E","T","?","R","T","R","M","R","B",null,"M","?","?","?","$","E","$","R","T","E","M","?","R","M","R","B",null],"character_chosen":"DEFECT","items_purchased":["Melter","Lantern","Chemical X","Calipers","FearPotion"],"campfire_rested":3,"item_purchase_floors":[2,13,21,39,41],"current_hp_per_floor":[68,68,68,68,65,36,41,41,41,23,1,1,1,1,21,14,68,56,55,42,42,28,48,48,32,32,32,32,32,32,28,48,18,68,67,57,68,63,63,63,63,63,63,65,52,52,52,54,54,44],"gold":75,"neow_bonus":"ONE_RARE_RELIC","is_prod":false,"is_daily":false,"chose_seed":false,"campfire_upgraded":6,"win_rate":0,"timestamp":1562478360,"path_taken":["M","$","?","?","M","E","?","R","T","E","M","E","?","?","R","BOSS","M","M","M","$","M","R","?","E","T","?","R","?","R","M","R","BOSS","M","?","?","?","$","E","$","R","T","E","M","?","R","M","R","BOSS"],"build_version":"2019-07-05","purchased_purges":1,"victory":true,"max_hp_per_floor":[68,68,68,68,68,68,68,68,68,68,68,68,68,68,68,68,68,68,68,68,68,68,68,68,68,68,68,68,68,68,68,68,68,68,68,68,68,68,68,68,68,68,68,70,70,70,70,70,70,70],"card_choices":[{"not_picked":["Undo","Reinforced Body"],"picked":"Barrage","floor":1},{"not_picked":["Blizzard","Beam Cell"],"picked":"Redo","floor":4},{"not_picked":["Steam","BootSequence"],"picked":"Doom and Gloom","floor":5},{"not_picked":["Streamline","Rip and Tear"],"picked":"Beam Cell","floor":6},{"not_picked":["Blizzard","Genetic Algorithm"],"picked":"Multi-Cast","floor":10},{"not_picked":["Streamline","Turbo"],"picked":"Coolheaded","floor":11},{"not_picked":["Scrape","Force Field"],"picked":"Tempest","floor":12},{"not_picked":["Fission","Rainbow"],"picked":"Core Surge","floor":16},{"not_picked":["Beam Cell","Hologram"],"picked":"Coolheaded+1","floor":18},{"not_picked":["Genetic Algorithm","Coolheaded"],"picked":"White Noise","floor":19},{"not_picked":["Conserve Battery","Coolheaded"],"picked":"Stack+1","floor":20},{"not_picked":["Genetic Algorithm+1","Leap"],"picked":"Glacier","floor":22},{"not_picked":["Doom and Gloom","Rebound"],"picked":"Chill","floor":24},{"not_picked":["Barrage","Streamline+1"],"picked":"Glacier","floor":25},{"not_picked":["Steam","Glacier","Go for the Eyes+1"],"picked":"SKIP","floor":31},{"not_picked":["BootSequence+1","Doom and Gloom+1"],"picked":"Conserve Battery+1","floor":32},{"not_picked":["All For One","Meteor Strike"],"picked":"Thunder Strike","floor":33},{"not_picked":["Turbo","Rip and Tear+1","Force Field"],"picked":"SKIP","floor":35},{"not_picked":["Barrage+1","Leap+1"],"picked":"Steam+1","floor":36},{"not_picked":["Chrysalis","HandOfGreed"],"picked":"Mind Blast","floor":38},{"not_picked":["Streamline+1","Compile Driver"],"picked":"Ball Lightning+1","floor":40},{"not_picked":["Aggregate+1","Recycle","Rip and Tear"],"picked":"Singing Bowl","floor":44},{"not_picked":["Skim+1","Aggregate+1"],"picked":"Chill+1","floor":45},{"not_picked":["Coolheaded+1","Redo+1"],"picked":"White Noise+1","floor":48}],"player_experience":208800,"relics_obtained":[{"floor":6,"key":"Du-Vu Doll"},{"floor":9,"key":"The Courier"},{"floor":10,"key":"DataDisk"},{"floor":12,"key":"Orichalcum"},{"floor":14,"key":"Gremlin Horn"},{"floor":25,"key":"Shuriken"},{"floor":26,"key":"Juzu Bracelet"},{"floor":29,"key":"Emotion Chip"},{"floor":34,"key":"Pen Nib"},{"floor":34,"key":"Symbiotic Virus"},{"floor":34,"key":"Unceasing Top"},{"floor":36,"key":"Nunchaku"},{"floor":40,"key":"Singing Bowl"},{"floor":43,"key":"Meat on the Bone"},{"floor":44,"key":"Blood Vial"}],"event_choices":[{"damage_healed":0,"gold_gain":0,"player_choice":"Trade","damage_taken":0,"relics_obtained":["GremlinMask"],"max_hp_gain":0,"max_hp_loss":0,"event_name":"FaceTrader","floor":3,"gold_loss":0},{"cards_removed":["Beam Cell"],"damage_healed":5,"gold_gain":0,"player_choice":"Offered Common","damage_taken":0,"max_hp_gain":0,"max_hp_loss":0,"event_name":"Bonfire Elementals","floor":7,"gold_loss":0},{"cards_removed":["Beam Cell"],"damage_healed":5,"gold_gain":0,"player_choice":"Offered Special","damage_taken":0,"max_hp_gain":0,"max_hp_loss":0,"event_name":"Bonfire Elementals","floor":7,"gold_loss":0},{"damage_healed":0,"gold_gain":0,"player_choice":"Stole Relic","damage_taken":0,"relics_obtained":["Dream Catcher"],"max_hp_gain":0,"max_hp_loss":0,"event_name":"Addict","floor":27,"gold_loss":0,"cards_obtained":["Shame"]},{"damage_healed":0,"gold_gain":0,"player_choice":"Fight","damage_taken":0,"max_hp_gain":0,"max_hp_loss":0,"event_name":"Mysterious Sphere","floor":36,"gold_loss":0},{"damage_healed":17,"gold_gain":0,"player_choice":"Writhe","damage_taken":0,"max_hp_gain":0,"max_hp_loss":0,"event_name":"Winding Halls","floor":37,"gold_loss":0,"cards_obtained":["Writhe"]},{"damage_healed":0,"gold_gain":0,"player_choice":"Memory 2","damage_taken":5,"max_hp_gain":0,"max_hp_loss":0,"event_name":"SensoryStone","floor":38,"gold_loss":0},{"damage_healed":0,"gold_gain":0,"player_choice":"Got Potions","damage_taken":0,"max_hp_gain":0,"max_hp_loss":0,"event_name":"Lab","floor":46,"gold_loss":0}],"is_beta":false,"boss_relics":[{"not_picked":["Eternal Feather","Black Star"],"picked":"Cursed Key"},{"not_picked":["Astrolabe","FrozenCore"],"picked":"Calling Bell"}],"items_purged_floors":[2],"is_endless":false,"potions_floor_spawned":[4,10,11,12,19,24,31,44,48],"ascension_level":4}