{"path_per_floor":["M","M","$","?","?","R","E","R","T","R","?","M","?","E","R"],"character_chosen":"IRONCLAD","items_purchased":["Wild Strike"],"gold_per_floor":[110,121,23,23,23,23,57,57,57,57,85,102,163,188,188],"floor_reached":16,"campfire_rested":1,"playtime":635,"current_hp_per_floor":[78,78,78,78,66,66,59,59,59,59,51,57,30,12,36],"items_purged":["Strike_R"],"gold":188,"score":143,"play_id":"93e00b1c-773f-4507-808a-9695bf67890f","is_prod":false,"is_daily":false,"is_ascension_mode":true,"campfire_upgraded":3,"path_taken":["M","M","$","?","?","R","E","R","T","R","?","?","?","E","R","BOSS"],"build_version":"2018-02-15-PROD1","purchased_purges":1,"victory":false,"master_deck":["Strike_R","Strike_R","Strike_R","Defend_R+1","Defend_R+1","Defend_R","Defend_R+1","Bash+1","Power Through+1","Wild Strike","Wild Strike","Spot Weakness","Headbutt","Ghostly Armor","Offering","Shrug It Off"],"max_hp_per_floor":[80,80,80,80,80,80,80,80,80,80,80,80,80,80,80],"relics":["Burning Blood","Anchor","Frozen Eye","War Paint","Ancient Tea Set","Odd Mushroom","Bag of Marbles","Peace Pipe"],"card_choices":[{"not_picked":["Shockwave","Combust"],"picked":"Power Through"},{"not_picked":["Body Slam","Twin Strike"],"picked":"Wild Strike"},{"not_picked":["Iron Wave","Entrench"],"picked":"Headbutt"},{"not_picked":["Flex","Rage"],"picked":"Ghostly Armor"},{"not_picked":["Thunderclap","Flame Barrier"],"picked":"Offering"},{"not_picked":["Rupture","Disarm"],"picked":"Shrug It Off"}],"player_experience":246890,"potions_floor_usage":[13,14],"damage_taken":[{"damage":0.0,"enemies":"Small Slimes","floor":1.0,"turns":4.0},{"damage":6.0,"enemies":"Cultist","floor":2.0,"turns":3.0},{"damage":13.0,"enemies":"Gremlin Nob","floor":7.0,"turns":3.0},{"damage":14.0,"enemies":"The Mushroom Lair","floor":11.0,"turns":4.0},{"damage":0.0,"enemies":"Jaw Worm","floor":12.0,"turns":2.0},{"damage":33,"enemies":"Lagavulin Event","floor":13,"turns":7},{"damage":24,"enemies":"Lagavulin","floor":14,"turns":4},{"damage":4,"enemies":"Hexaghost","floor":16,"turns":2}],"event_choices":[{"event_name":"Transmorgrifier","player_choice":"Transform","floor":4.0,"damage_taken":0.0},{"event_name":"Scrap Ooze","player_choice":"success","floor":5.0,"damage_taken":12.0},{"event_name":"Mushrooms","player_choice":"Fought Mushrooms","floor":11.0,"damage_taken":0.0},{"event_name":"Dead Adventurer","player_choice":"Searched \u00272\u0027 times","floor":13,"damage_taken":0}],"boss_relics":[],"potions_floor_spawned":[1,2,7,13],"seed_played":"-311993831135543933","killed_by":"Hexaghost","ascension_level":7,"is_trial":false}