{"gold_per_floor":[116,133,150,150,115,115,128,128,128,128,28,56,131,145,145,245,245,257,271,284,299,311,339,339,339,417,439,451,463,487,531,543,657,669,698,724,128,144,164,164,192,192,192,292,392,425,425,445,445,445],"floor_reached":51,"playtime":6550,"items_purged":["Strike_B","Strike_B"],"score":917,"play_id":"2ffb64c4-e012-4986-af04-5e0934dd4212","local_time":"20190724195405","is_ascension_mode":true,"campfire_choices":[{"data":"Defragment","floor":6,"key":"SMITH"},{"data":"Zap","floor":8,"key":"SMITH"},{"floor":10,"key":"REST"},{"floor":15,"key":"REST"},{"floor":24,"key":"REST"},{"data":"Capacitor","floor":29,"key":"SMITH"},{"floor":32,"key":"REST"},{"data":"Biased Cognition","floor":40,"key":"SMITH"},{"data":"Loop","floor":42,"key":"SMITH"},{"floor":47,"key":"DIG"},{"floor":49,"key":"DIG"}],"neow_cost":"PERCENT_DAMAGE","seed_source_timestamp":783370206627464,"circlet_count":0,"master_deck":["Strike_B","Defend_B+1","Defend_B","Defend_B","Defend_B","Zap+1","Dualcast","Steam","Compile Driver","Defragment+1","Conserve Battery","Compile Driver","Ball Lightning","Cold Snap","Machine Learning","Capacitor+1","Coolheaded+1","Auto Shields+1","Steam","Coolheaded+1","Defragment+1","Glacier+1","Recycle+1","Biased Cognition+1","Leap+1","Steam Power+1","Reboot","Loop+1","Compile Driver","Loop+1","Loop+1","Fusion+1"],"relics":["Cracked Core","Ginger","Matryoshka","Strawberry","White Beast Statue","Bottled Tornado","MawBank","Question Card","Gambling Chip","Nuclear Battery","Toy Ornithopter","Gremlin Horn","War Paint","Molten Egg 2","Shovel","Frozen Egg 2","Thread and Needle","Centennial Puzzle"],"potions_floor_usage":[18,19,19,20,22,23,27,27,31,31,33,35,36,38,39,41,50,50,50],"damage_taken":[{"damage":0,"enemies":"2 Louse","floor":1,"turns":2},{"damage":7,"enemies":"Jaw Worm","floor":2,"turns":4},{"damage":0,"enemies":"Small Slimes","floor":3,"turns":3},{"damage":21,"enemies":"Exordium Thugs","floor":5,"turns":5},{"damage":0,"enemies":"Red Slaver","floor":7,"turns":4},{"damage":19,"enemies":"Lagavulin","floor":12,"turns":7},{"damage":7,"enemies":"Large Slime","floor":14,"turns":4},{"damage":19,"enemies":"The Guardian","floor":16,"turns":10},{"damage":6,"enemies":"Chosen","floor":18,"turns":3},{"damage":0,"enemies":"3 Byrds","floor":19,"turns":2},{"damage":19,"enemies":"Cultist and Chosen","floor":20,"turns":6},{"damage":7,"enemies":"Shelled Parasite and Fungi","floor":21,"turns":6},{"damage":8,"enemies":"Centurion and Healer","floor":22,"turns":10},{"damage":19,"enemies":"Book of Stabbing","floor":23,"turns":8},{"damage":1,"enemies":"Cultist and Chosen","floor":27,"turns":7},{"damage":6,"enemies":"Snake Plant","floor":30,"turns":5},{"damage":8,"enemies":"Gremlin Leader","floor":31,"turns":9},{"damage":10,"enemies":"Automaton","floor":33,"turns":15},{"damage":23,"enemies":"3 Darklings","floor":35,"turns":8},{"damage":10,"enemies":"3 Shapes","floor":36,"turns":5},{"damage":0,"enemies":"3 Darklings","floor":38,"turns":6},{"damage":0,"enemies":"Writhing Mass","floor":39,"turns":7},{"damage":0,"enemies":"Nemesis","floor":41,"turns":10},{"damage":0,"enemies":"Mind Bloom Boss Battle","floor":44,"turns":7},{"damage":0,"enemies":"Giant Head","floor":46,"turns":8},{"damage":0,"enemies":"Maw","floor":48,"turns":6},{"damage":45,"enemies":"Awakened One","floor":50,"turns":12}],"seed_played":"1279007045263525372","potions_obtained":[{"floor":5,"key":"Explosive Potion"},{"floor":7,"key":"Ancient Potion"},{"floor":16,"key":"Explosive Potion"},{"floor":18,"key":"Dexterity Potion"},{"floor":19,"key":"Explosive Potion"},{"floor":20,"key":"FearPotion"},{"floor":21,"key":"Strength Potion"},{"floor":22,"key":"Swift Potion"},{"floor":23,"key":"Regen Potion"},{"floor":27,"key":"Dexterity Potion"},{"floor":30,"key":"Fire Potion"},{"floor":31,"key":"Block Potion"},{"floor":33,"key":"EssenceOfSteel"},{"floor":35,"key":"Explosive Potion"},{"floor":36,"key":"SpeedPotion"},{"floor":38,"key":"Weak Potion"},{"floor":39,"key":"Energy Potion"},{"floor":41,"key":"SmokeBomb"},{"floor":44,"key":"GamblersBrew"},{"floor":46,"key":"Poison Potion"}],"is_trial":false,"path_per_floor":["M","M","M","?","M","R","M","R","T","R","$","E","?","M","R","B",null,"M","M","M","M","M","E","R","?","T","M","?","R","M","E","R","B",null,"M","M","$","M","M","R","E","R","T","?","?","E","R","M","R","B",null],"character_chosen":"DEFECT","items_purchased":["Ball Lightning","Reboot","Toy Ornithopter","Regen Potion","Loop"],"campfire_rested":4,"item_purchase_floors":[11,37,37,37,37],"current_hp_per_floor":[54,47,47,40,19,19,19,19,19,41,41,29,18,11,35,16,82,76,76,57,50,42,23,47,31,31,45,45,45,39,31,57,47,87,64,54,54,74,79,79,84,84,84,84,84,84,84,84,84,42],"gold":445,"neow_bonus":"ONE_RARE_RELIC","is_prod":false,"is_daily":false,"chose_seed":false,"campfire_upgraded":5,"win_rate":0,"timestamp":1564012445,"path_taken":["M","M","M","?","M","R","M","R","T","R","$","E","?","M","R","BOSS","M","M","M","M","M","E","R","?","T","M","?","R","?","E","R","BOSS","M","M","$","M","M","R","E","R","T","?","?","E","R","M","R","BOSS"],"build_version":"2019-07-17","purchased_purges":2,"victory":true,"max_hp_per_floor":[75,75,75,75,75,75,75,75,75,75,75,82,82,82,82,82,82,82,82,82,82,82,82,82,87,87,87,87,87,87,87,87,87,87,87,87,87,87,87,87,87,87,87,87,87,87,87,87,87,87],"card_choices":[{"not_picked":["Turbo","Rip and Tear"],"picked":"Steam","floor":1},{"not_picked":["Leap","Hologram"],"picked":"Compile Driver","floor":2},{"not_picked":["Steam Power","Hologram"],"picked":"Defragment","floor":3},{"not_picked":["Static Discharge","Rip and Tear"],"picked":"Conserve Battery","floor":5},{"not_picked":["Double Energy","Thunder Strike"],"picked":"Compile Driver","floor":7},{"not_picked":["Steam Power","White Noise"],"picked":"Cold Snap","floor":12},{"not_picked":["Lockon","Beam Cell","Redo"],"picked":"SKIP","floor":14},{"not_picked":["Fission","Seek"],"picked":"Machine Learning","floor":16},{"not_picked":["Tempest","Beam Cell+1"],"picked":"Capacitor","floor":18},{"not_picked":["Loop","Leap+1"],"picked":"Coolheaded+1","floor":19},{"not_picked":["Turbo","Coolheaded"],"picked":"Auto Shields+1","floor":20},{"not_picked":["Tempest","Double Energy","Static Discharge"],"picked":"SKIP","floor":21},{"not_picked":["Darkness","Ball Lightning"],"picked":"Steam","floor":22},{"not_picked":["Gash","Rebound","Hologram"],"picked":"SKIP","floor":23},{"not_picked":["Steam","Heatsinks+1","Reboot"],"picked":"Coolheaded+1","floor":27},{"not_picked":["Melter+1","Leap","Lockon"],"picked":"Glacier","floor":30},{"not_picked":["Leap","Amplify","Ball Lightning+1"],"picked":"Recycle+1","floor":31},{"not_picked":["Fission","Creative AI","All For One"],"picked":"Biased Cognition","floor":33},{"not_picked":["Chill+1","Storm+1","Rebound+1"],"picked":"Leap+1","floor":35},{"not_picked":["Sunder","Cold Snap+1","Darkness"],"picked":"Steam Power+1","floor":36},{"not_picked":["Heatsinks","Sweeping Beam+1","Force Field","Cold Snap"],"picked":"SKIP","floor":38},{"not_picked":["Conserve Battery+1","Hyperbeam","Leap+1"],"picked":"Compile Driver","floor":39},{"not_picked":["Blizzard+1","Beam Cell","Compile Driver+1"],"picked":"Loop+1","floor":41},{"not_picked":["Barrage+1","Coolheaded+1","Stack"],"picked":"Loop+1","floor":44},{"not_picked":["Meteor Strike+1","Storm","Force Field+1"],"picked":"Fusion+1","floor":46},{"not_picked":["Scrape+1","Beam Cell+1","Redo","Rebound+1"],"picked":"SKIP","floor":48}],"player_experience":656794,"relics_obtained":[{"floor":9,"key":"Matryoshka"},{"floor":12,"key":"Strawberry"},{"floor":23,"key":"Bottled Tornado"},{"floor":26,"key":"MawBank"},{"floor":26,"key":"Question Card"},{"floor":31,"key":"Gambling Chip"},{"floor":41,"key":"Gremlin Horn"},{"floor":43,"key":"War Paint"},{"floor":43,"key":"Molten Egg 2"},{"floor":44,"key":"Shovel"},{"floor":46,"key":"Frozen Egg 2"},{"floor":47,"key":"Thread and Needle"},{"floor":49,"key":"Centennial Puzzle"}],"event_choices":[{"cards_removed":["Strike_B"],"damage_healed":0,"gold_gain":0,"player_choice":"Card Removal","damage_taken":7,"max_hp_gain":0,"max_hp_loss":0,"event_name":"Golden Wing","floor":4,"gold_loss":0},{"damage_healed":0,"gold_gain":75,"player_choice":"Gather Gold","damage_taken":11,"max_hp_gain":0,"max_hp_loss":0,"event_name":"World of Goop","floor":13,"gold_loss":0},{"damage_healed":0,"gold_gain":0,"player_choice":"Shed Blood","damage_taken":21,"max_hp_gain":5,"max_hp_loss":0,"event_name":"Forgotten Altar","floor":25,"gold_loss":0},{"damage_healed":0,"gold_gain":0,"player_choice":"Copied","damage_taken":0,"max_hp_gain":0,"max_hp_loss":0,"event_name":"Duplicator","floor":28,"gold_loss":0,"cards_obtained":["Defragment"]},{"damage_healed":0,"gold_gain":0,"player_choice":"Fight","damage_taken":0,"max_hp_gain":0,"max_hp_loss":0,"event_name":"MindBloom","floor":44,"gold_loss":0},{"damage_healed":0,"gold_gain":100,"player_choice":"Pray","damage_taken":0,"max_hp_gain":0,"max_hp_loss":0,"event_name":"Golden Shrine","floor":45,"gold_loss":0}],"is_beta":false,"boss_relics":[{"not_picked":["Runic Dome","Calling Bell"],"picked":"White Beast Statue"},{"not_picked":["Sozu","Pandora\u0027s Box"],"picked":"Nuclear Battery"}],"items_purged_floors":[11,37],"is_endless":false,"potions_floor_spawned":[5,7,16,18,19,20,21,22,23,27,30,31,33,35,36,38,39,41,44,46,48],"ascension_level":3}