{"gold_per_floor":[13,31,47,47,64,64,80,111,111,136,136,39,39,49,49,126,126,141,54,54,71,90,90,23,48,73,73,101,117,117,144,144,217,217,233,243,43,53,64,92,92,109,109,109,109,127,1,17,17,17],"floor_reached":51,"playtime":5467,"items_purged":["Strike_G"],"score":1310,"play_id":"866a9979-6847-4494-b2d4-b4151f902653","local_time":"20190421154821","is_ascension_mode":true,"campfire_choices":[{"data":"Sucker Punch","floor":6.0,"key":"SMITH"},{"floor":11.0,"key":"REST"},{"data":"Footwork","floor":13.0,"key":"SMITH"},{"floor":15.0,"key":"REST"},{"data":"Prepared","floor":23.0,"key":"SMITH"},{"data":"Reflex","floor":27.0,"key":"SMITH"},{"data":"Noxious Fumes","floor":30.0,"key":"SMITH"},{"floor":32.0,"key":"REST"},{"data":"Adrenaline","floor":41,"key":"SMITH"},{"data":"Noxious Fumes","floor":44,"key":"SMITH"},{"data":"Tools of the Trade","floor":49,"key":"SMITH"}],"neow_cost":"NO_GOLD","seed_source_timestamp":0,"circlet_count":0,"master_deck":["AscendersBane","Defend_G","Defend_G","Defend_G","Defend_G","Defend_G","Strike_G","Strike_G","Strike_G","Strike_G","Survivor","Neutralize+1","Quick Slash","Tools of the Trade+1","Sucker Punch+1","Poisoned Stab","Dash","Reflex+1","Deadly Poison","Footwork+1","Prepared+1","Dodge and Roll+1","Corpse Explosion","Blur","Noxious Fumes+1","Backflip","Backflip","Acrobatics+1","Noxious Fumes+1","Adrenaline+1","Crippling Poison+1","Bouncing Flask+1","Prepared+1","Burst+1","Deadly Poison+1","Dodge and Roll+1","Burst+1","Thinking Ahead+1","Panacea+1","Blind+1"],"special_seed":0,"relics":["Ring of the Snake","Tough Bandages","Matryoshka","Dream Catcher","Paper Crane","Singing Bowl","Philosopher\u0027s Stone","Bronze Scales","Toxic Egg 2","Happy Flower","Red Mask","PreservedInsect","Eternal Feather","Potion Belt","Omamori","War Paint"],"potions_floor_usage":[39,40,50,50,50,50,50,50,50,50],"damage_taken":[{"damage":22.0,"enemies":"Jaw Worm","floor":1.0,"turns":6.0},{"damage":3.0,"enemies":"Cultist","floor":2.0,"turns":4.0},{"damage":0.0,"enemies":"Small Slimes","floor":3.0,"turns":5.0},{"damage":5.0,"enemies":"Blue Slaver","floor":5.0,"turns":5.0},{"damage":13.0,"enemies":"Lots of Slimes","floor":7.0,"turns":5.0},{"damage":6.0,"enemies":"Gremlin Nob","floor":8.0,"turns":6.0},{"damage":2.0,"enemies":"Lagavulin","floor":10.0,"turns":7.0},{"damage":5.0,"enemies":"3 Louse","floor":14.0,"turns":3.0},{"damage":3.0,"enemies":"The Guardian","floor":16.0,"turns":12.0},{"damage":0.0,"enemies":"Shell Parasite","floor":18.0,"turns":7.0},{"damage":15.0,"enemies":"Spheric Guardian","floor":21.0,"turns":7.0},{"damage":1.0,"enemies":"Chosen and Byrds","floor":22.0,"turns":10.0},{"damage":13.0,"enemies":"Gremlin Leader","floor":25.0,"turns":8.0},{"damage":8.0,"enemies":"Masked Bandits","floor":28.0,"turns":3.0},{"damage":1.0,"enemies":"Cultist and Chosen","floor":29.0,"turns":5.0},{"damage":17.0,"enemies":"Champ","floor":33.0,"turns":11.0},{"damage":2,"enemies":"Orb Walker","floor":35,"turns":4},{"damage":0,"enemies":"3 Darklings","floor":36,"turns":2},{"damage":1,"enemies":"Spire Growth","floor":38,"turns":6},{"damage":0,"enemies":"Writhing Mass","floor":39,"turns":6},{"damage":19,"enemies":"Reptomancer","floor":40,"turns":5},{"damage":0,"enemies":"3 Darklings","floor":42,"turns":3},{"damage":10,"enemies":"Transient","floor":46,"turns":5},{"damage":0,"enemies":"Sphere and 2 Shapes","floor":48,"turns":5},{"damage":0,"enemies":"Awakened One","floor":50,"turns":13}],"seed_played":"-3730228981156768996","potions_obtained":[{"floor":2.0,"key":"Dexterity Potion"},{"floor":7.0,"key":"Energy Potion"},{"floor":8.0,"key":"SpeedPotion"},{"floor":10.0,"key":"Poison Potion"},{"floor":16.0,"key":"Strength Potion"},{"floor":18.0,"key":"Fruit Juice"},{"floor":29.0,"key":"Dexterity Potion"},{"floor":36,"key":"FearPotion"},{"floor":39,"key":"SpeedPotion"},{"floor":42,"key":"EntropicBrew"},{"floor":46,"key":"FearPotion"}],"is_trial":false,"path_per_floor":["M","M","M","?","M","R","M","E","T","E","R","$","R","M","R","B",null,"M","$","?","M","M","R","$","E","T","R","?","M","R","T","R","B",null,"M","M","$","M","M","E","R","M","T","R","?","M","$","M","R","B",null],"character_chosen":"THE_SILENT","items_purchased":["Deadly Poison","Footwork","Noxious Fumes","Backflip","Noxious Fumes","Dodge and Roll+1","Potion Belt","SkillPotion"],"campfire_rested":3,"item_purchase_floors":[12,12,19,19,24,37,37,47],"current_hp_per_floor":[37,34,34,34,29,29,16,10,10,8,27,27,27,22,41,38,59,64,64,64,49,48,48,48,35,35,35,27,26,26,26,47,30,61,61,61,61,62,64,47,68,68,68,79,69,61,61,63,83,83],"gold":17,"neow_bonus":"ONE_RARE_RELIC","is_prod":false,"is_daily":false,"chose_seed":false,"campfire_upgraded":8,"win_rate":0,"timestamp":1555876101,"path_taken":["M","M","M","?","M","R","M","E","T","E","R","?","R","M","R","BOSS","M","$","?","M","M","R","$","E","T","R","?","M","R","?","R","BOSS","M","M","$","M","M","E","R","M","T","R","?","M","$","M","R","BOSS"],"build_version":"2019-01-23","purchased_purges":1,"victory":true,"max_hp_per_floor":[66,66,66,66,66,66,66,66,66,66,66,66,66,66,66,66,66,71,71,71,71,71,71,71,71,71,71,71,71,71,71,71,71,71,73,73,73,75,77,79,79,79,79,79,79,81,81,83,83,83],"card_choices":[{"not_picked":["Blade Dance","Deflect"],"picked":"Quick Slash","floor":1.0},{"not_picked":["Prepared","PiercingWail"],"picked":"Tools of the Trade","floor":2.0},{"not_picked":["Accuracy","Crippling Poison"],"picked":"Sucker Punch","floor":3.0},{"not_picked":["Skewer","PiercingWail"],"picked":"Poisoned Stab","floor":5.0},{"not_picked":["Outmaneuver","Finisher","Blade Dance"],"picked":"SKIP","floor":7.0},{"not_picked":["Blade Dance","Slice","Choke"],"picked":"SKIP","floor":8.0},{"not_picked":["Envenom","Concentrate"],"picked":"Dash","floor":10.0},{"not_picked":["Expertise","Dodge and Roll"],"picked":"Reflex","floor":11.0},{"not_picked":["Blade Dance","Poisoned Stab"],"picked":"Prepared","floor":14.0},{"not_picked":["Concentrate","Backstab"],"picked":"Dodge and Roll","floor":15.0},{"not_picked":["A Thousand Cuts","Die Die Die"],"picked":"Corpse Explosion","floor":16.0},{"not_picked":["Flying Knee","Prepared"],"picked":"Blur","floor":18.0},{"not_picked":["Reflex","Dodge and Roll"],"picked":"Backflip","floor":21.0},{"not_picked":["Cloak And Dagger","Slice"],"picked":"Acrobatics","floor":22.0},{"not_picked":["Setup+1","Slice"],"picked":"Adrenaline","floor":25.0},{"not_picked":["Backflip+1","Outmaneuver+1"],"picked":"Crippling Poison+1","floor":28.0},{"not_picked":["Deflect+1","Dash"],"picked":"Bouncing Flask+1","floor":29.0},{"not_picked":["Expertise+1","PiercingWail+1"],"picked":"Prepared+1","floor":32.0},{"not_picked":["After Image","Phantasmal Killer+1"],"picked":"Burst+1","floor":33.0},{"not_picked":["Dash","Skewer+1","Finisher"],"picked":"Singing Bowl","floor":35},{"not_picked":["Outmaneuver+1","Blade Dance+1"],"picked":"Deadly Poison+1","floor":36},{"not_picked":["Eviscerate","Choke","Bane+1"],"picked":"Singing Bowl","floor":38},{"not_picked":["Slice","Deflect+1","Finisher"],"picked":"Singing Bowl","floor":39},{"not_picked":["Acrobatics+1","Choke","Dash"],"picked":"Singing Bowl","floor":40},{"not_picked":["Heel Hook","Sucker Punch"],"picked":"Burst+1","floor":42},{"not_picked":["Dramatic Entrance","Mind Blast"],"picked":"Thinking Ahead+1","floor":45},{"not_picked":["Dark Shackles+1","Sadistic Nature"],"picked":"Panacea+1","floor":45},{"not_picked":["Secret Weapon+1","Deep Breath+1"],"picked":"Blind+1","floor":45},{"not_picked":["Flying Knee+1","Sucker Punch","Poisoned Stab"],"picked":"Singing Bowl","floor":46},{"not_picked":["Infinite Blades","Slice","Outmaneuver+1"],"picked":"Singing Bowl","floor":48}],"player_experience":801521,"relics_obtained":[{"floor":8.0,"key":"Matryoshka"},{"floor":9.0,"key":"Dream Catcher"},{"floor":9.0,"key":"Paper Crane"},{"floor":10.0,"key":"Singing Bowl"},{"floor":25.0,"key":"Bronze Scales"},{"floor":26.0,"key":"Toxic Egg 2"},{"floor":26.0,"key":"Happy Flower"},{"floor":28.0,"key":"Red Mask"},{"floor":31.0,"key":"PreservedInsect"},{"floor":40,"key":"Omamori"},{"floor":43,"key":"War Paint"}],"event_choices":[{"damage_healed":0.0,"max_hp_gain":0.0,"max_hp_loss":0.0,"gold_gain":0.0,"event_name":"Accursed Blacksmith","player_choice":"Forge","floor":4.0,"gold_loss":0.0,"damage_taken":0.0,"cards_upgraded":["Neutralize"]},{"damage_healed":0.0,"max_hp_gain":0.0,"max_hp_loss":0.0,"gold_gain":0.0,"event_name":"Beggar","player_choice":"Ignored","floor":20.0,"gold_loss":0.0,"damage_taken":0.0},{"damage_healed":0.0,"max_hp_gain":0.0,"max_hp_loss":0.0,"gold_gain":0.0,"event_name":"Masked Bandits","player_choice":"Fought Bandits","floor":28.0,"gold_loss":0.0,"damage_taken":0.0},{"damage_healed":0,"gold_gain":0,"player_choice":"Memory 3","damage_taken":10,"max_hp_gain":0,"max_hp_loss":0,"event_name":"SensoryStone","floor":45,"gold_loss":0}],"is_beta":false,"boss_relics":[{"not_picked":["Velvet Choker","Black Star"],"picked":"Philosopher\u0027s Stone"},{"not_picked":["HoveringKite","Tiny House"],"picked":"Eternal Feather"}],"items_purged_floors":[47],"is_endless":false,"potions_floor_spawned":[2,7,8,10,16,18,29,36,39,42,46,48],"ascension_level":15}