{"gold_per_floor":[118,135,146,146,166,166,201,201,256,266,266,277,302,321,321,399,399,416,416,86,106,124,124,151,151,178,178,212,212,64,84,84,161,161,171,171,187,202,217,248,248,248,274,286,298,320,73,73,73,73],"floor_reached":51,"playtime":6188,"items_purged":["Strike_G","Writhe","Strike_G+1"],"score":1530,"play_id":"d37340fe-c428-44a8-afcf-690d84b46303","local_time":"20190523172440","is_ascension_mode":true,"campfire_choices":[{"data":"Neutralize","floor":6.0,"key":"SMITH"},{"data":"Deadly Poison","floor":8.0,"key":"SMITH"},{"data":"Dagger Spray","floor":11.0,"key":"SMITH"},{"data":"Deadly Poison","floor":15.0,"key":"SMITH"},{"floor":23.0,"key":"REST"},{"floor":25.0,"key":"REST"},{"floor":29.0,"key":"REST"},{"floor":32.0,"key":"REST"},{"floor":42.0,"key":"REST"},{"floor":45.0,"key":"REST"},{"floor":49,"key":"REST"}],"neow_cost":"PERCENT_DAMAGE","seed_source_timestamp":0,"circlet_count":0,"master_deck":["AscendersBane","Defend_G+1","Defend_G+1","Defend_G+1","Defend_G+1","Defend_G+1","Strike_G+1","Strike_G+1","Survivor+1","Neutralize+1","Riddle With Holes+1","Blur+1","Deadly Poison+1","Dagger Spray+1","Deflect+1","Deadly Poison+1","Envenom+1","Catalyst+1","Footwork+1","Bouncing Flask+1","Venomology+1","Purity+1","Calculated Gamble+1","Acrobatics+1","Malaise+1","Well Laid Plans+1","Backflip","Backflip","Blur","Noxious Fumes","Prepared+1"],"special_seed":0,"relics":["Ring of the Snake","Thread and Needle","Blue Candle","Oddly Smooth Stone","Dream Catcher","Fusion Hammer","ClockworkSouvenir","Mercury Hourglass","Orichalcum","Smiling Mask","Pantograph","Runic Dome","Mark of the Bloom","Boot","MawBank"],"potions_floor_usage":[46,50,50,50],"damage_taken":[{"damage":0.0,"enemies":"Jaw Worm","floor":1.0,"turns":4.0},{"damage":2.0,"enemies":"Cultist","floor":2.0,"turns":4.0},{"damage":0.0,"enemies":"2 Louse","floor":3.0,"turns":3.0},{"damage":0.0,"enemies":"2 Fungi Beasts","floor":5.0,"turns":5.0},{"damage":0.0,"enemies":"Lagavulin","floor":7.0,"turns":5.0},{"damage":5.0,"enemies":"3 Louse","floor":10.0,"turns":3.0},{"damage":0.0,"enemies":"Lots of Slimes","floor":12.0,"turns":2.0},{"damage":0.0,"enemies":"3 Sentries","floor":13.0,"turns":8.0},{"damage":5.0,"enemies":"Gremlin Gang","floor":14.0,"turns":2.0},{"damage":13.0,"enemies":"Slime Boss","floor":16.0,"turns":10.0},{"damage":6.0,"enemies":"2 Thieves","floor":18.0,"turns":5.0},{"damage":0.0,"enemies":"3 Byrds","floor":21.0,"turns":6.0},{"damage":2.0,"enemies":"Centurion and Healer","floor":22.0,"turns":7.0},{"damage":3.0,"enemies":"Book of Stabbing","floor":24.0,"turns":5.0},{"damage":60.0,"enemies":"Slavers","floor":28.0,"turns":7.0},{"damage":17.0,"enemies":"Sentry and Sphere","floor":31.0,"turns":6.0},{"damage":27.0,"enemies":"Champ","floor":33.0,"turns":11.0},{"damage":9.0,"enemies":"Orb Walker","floor":35.0,"turns":6.0},{"damage":7.0,"enemies":"3 Darklings","floor":37.0,"turns":6.0},{"damage":0.0,"enemies":"Jaw Worm Horde","floor":38.0,"turns":5.0},{"damage":0.0,"enemies":"Spire Growth","floor":39.0,"turns":6.0},{"damage":0.0,"enemies":"Giant Head","floor":40.0,"turns":7.0},{"damage":0,"enemies":"4 Shapes","floor":46,"turns":5},{"damage":0,"enemies":"Donu and Deca","floor":50,"turns":12}],"seed_played":"3351390251652284244","potions_obtained":[{"floor":2.0,"key":"Strength Potion"},{"floor":5.0,"key":"GhostInAJar"},{"floor":7.0,"key":"Regen Potion"},{"floor":13.0,"key":"Strength Potion"},{"floor":16.0,"key":"Explosive Potion"},{"floor":22.0,"key":"Weak Potion"},{"floor":28.0,"key":"Swift Potion"},{"floor":33.0,"key":"Block Potion"},{"floor":35.0,"key":"Weak Potion"}],"is_trial":false,"path_per_floor":["M","M","M","?","M","R","E","R","T","M","R","M","E","M","R","B",null,"M","?","$","M","M","R","E","R","T","?","E","R","$","M","R","B",null,"M","?","M","M","M","E","?","R","T","?","R","M","$","?","R","B",null],"character_chosen":"THE_SILENT","items_purchased":["Footwork","ClockworkSouvenir","Purity","SpeedPotion","Blur","Noxious Fumes"],"campfire_rested":7,"item_purchase_floors":[20,20,30,47,47,47],"current_hp_per_floor":[44,42,42,42,42,42,42,42,42,37,37,37,52,47,47,34,58,52,43,43,43,41,60,57,66,66,66,6,25,25,8,27,25,56,47,47,40,40,40,40,40,40,40,40,40,40,40,40,40,40],"gold":73,"neow_bonus":"ONE_RARE_RELIC","is_prod":false,"is_daily":false,"chose_seed":false,"campfire_upgraded":4,"win_rate":0,"timestamp":1558646680,"path_taken":["M","M","M","?","?","R","E","R","T","M","R","?","E","M","R","BOSS","M","?","$","?","M","R","E","R","T","?","E","R","$","M","R","BOSS","M","?","M","M","M","E","?","R","T","?","R","M","$","?","R","BOSS"],"build_version":"2019-01-23","purchased_purges":3,"victory":true,"max_hp_per_floor":[66,66,66,66,66,66,66,66,66,66,66,66,66,66,66,66,66,66,66,66,66,66,66,66,66,66,66,66,66,66,66,66,66,66,66,66,66,66,66,66,66,66,66,66,66,66,66,63,63,63],"card_choices":[{"not_picked":["Bane","Cloak And Dagger"],"picked":"Riddle With Holes","floor":1.0},{"not_picked":["Prepared","Flying Knee"],"picked":"Blur","floor":2.0},{"not_picked":["Outmaneuver","Choke"],"picked":"Endless Agony","floor":3.0},{"not_picked":["Night Terror","Infinite Blades"],"picked":"Deadly Poison","floor":5.0},{"not_picked":["Prepared","Underhanded Strike"],"picked":"Dagger Spray","floor":7.0},{"not_picked":["All Out Attack","Masterful Stab","Acrobatics"],"picked":"SKIP","floor":10.0},{"not_picked":["Flying Knee","Blade Dance"],"picked":"Deflect","floor":12.0},{"not_picked":["Accuracy","Skewer","Dodge and Roll"],"picked":"SKIP","floor":13.0},{"not_picked":["Poisoned Stab","Prepared"],"picked":"Deadly Poison","floor":14.0},{"not_picked":["Phantasmal Killer","Tools of the Trade"],"picked":"Envenom","floor":16.0},{"not_picked":["Flying Knee","Blade Dance"],"picked":"Catalyst","floor":18.0},{"not_picked":["Dagger Spray","Catalyst","Eviscerate"],"picked":"SKIP","floor":21.0},{"not_picked":["Cloak And Dagger+1","All Out Attack","Terror"],"picked":"SKIP","floor":22.0},{"not_picked":["Deflect","Flying Knee"],"picked":"Bouncing Flask","floor":23.0},{"not_picked":["PiercingWail","Reflex"],"picked":"Venomology","floor":24.0},{"not_picked":["Dodge and Roll","Quick Slash","Dash"],"picked":"SKIP","floor":28.0},{"not_picked":["Blade Dance","Dodge and Roll"],"picked":"Calculated Gamble+1","floor":31.0},{"not_picked":["Leg Sweep","Flying Knee"],"picked":"Acrobatics","floor":32.0},{"not_picked":["Doppelganger","Venomology"],"picked":"Malaise","floor":33.0},{"not_picked":["Dagger Throw+1","Dash"],"picked":"Well Laid Plans","floor":35.0},{"not_picked":["Eviscerate","Flying Knee","Poisoned Stab"],"picked":"SKIP","floor":37.0},{"not_picked":["Leg Sweep","Sucker Punch"],"picked":"Backflip","floor":38.0},{"not_picked":["Accuracy","Distraction","Catalyst"],"picked":"SKIP","floor":39.0},{"not_picked":["Sucker Punch","Quick Slash","Cloak And Dagger"],"picked":"SKIP","floor":40.0},{"not_picked":["Well Laid Plans","Deadly Poison"],"picked":"Backflip","floor":42.0},{"not_picked":["Poisoned Stab","Skewer","Sucker Punch+1"],"picked":"SKIP","floor":46},{"not_picked":["Dagger Throw","Slice"],"picked":"Prepared+1","floor":49}],"player_experience":825098,"relics_obtained":[{"floor":7.0,"key":"Blue Candle"},{"floor":9.0,"key":"Oddly Smooth Stone"},{"floor":13.0,"key":"Dream Catcher"},{"floor":24.0,"key":"Mercury Hourglass"},{"floor":26.0,"key":"Orichalcum"},{"floor":28.0,"key":"Pantograph"},{"floor":40.0,"key":"Boot"},{"floor":43.0,"key":"MawBank"}],"event_choices":[{"cards_removed":["Strike_G"],"damage_healed":0.0,"max_hp_gain":0.0,"max_hp_loss":0.0,"gold_gain":0.0,"event_name":"Purifier","player_choice":"Purged","floor":4.0,"gold_loss":0.0,"damage_taken":0.0},{"damage_healed":0.0,"max_hp_gain":0.0,"max_hp_loss":0.0,"gold_gain":0.0,"event_name":"Wheel of Change","player_choice":"Damaged","floor":19.0,"gold_loss":0.0,"damage_taken":9.0},{"damage_healed":0.0,"max_hp_gain":0.0,"max_hp_loss":0.0,"gold_gain":0.0,"event_name":"The Mausoleum","player_choice":"Opened","floor":27.0,"gold_loss":0.0,"damage_taken":0.0,"relics_obtained":["Smiling Mask"],"cards_obtained":["Writhe"]},{"damage_healed":0.0,"max_hp_gain":0.0,"max_hp_loss":0.0,"gold_gain":0.0,"event_name":"MindBloom","player_choice":"Upgrade","floor":36.0,"gold_loss":0.0,"damage_taken":0.0,"cards_upgraded":["Defend_G","Defend_G","Defend_G","Defend_G","Defend_G","Strike_G","Strike_G","Strike_G","Survivor","Riddle With Holes","Blur","Endless Agony","Deflect","Envenom","Catalyst","Footwork","Bouncing Flask","Venomology","Purity","Acrobatics","Malaise","Well Laid Plans"],"relics_obtained":["Mark of the Bloom"]},{"damage_healed":0.0,"max_hp_gain":0.0,"max_hp_loss":0.0,"gold_gain":0.0,"event_name":"Mysterious Sphere","player_choice":"Ignored","floor":41.0,"gold_loss":0.0,"damage_taken":0.0},{"cards_removed":["Endless Agony"],"damage_healed":0.0,"max_hp_gain":0.0,"max_hp_loss":0.0,"gold_gain":0.0,"event_name":"Falling","player_choice":"Removed Attack","floor":44.0,"gold_loss":0.0,"damage_taken":0.0},{"damage_healed":0,"gold_gain":0,"player_choice":"Max HP","damage_taken":0,"max_hp_gain":0,"max_hp_loss":3,"event_name":"Winding Halls","floor":48,"gold_loss":0}],"is_beta":false,"boss_relics":[{"not_picked":["Runic Pyramid","Black Star"],"picked":"Fusion Hammer"},{"not_picked":["Astrolabe","Tiny House"],"picked":"Runic Dome"}],"items_purged_floors":[20,30,47],"is_endless":false,"potions_floor_spawned":[2,5,7,13,16,22,28,33,35,37],"ascension_level":17}