{"gold_per_floor":[118,39,39,39,39,64,64,146,170,170,190,219,219,235,235,333,333,351,401,7,26,39,68,68,68,68,79,79,79,110,10,10,111,111,123,143,143,18,37,37,54,54,54,65,78,98,98,3,3,3],"floor_reached":51,"playtime":3368,"items_purged":["Strike_R","Strike_R+1","Strike_R+1"],"score":1065,"play_id":"7ff31c15-0930-41f8-a2cd-7ed0303fae85","local_time":"20181002231237","is_ascension_mode":true,"campfire_choices":[{"data":"Spot Weakness","floor":7,"key":"SMITH"},{"data":"Bash","floor":10,"key":"SMITH"},{"data":"Evolve","floor":13,"key":"SMITH"},{"data":"Disarm","floor":15,"key":"SMITH"},{"floor":25,"key":"REST"},{"floor":28,"key":"REST"},{"floor":32,"key":"REST"},{"data":"Barricade","floor":40,"key":"SMITH"},{"data":"Rampage","floor":42,"key":"SMITH"},{"data":"Body Slam","floor":47,"key":"SMITH"},{"floor":49,"key":"REST"}],"neow_cost":"NONE","seed_source_timestamp":1835124207726250,"circlet_count":0,"master_deck":["Defend_R+1","Defend_R+1","Defend_R+1","Defend_R+1","Bash+1","AscendersBane","Thunderclap","Battle Trance","Spot Weakness+1","Evolve+1","Disarm+1","Barricade+1","Shockwave","Fiend Fire","Rampage+1","Shrug It Off+1","Iron Wave","Cleave+1","Reaper","Warcry+1","Power Through+1","Shrug It Off+1","Body Slam+1"],"relics":["Burning Blood","NeowsBlessing","Omamori","Bottled Lightning","Anchor","Happy Flower","Mark of Pain","Question Card","Regal Pillow","Matryoshka","Bronze Scales","Velvet Choker","Mummified Hand","Bag of Preparation","Gremlin Horn"],"potions_floor_usage":[12,16,22,27,41,46,50,50],"damage_taken":[{"damage":0,"enemies":"Jaw Worm","floor":1,"turns":1},{"damage":0,"enemies":"3 Sentries","floor":6,"turns":2},{"damage":0,"enemies":"2 Louse","floor":11,"turns":1},{"damage":37,"enemies":"Gremlin Nob","floor":12,"turns":5},{"damage":0,"enemies":"Small Slimes","floor":14,"turns":2},{"damage":31,"enemies":"The Guardian","floor":16,"turns":15},{"damage":45,"enemies":"2 Thieves","floor":18,"turns":4},{"damage":0,"enemies":"Chosen","floor":21,"turns":4},{"damage":23,"enemies":"Shelled Parasite and Fungi","floor":22,"turns":4},{"damage":17,"enemies":"Book of Stabbing","floor":23,"turns":5},{"damage":35,"enemies":"Sentry and Sphere","floor":27,"turns":8},{"damage":30,"enemies":"Slavers","floor":30,"turns":6},{"damage":11,"enemies":"Collector","floor":33,"turns":11},{"damage":3,"enemies":"Orb Walker","floor":35,"turns":5},{"damage":20,"enemies":"3 Shapes","floor":36,"turns":6},{"damage":19,"enemies":"Maw","floor":39,"turns":10},{"damage":22,"enemies":"Transient","floor":41,"turns":5},{"damage":5,"enemies":"Spire Growth","floor":44,"turns":5},{"damage":21,"enemies":"3 Darklings","floor":45,"turns":3},{"damage":38,"enemies":"Reptomancer","floor":46,"turns":4},{"damage":8,"enemies":"Time Eater","floor":50,"turns":10}],"seed_played":"4796828038461177849","potions_obtained":[{"floor":1,"key":"Poison Potion"},{"floor":12,"key":"Swift Potion"},{"floor":21,"key":"SpeedPotion"},{"floor":23,"key":"PowerPotion"},{"floor":27,"key":"FearPotion"},{"floor":36,"key":"SpeedPotion"},{"floor":44,"key":"LiquidBronze"},{"floor":45,"key":"BloodPotion"}],"is_trial":false,"path_per_floor":["M","$","?","?","?","E","R","T","T","R","M","E","R","M","R","B",null,"M","?","$","M","M","E","?","R","T","M","R","?","E","$","R","B",null,"M","M","?","$","M","R","M","R","T","M","M","M","R","?","R","B"],"character_chosen":"IRONCLAD","items_purchased":["Battle Trance","Question Card","Fiend Fire"],"campfire_rested":4,"item_purchase_floors":[2,20,20],"current_hp_per_floor":[78,78,78,78,78,80,80,80,80,80,80,49,49,55,55,30,68,29,29,29,35,18,7,7,46,46,17,56,56,32,32,71,66,77,80,66,66,66,65,65,61,61,61,80,65,56,56,56,80,78],"gold":3,"neow_bonus":"THREE_ENEMY_KILL","is_prod":false,"is_daily":false,"chose_seed":false,"campfire_upgraded":7,"win_rate":0,"timestamp":1538536357,"path_taken":["M","$","?","?","?","E","R","?","T","R","M","E","R","M","R","BOSS","M","?","$","?","M","E","?","R","T","?","R","?","E","$","R","BOSS","M","M","?","$","?","R","M","R","T","M","M","M","R","?","R","BOSS"],"build_version":"2018-09-27","purchased_purges":3,"victory":true,"max_hp_per_floor":[80,80,80,80,80,80,80,80,80,80,80,80,80,80,80,80,80,80,80,80,80,80,80,80,80,80,80,80,80,80,80,80,80,80,80,80,80,80,80,80,80,80,80,80,80,80,80,80,80,80],"card_choices":[{"not_picked":["Entrench","Heavy Blade"],"picked":"Thunderclap","floor":1},{"not_picked":["Perfected Strike","Shrug It Off"],"picked":"Spot Weakness","floor":6},{"not_picked":["Battle Trance","Dual Wield","Second Wind"],"picked":"SKIP","floor":11},{"not_picked":["Inflame","Clothesline"],"picked":"Evolve","floor":12},{"not_picked":["Armaments","Metallicize"],"picked":"Disarm","floor":14},{"not_picked":["Reaper","Exhume"],"picked":"Barricade","floor":16},{"not_picked":["Anger","Reckless Charge+1"],"picked":"Shockwave","floor":18},{"not_picked":["Havoc+1","Rupture","Intimidate"],"picked":"Rampage","floor":21},{"not_picked":["Perfected Strike+1","Warcry","Carnage","Anger"],"picked":"SKIP","floor":22},{"not_picked":["Body Slam","Sentinel","Berserk"],"picked":"Shrug It Off+1","floor":23},{"not_picked":["Pummel","Anger","Headbutt"],"picked":"Iron Wave","floor":27},{"not_picked":["Bloodletting","Battle Trance","Uppercut"],"picked":"Cleave+1","floor":30},{"not_picked":["Bludgeon","Exhume","Immolate"],"picked":"Reaper","floor":33},{"not_picked":["Sword Boomerang","Dropkick+1","Twin Strike"],"picked":"Warcry+1","floor":35},{"not_picked":["Cleave+1","Spot Weakness","Combust","Perfected Strike+1"],"picked":"SKIP","floor":36},{"not_picked":["Fiend Fire","Spot Weakness","Bloodletting"],"picked":"Power Through+1","floor":39},{"not_picked":["Wild Strike+1","Flame Barrier+1","Havoc+1","Headbutt+1"],"picked":"SKIP","floor":41},{"not_picked":["Perfected Strike+1","Clash+1","Seeing Red","Flex+1"],"picked":"SKIP","floor":44},{"not_picked":["Iron Wave","Hemokinesis+1","Thunderclap+1"],"picked":"Shrug It Off+1","floor":45},{"not_picked":["Armaments","Power Through","Clothesline"],"picked":"Body Slam","floor":46}],"player_experience":434793,"relics_obtained":[{"floor":6,"key":"Omamori"},{"floor":8,"key":"Bottled Lightning"},{"floor":9,"key":"Anchor"},{"floor":12,"key":"Happy Flower"},{"floor":23,"key":"Regal Pillow"},{"floor":26,"key":"Matryoshka"},{"floor":30,"key":"Bronze Scales"},{"floor":43,"key":"Mummified Hand"},{"floor":43,"key":"Bag of Preparation"}],"event_choices":[{"event_name":"Living Wall","player_choice":"Forget","floor":3,"damage_taken":0},{"event_name":"The Cleric","player_choice":"Leave","floor":4,"damage_taken":0},{"event_name":"Liars Game","player_choice":"disagreed","floor":5,"damage_taken":0},{"event_name":"The Joust","player_choice":"Bet on Murderer","floor":19,"damage_taken":0},{"event_name":"Purifier","player_choice":"One Purge","floor":24,"damage_taken":0},{"event_name":"Back to Basics","player_choice":"Simplicity","floor":29,"damage_taken":0},{"event_name":"Tomb of Lord Red Mask","player_choice":"Ignored","floor":37,"damage_taken":0},{"event_name":"WeMeetAgain","player_choice":"Gold","floor":48,"damage_taken":0}],"is_beta":false,"boss_relics":[{"not_picked":["Runic Cube","Eternal Feather"],"picked":"Mark of Pain"},{"not_picked":["Cursed Key","Orrery"],"picked":"Velvet Choker"}],"items_purged_floors":[20,31,38],"is_endless":false,"potions_floor_spawned":[1,12,21,23,27,36,44,45],"ascension_level":10}