{"gold_per_floor":[15,25,41,116,15,50,50,80,80,109,121,184,184,194,194,295,295,312,329,345,358,376,376,405,405,431,442,473,484,484,513,513,609,609,619,673,691,691,691,717,717,749,775,775,793,793,804,831,831,831],"floor_reached":51,"playtime":26702,"items_purged":["Strike_B"],"score":1055,"play_id":"df553dbf-e4f1-48e8-a391-921a14a48b37","local_time":"20190803193223","is_ascension_mode":true,"campfire_choices":[{"data":"Zap","floor":7.0,"key":"SMITH"},{"floor":15.0,"key":"REST"},{"data":"Seek","floor":23.0,"key":"SMITH"},{"floor":25.0,"key":"REST"},{"data":"Capacitor","floor":32.0,"key":"SMITH"},{"data":"Coolheaded","floor":41,"key":"SMITH"},{"data":"Creative AI","floor":44,"key":"SMITH"},{"data":"Consume","floor":46,"key":"SMITH"},{"data":"Beam Cell","floor":49,"key":"SMITH"}],"neow_cost":"NO_GOLD","seed_source_timestamp":1625498007526741,"circlet_count":0,"master_deck":["Strike_B","Strike_B","Strike_B","Defend_B","Defend_B","Defend_B","Defend_B","Zap+1","Dualcast","Core Surge","Beam Cell+1","Coolheaded+1","Reinforced Body","Gash","Conserve Battery","Seek+1","Capacitor+1","Auto Shields","Ball Lightning","Compile Driver","Creative AI+1","Cold Snap+1","Compile Driver","FTL","BootSequence","Consume+1","Doom and Gloom+1","Stack","Ghostly","Ghostly","Ghostly","Ghostly","Ghostly","Darkness+1","Biased Cognition+1","Stack+1","Self Repair+1","Recycle+1","Echo Form+1","Pain","Stack+1"],"special_seed":0,"relics":["Cracked Core","Nunchaku","Bottled Flame","Dodecahedron","Question Card","Smiling Mask","Sozu","Pocketwatch","Bag of Preparation","Incense Burner","Frozen Egg 2","Cursed Key","Mango","Centennial Puzzle","Thread and Needle","Potion Belt"],"potions_floor_usage":[],"damage_taken":[{"damage":0.0,"enemies":"Cultist","floor":1.0,"turns":3.0},{"damage":0.0,"enemies":"Small Slimes","floor":2.0,"turns":3.0},{"damage":3.0,"enemies":"2 Louse","floor":3.0,"turns":2.0},{"damage":27.0,"enemies":"Lagavulin","floor":6.0,"turns":9.0},{"damage":4.0,"enemies":"Gremlin Nob","floor":8.0,"turns":4.0},{"damage":11.0,"enemies":"Lagavulin","floor":10.0,"turns":7.0},{"damage":1.0,"enemies":"Blue Slaver","floor":11.0,"turns":2.0},{"damage":13.0,"enemies":"Gremlin Nob","floor":12.0,"turns":4.0},{"damage":1.0,"enemies":"3 Louse","floor":14.0,"turns":3.0},{"damage":12.0,"enemies":"Slime Boss","floor":16.0,"turns":10.0},{"damage":9.0,"enemies":"Chosen","floor":18.0,"turns":6.0},{"damage":15.0,"enemies":"2 Thieves","floor":19.0,"turns":5.0},{"damage":10.0,"enemies":"Chosen and Byrds","floor":20.0,"turns":6.0},{"damage":0.0,"enemies":"Snecko","floor":21.0,"turns":5.0},{"damage":1.0,"enemies":"3 Cultists","floor":22.0,"turns":6.0},{"damage":31.0,"enemies":"Book of Stabbing","floor":24.0,"turns":6.0},{"damage":0.0,"enemies":"Shelled Parasite and Fungi","floor":27.0,"turns":5.0},{"damage":8.0,"enemies":"Gremlin Leader","floor":28.0,"turns":6.0},{"damage":0.0,"enemies":"Snecko","floor":29.0,"turns":5.0},{"damage":3.0,"enemies":"Slavers","floor":31.0,"turns":6.0},{"damage":5,"enemies":"Automaton","floor":33,"turns":12},{"damage":1,"enemies":"Orb Walker","floor":35,"turns":3},{"damage":0,"enemies":"2 Orb Walkers","floor":36,"turns":6},{"damage":20,"enemies":"3 Darklings","floor":37,"turns":7},{"damage":1,"enemies":"Giant Head","floor":40,"turns":8},{"damage":3,"enemies":"Reptomancer","floor":42,"turns":7},{"damage":5,"enemies":"4 Shapes","floor":45,"turns":7},{"damage":0,"enemies":"Spire Growth","floor":47,"turns":5},{"damage":11,"enemies":"Giant Head","floor":48,"turns":9},{"damage":34,"enemies":"Time Eater","floor":50,"turns":16}],"seed_played":"-850103192191203413","potions_obtained":[{"floor":1.0,"key":"Ancient Potion"},{"floor":6.0,"key":"Strength Potion"},{"floor":10.0,"key":"Swift Potion"},{"floor":11.0,"key":"AttackPotion"},{"floor":12.0,"key":"Fire Potion"},{"floor":13.0,"key":"Dexterity Potion"},{"floor":13.0,"key":"Strength Potion"},{"floor":16.0,"key":"GamblersBrew"}],"is_trial":false,"path_per_floor":["M","M","M","?","$","E","R","E","T","E","M","?","?","M","R","B",null,"M","M","M","M","M","R","E","R","T","M","E","M","?","E","R","B",null,"M","?","M","?","?","E","R","E","T","R","M","R","M","E","R","B",null],"character_chosen":"DEFECT","items_purchased":["Gash"],"campfire_rested":2,"item_purchase_floors":[5],"current_hp_per_floor":[75,75,72,61,61,34,34,30,30,19,18,5,5,4,26,14,75,66,51,41,41,40,40,9,31,31,31,23,23,23,20,20,15,37,36,50,30,30,30,39,39,46,46,46,48,48,48,47,47,23],"gold":831,"neow_bonus":"THREE_RARE_CARDS","is_prod":false,"is_daily":false,"chose_seed":false,"campfire_upgraded":7,"win_rate":0,"timestamp":1564875143,"path_taken":["M","M","M","?","$","E","R","E","T","E","M","?","?","M","R","BOSS","M","M","M","M","M","R","E","R","T","?","E","M","?","E","R","BOSS","M","?","M","?","?","E","R","E","T","R","M","R","M","E","R","BOSS"],"build_version":"2019-07-17","purchased_purges":1,"victory":true,"max_hp_per_floor":[75,75,75,75,75,75,75,75,75,75,75,75,75,75,75,75,75,75,75,75,75,75,75,75,75,75,75,75,75,37,37,37,37,37,37,51,51,48,48,48,48,48,48,48,48,48,48,48,48,48],"card_choices":[{"not_picked":["Thunder Strike","Fission"],"picked":"Core Surge","floor":0.0},{"not_picked":["Static Discharge","Doom and Gloom"],"picked":"Beam Cell","floor":1.0},{"not_picked":["Beam Cell","Leap"],"picked":"Coolheaded","floor":2.0},{"not_picked":["Conserve Battery","Doom and Gloom"],"picked":"Reinforced Body","floor":3.0},{"not_picked":["Chill","Hello World"],"picked":"Conserve Battery","floor":6.0},{"not_picked":["Cold Snap","Barrage"],"picked":"Seek","floor":8.0},{"not_picked":["Coolheaded","BootSequence"],"picked":"Capacitor","floor":10.0},{"not_picked":["Rebound","Streamline","Tempest"],"picked":"Auto Shields","floor":11.0},{"not_picked":["Sweeping Beam","Scrape","Chill"],"picked":"Ball Lightning","floor":12.0},{"not_picked":["Go for the Eyes","Skim","Streamline"],"picked":"Compile Driver","floor":14.0},{"not_picked":["Thunder Strike","Fission","Multi-Cast"],"picked":"Creative AI","floor":16.0},{"not_picked":["Sweeping Beam","Stack","Gash"],"picked":"Cold Snap+1","floor":18.0},{"not_picked":["Streamline","Double Energy+1","Beam Cell"],"picked":"Compile Driver","floor":19.0},{"not_picked":["Rip and Tear","Streamline+1","Hologram"],"picked":"Go for the Eyes+1","floor":20.0},{"not_picked":["Rebound","Tempest","Aggregate+1"],"picked":"FTL","floor":21.0},{"not_picked":["Thunder Strike","Melter","Redo"],"picked":"BootSequence","floor":22.0},{"not_picked":["Ball Lightning+1","Turbo+1","Sweeping Beam"],"picked":"Consume","floor":24.0},{"not_picked":["Streamline+1","Skim","Scrape"],"picked":"Doom and Gloom+1","floor":27.0},{"not_picked":["Sweeping Beam","Sunder","Melter","Streamline"],"picked":"SKIP","floor":28.0},{"not_picked":["Gash","Streamline","Consume"],"picked":"Stack","floor":29.0},{"not_picked":["Scrape","Leap+1","Blizzard"],"picked":"Darkness+1","floor":31.0},{"not_picked":["Hyperbeam","Amplify","Creative AI+1"],"picked":"Biased Cognition+1","floor":33},{"not_picked":["Go for the Eyes+1","Conserve Battery+1","Steam"],"picked":"Stack+1","floor":35},{"not_picked":["White Noise+1","Static Discharge+1","Turbo+1"],"picked":"Self Repair+1","floor":37},{"not_picked":["Chaos","Turbo","Meteor Strike"],"picked":"Recycle+1","floor":40},{"not_picked":["FTL","Cold Snap+1","Aggregate+1"],"picked":"Echo Form+1","floor":42},{"not_picked":["Rip and Tear","Gash","Ball Lightning","Beam Cell+1"],"picked":"SKIP","floor":45},{"not_picked":["Gash","Cold Snap+1","Sweeping Beam"],"picked":"Stack+1","floor":47},{"not_picked":["Double Energy","Conserve Battery+1","Gash+1","Redo"],"picked":"SKIP","floor":48}],"player_experience":707102,"relics_obtained":[{"floor":6.0,"key":"Nunchaku"},{"floor":8.0,"key":"Bottled Flame"},{"floor":9.0,"key":"Dodecahedron"},{"floor":10.0,"key":"Question Card"},{"floor":12.0,"key":"Smiling Mask"},{"floor":24.0,"key":"Pocketwatch"},{"floor":26.0,"key":"Bag of Preparation"},{"floor":28.0,"key":"Incense Burner"},{"floor":31.0,"key":"Frozen Egg 2"},{"floor":36,"key":"Mango"},{"floor":40,"key":"Centennial Puzzle"},{"floor":42,"key":"Thread and Needle"},{"floor":48,"key":"Potion Belt"}],"event_choices":[{"damage_healed":0.0,"max_hp_gain":0.0,"max_hp_loss":0.0,"gold_gain":75.0,"event_name":"World of Goop","player_choice":"Gather Gold","floor":4.0,"gold_loss":0.0,"damage_taken":11.0},{"damage_healed":0.0,"max_hp_gain":0.0,"max_hp_loss":0.0,"gold_gain":0.0,"event_name":"Dead Adventurer","player_choice":"Searched \u00272\u0027 times","floor":12.0,"gold_loss":0.0,"damage_taken":0.0},{"damage_healed":0.0,"max_hp_gain":0.0,"max_hp_loss":0.0,"gold_gain":0.0,"event_name":"Lab","player_choice":"Got Potions","floor":13.0,"gold_loss":0.0,"damage_taken":0.0},{"damage_healed":0.0,"max_hp_gain":0.0,"max_hp_loss":38.0,"gold_gain":0.0,"event_name":"Ghosts","player_choice":"Became a Ghost","floor":30.0,"gold_loss":0.0,"damage_taken":0.0,"cards_obtained":["Ghostly","Ghostly","Ghostly","Ghostly","Ghostly"]},{"damage_healed":0,"gold_gain":0,"player_choice":"Fight","damage_taken":0,"max_hp_gain":0,"max_hp_loss":0,"event_name":"Mysterious Sphere","floor":36,"gold_loss":0},{"damage_healed":0,"gold_gain":0,"player_choice":"Max HP","damage_taken":0,"max_hp_gain":0,"max_hp_loss":3,"event_name":"Winding Halls","floor":38,"gold_loss":0},{"cards_removed":["Go for the Eyes"],"damage_healed":0,"gold_gain":0,"player_choice":"Removed Attack","damage_taken":0,"max_hp_gain":0,"max_hp_loss":0,"event_name":"Falling","floor":39,"gold_loss":0}],"is_beta":false,"boss_relics":[{"not_picked":["Philosopher\u0027s Stone","Astrolabe"],"picked":"Sozu"},{"not_picked":["Inserter","Runic Dome"],"picked":"Cursed Key"}],"items_purged_floors":[5],"is_endless":false,"potions_floor_spawned":[1,6,10,11,12,16,18,22,24,27,29,33,35,47,48],"ascension_level":4}