{"gold_per_floor":[109,34,51,68,84,119,119,151,177,192,221,236,236,251,251,348,398,408,408,419,433,443,443],"floor_reached":23,"playtime":1526,"items_purged":["Strike_R"],"score":271,"play_id":"b2e381b8-16fc-4c9e-a7e6-182a9f8e05ee","local_time":"20190708192116","is_ascension_mode":true,"campfire_choices":[{"floor":7,"key":"REST"},{"data":"Armaments","floor":13,"key":"SMITH"},{"data":"Evolve","floor":15,"key":"SMITH"}],"neow_cost":"NONE","seed_source_timestamp":8383582126644,"circlet_count":0,"master_deck":["Strike_R","Strike_R","Strike_R","Strike_R","Defend_R","Defend_R","Defend_R","Defend_R","Bash","Wild Strike","Anger","Rampage+1","Shrug It Off","Immolate","Dual Wield","Battle Trance","Armaments+1","Evolve+1","Fiend Fire","Flex","Spot Weakness+1","Entrench+1","Anger+1","Iron Wave"],"relics":["Burning Blood","NeowsBlessing","Pen Nib","Boot","Red Skull","Blood Vial","Tiny House"],"potions_floor_usage":[5,8,14,16,16,18,22,22,22,23],"damage_taken":[{"damage":0,"enemies":"Cultist","floor":1,"turns":1},{"damage":0,"enemies":"2 Louse","floor":3,"turns":1},{"damage":0,"enemies":"Small Slimes","floor":4,"turns":1},{"damage":6,"enemies":"Gremlin Gang","floor":5,"turns":4},{"damage":32,"enemies":"Gremlin Nob","floor":6,"turns":4},{"damage":12,"enemies":"3 Sentries","floor":8,"turns":5},{"damage":8,"enemies":"Exordium Wildlife","floor":10,"turns":4},{"damage":15,"enemies":"Lagavulin","floor":11,"turns":5},{"damage":1,"enemies":"Looter","floor":12,"turns":3},{"damage":1,"enemies":"Exordium Thugs","floor":14,"turns":3},{"damage":59,"enemies":"Hexaghost","floor":16,"turns":8},{"damage":13,"enemies":"Spheric Guardian","floor":18,"turns":4},{"damage":40,"enemies":"2 Thieves","floor":20,"turns":4},{"damage":46,"enemies":"Snake Plant","floor":21,"turns":5},{"damage":11,"enemies":"Centurion and Healer","floor":22,"turns":6},{"damage":13,"enemies":"Slavers","floor":23,"turns":3}],"seed_played":"-9188523918761056794","potions_obtained":[{"floor":3,"key":"Strength Potion"},{"floor":5,"key":"Regen Potion"},{"floor":11,"key":"SkillPotion"},{"floor":12,"key":"Poison Potion"},{"floor":14,"key":"Energy Potion"},{"floor":17,"key":"BloodPotion"},{"floor":21,"key":"EntropicBrew"},{"floor":22,"key":"Poison Potion"}],"is_trial":false,"path_per_floor":["M","$","M","M","M","E","R","E","T","M","E","M","R","M","R","B",null,"M","?","M","M","M","E"],"character_chosen":"IRONCLAD","items_purchased":[],"campfire_rested":1,"item_purchase_floors":[],"current_hp_per_floor":[80,80,80,80,80,54,78,80,80,78,69,76,76,80,80,27,72,85,85,51,13,10,0],"gold":443,"neow_bonus":"THREE_ENEMY_KILL","is_prod":false,"is_daily":false,"chose_seed":false,"campfire_upgraded":2,"win_rate":0,"timestamp":1562638876,"path_taken":["M","$","M","?","?","E","R","E","T","M","E","M","R","M","R","BOSS","M","?","M","?","M","E"],"build_version":"2019-07-05","purchased_purges":1,"victory":false,"max_hp_per_floor":[80,80,80,80,80,80,80,80,80,80,80,80,80,80,80,80,85,85,85,85,85,85,85],"card_choices":[{"not_picked":["Carnage","Sword Boomerang"],"picked":"Wild Strike","floor":1},{"not_picked":["Clothesline","Clash"],"picked":"Anger","floor":3},{"not_picked":["Warcry","Bloodletting"],"picked":"Rampage","floor":4},{"not_picked":["Anger","Sword Boomerang"],"picked":"Shrug It Off","floor":5},{"not_picked":["Demon Form","Burning Pact"],"picked":"Immolate","floor":6},{"not_picked":["Iron Wave","Perfected Strike"],"picked":"Dual Wield","floor":8},{"not_picked":["Rampage","Pommel Strike"],"picked":"Battle Trance","floor":10},{"not_picked":["Immolate","Havoc"],"picked":"Armaments","floor":11},{"not_picked":["Headbutt","Havoc","Whirlwind"],"picked":"SKIP","floor":12},{"not_picked":["Flex","Clash"],"picked":"Evolve","floor":14},{"not_picked":["Immolate","Berserk"],"picked":"Fiend Fire","floor":16},{"not_picked":["Heavy Blade","Havoc"],"picked":"Flex","floor":17},{"not_picked":["Sword Boomerang","Twin Strike"],"picked":"Spot Weakness","floor":18},{"not_picked":["Warcry+1","True Grit"],"picked":"Entrench+1","floor":20},{"not_picked":["Body Slam","Rampage"],"picked":"Anger+1","floor":21},{"not_picked":["Twin Strike","Anger+1"],"picked":"Iron Wave","floor":22}],"player_experience":236894,"relics_obtained":[{"floor":6,"key":"Pen Nib"},{"floor":8,"key":"Boot"},{"floor":9,"key":"Red Skull"},{"floor":11,"key":"Blood Vial"}],"event_choices":[{"damage_healed":0,"gold_gain":0,"player_choice":"Upgraded","damage_taken":0,"max_hp_gain":0,"max_hp_loss":0,"event_name":"Upgrade Shrine","floor":19,"gold_loss":0,"cards_upgraded":["Spot Weakness"]}],"is_beta":false,"boss_relics":[{"not_picked":["Fusion Hammer","Astrolabe"],"picked":"Tiny House"}],"items_purged_floors":[2],"is_endless":false,"potions_floor_spawned":[3,5,11,12,14,21,22],"killed_by":"Slavers","ascension_level":5}