{"gold_per_floor":[111,128,141,66,82,82,82,125,125,125,83,83,83],"floor_reached":13,"playtime":832,"items_purged":["Strike_R"],"score":158,"play_id":"3496ad95-c5c4-4ba0-84b2-117d608f3820","local_time":"20181229154416","is_ascension_mode":true,"campfire_choices":[{"data":"Flex","floor":6,"key":"SMITH"},{"data":"Searing Blow","floor":10,"key":"SMITH"},{"data":"Searing Blow+1","floor":12,"key":"SMITH"}],"neow_cost":"NONE","seed_source_timestamp":280816395799273,"circlet_count":0,"master_deck":["AscendersBane","Strike_R","Strike_R","Strike_R","Strike_R","Defend_R","Defend_R","Defend_R","Defend_R","Bash","Searing Blow+2","Flex+1","Heavy Blade","Whirlwind"],"relics":["Burning Blood","NeowsBlessing","Golden Idol","Bird Faced Urn","Darkstone Periapt"],"potions_floor_usage":[5,8],"damage_taken":[{"damage":0,"enemies":"Cultist","floor":1,"turns":1},{"damage":0,"enemies":"Jaw Worm","floor":2,"turns":1},{"damage":0,"enemies":"2 Louse","floor":3,"turns":1},{"damage":19,"enemies":"Blue Slaver","floor":5,"turns":4},{"damage":50,"enemies":"3 Sentries","floor":8,"turns":16},{"damage":30,"enemies":"Red Slaver","floor":13,"turns":3}],"seed_played":"4889793757497563507","potions_obtained":[{"floor":1,"key":"Explosive Potion"},{"floor":5,"key":"SpeedPotion"}],"is_trial":false,"path_per_floor":["M","M","M","$","M","R","?","E","T","R","$","R","M"],"character_chosen":"IRONCLAD","items_purchased":["Whirlwind"],"campfire_rested":0,"item_purchase_floors":[11],"current_hp_per_floor":[74,75,75,75,62,62,62,18,18,18,18,18,0],"gold":83,"neow_bonus":"THREE_ENEMY_KILL","is_prod":false,"is_daily":false,"chose_seed":false,"campfire_upgraded":3,"win_rate":0,"timestamp":1546116256,"path_taken":["M","M","M","$","M","R","?","E","T","R","$","R","M"],"build_version":"2018-12-20","purchased_purges":1,"victory":false,"max_hp_per_floor":[75,75,75,75,75,75,68,68,68,68,68,68,68],"card_choices":[{"not_picked":["Metallicize","Headbutt"],"picked":"Searing Blow","floor":1},{"not_picked":["Thunderclap","Sever Soul","Warcry"],"picked":"SKIP","floor":2},{"not_picked":["True Grit","Bloodletting","Wild Strike"],"picked":"SKIP","floor":3},{"not_picked":["Corruption","Infernal Blade"],"picked":"Flex","floor":5},{"not_picked":["Entrench","Ghostly Armor"],"picked":"Heavy Blade","floor":8}],"player_experience":642722,"relics_obtained":[{"floor":8,"key":"Bird Faced Urn"},{"floor":9,"key":"Darkstone Periapt"}],"event_choices":[{"damage_healed":0,"gold_gain":0,"player_choice":"Lose Max HP","damage_taken":0,"relics_obtained":["Golden Idol"],"max_hp_gain":0,"max_hp_loss":7,"event_name":"Golden Idol","floor":7,"gold_loss":0}],"is_beta":false,"boss_relics":[],"items_purged_floors":[4],"is_endless":false,"potions_floor_spawned":[1,5],"killed_by":"Red Slaver","ascension_level":18}