{"gold_per_floor":[110,110,185,200,219,219,20,30,53,53,78,3,3,3,3,106,106,120,45,45,64,64,64,82,82],"floor_reached":25,"playtime":1239,"items_purged":["Strike_B"],"score":299,"play_id":"072b6a7f-a80a-45ae-9daf-1b1b01655b29","local_time":"20181016095648","is_ascension_mode":true,"campfire_choices":[{"floor":6.0,"key":"REST"},{"data":"Leap","floor":10.0,"key":"SMITH"},{"data":"Consume","floor":13.0,"key":"SMITH"},{"floor":15.0,"key":"REST"},{"data":"Machine Learning","floor":23,"key":"SMITH"}],"neow_cost":"NONE","seed_source_timestamp":0,"circlet_count":0,"master_deck":["Strike_B+1","Strike_B","Defend_B","Defend_B","Defend_B","Defend_B","Zap+1","Dualcast","AscendersBane","Rebound","Melter+1","Leap+1","Consume+1","Machine Learning+1","Coolheaded","Recycle","Undo+1"],"special_seed":0,"relics":["Velvet Choker","ClockworkSouvenir","Whetstone","Art of War","Blue Candle","Coffee Dripper"],"potions_floor_usage":[24],"damage_taken":[{"damage":0.0,"enemies":"2 Louse","floor":1.0,"turns":2.0},{"damage":8.0,"enemies":"Jaw Worm","floor":4.0,"turns":4.0},{"damage":12.0,"enemies":"Small Slimes","floor":5.0,"turns":3.0},{"damage":10.0,"enemies":"Gremlin Gang","floor":8.0,"turns":6.0},{"damage":18.0,"enemies":"Lagavulin","floor":11.0,"turns":5.0},{"damage":20.0,"enemies":"The Guardian","floor":16.0,"turns":13.0},{"damage":2,"enemies":"Chosen","floor":18,"turns":5},{"damage":0,"enemies":"Spheric Guardian","floor":21,"turns":2},{"damage":12,"enemies":"Shelled Parasite and Fungi","floor":24,"turns":5},{"damage":63,"enemies":"Slavers","floor":25,"turns":4}],"seed_played":"5758958576911303308","potions_obtained":[{"floor":4.0,"key":"GamblersBrew"},{"floor":5.0,"key":"SpeedPotion"},{"floor":21,"key":"PowerPotion"}],"is_trial":false,"path_per_floor":["M","?","?","M","M","R","$","M","T","R","E","$","R","?","R","B",null,"M","?","?","M","$","R","M"],"character_chosen":"DEFECT","items_purchased":["ClockworkSouvenir"],"campfire_rested":2,"item_purchase_floors":[7],"current_hp_per_floor":[68,68,57,49,37,59,59,49,49,49,31,31,31,31,53,33,65,63,63,63,63,63,63,51,0],"gold":82,"neow_bonus":"BOSS_RELIC","is_prod":false,"is_daily":false,"chose_seed":false,"campfire_upgraded":3,"win_rate":0,"timestamp":1539698208,"path_taken":["M","?","?","M","M","R","$","?","T","R","E","?","R","?","R","BOSS","M","?","?","M","?","R","M","E"],"build_version":"2018-10-11","purchased_purges":1,"victory":false,"max_hp_per_floor":[75,75,75,75,75,75,75,75,75,75,75,75,75,75,75,75,75,75,75,75,75,75,75,75,75],"card_choices":[{"not_picked":["Steam","White Noise"],"picked":"Rebound","floor":1.0},{"not_picked":["Skim","Steam"],"picked":"Melter","floor":4.0},{"not_picked":["Lockon","Streamline"],"picked":"Leap","floor":5.0},{"not_picked":["Double Energy","Go for the Eyes","Storm"],"picked":"SKIP","floor":8.0},{"not_picked":["Turbo","Sweeping Beam"],"picked":"Consume","floor":11.0},{"not_picked":["All For One","Thunder Strike"],"picked":"Machine Learning","floor":16.0},{"not_picked":["Leap","Steam"],"picked":"Coolheaded","floor":18},{"not_picked":["Conserve Battery","Ball Lightning","Barrage+1"],"picked":"SKIP","floor":21},{"not_picked":["Stack","Darkness"],"picked":"Undo+1","floor":24}],"player_experience":497709,"relics_obtained":[{"floor":9.0,"key":"Whetstone"},{"floor":11.0,"key":"Art of War"}],"event_choices":[{"event_name":"Living Wall","player_choice":"Grow","floor":2.0,"damage_taken":0.0},{"event_name":"World of Goop","player_choice":"Gather Gold","floor":3.0,"damage_taken":0.0},{"event_name":"Dead Adventurer","player_choice":"Searched \u00271\u0027 times","floor":14.0,"damage_taken":0.0},{"event_name":"Beggar","player_choice":"Gave Gold","floor":19,"damage_taken":0},{"event_name":"The Library","player_choice":"Read","floor":20,"damage_taken":0}],"is_beta":false,"boss_relics":[{"not_picked":["Astrolabe","Pandora\u0027s Box"],"picked":"Coffee Dripper"}],"items_purged_floors":[12],"is_endless":false,"potions_floor_spawned":[4,5,21],"killed_by":"Slavers","ascension_level":10}