{"gold_per_floor":[109,125,125,144,161,161,192,192,192,202,202,230,230,244,244,244],"floor_reached":16,"playtime":769,"items_purged":[],"score":218,"play_id":"c2f8e9ad-921b-41f3-9327-12106ace4a8d","local_time":"20190704095518","is_ascension_mode":true,"campfire_choices":[{"data":"Dagger Spray","floor":6,"key":"SMITH"},{"data":"Backflip","floor":11,"key":"SMITH"},{"data":"Strike_G","floor":13,"key":"PURGE"},{"data":"Strike_G","floor":15,"key":"PURGE"}],"neow_cost":"NONE","seed_source_timestamp":193384222096514,"circlet_count":0,"master_deck":["AscendersBane","Strike_G","Strike_G","Strike_G","Defend_G","Defend_G","Defend_G","Defend_G","Defend_G","Survivor","Neutralize+1","Backflip+1","Flying Knee","Dagger Spray+1","Quick Slash","PiercingWail","Die Die Die"],"relics":["Ring of the Snake","NeowsBlessing","Lantern","Singing Bowl","Meat on the Bone","Peace Pipe"],"potions_floor_usage":[7,12,16],"damage_taken":[{"damage":0,"enemies":"Jaw Worm","floor":1,"turns":1},{"damage":0,"enemies":"Small Slimes","floor":2,"turns":1},{"damage":0,"enemies":"Cultist","floor":4,"turns":1},{"damage":6,"enemies":"Lots of Slimes","floor":5,"turns":3},{"damage":18,"enemies":"3 Sentries","floor":7,"turns":8},{"damage":4,"enemies":"Blue Slaver","floor":10,"turns":3},{"damage":17,"enemies":"Gremlin Nob","floor":12,"turns":4},{"damage":0,"enemies":"Looter","floor":14,"turns":3},{"damage":23,"enemies":"Slime Boss","floor":16,"turns":6}],"seed_played":"1586758447207185849","potions_obtained":[{"floor":1,"key":"PowerPotion"},{"floor":5,"key":"EssenceOfSteel"},{"floor":14,"key":"Weak Potion"}],"is_trial":false,"path_per_floor":["M","M","?","M","M","R","E","?","T","M","R","E","R","M","R","B"],"character_chosen":"THE_SILENT","items_purchased":[],"campfire_rested":0,"item_purchase_floors":[],"current_hp_per_floor":[59,59,59,59,53,53,35,17,17,25,25,22,22,36,36,13],"gold":244,"neow_bonus":"THREE_ENEMY_KILL","is_prod":false,"is_daily":false,"chose_seed":false,"campfire_upgraded":2,"win_rate":0,"timestamp":1562248518,"path_taken":["M","M","?","M","M","R","E","?","T","M","R","E","R","M","R","BOSS"],"build_version":"2019-07-01","purchased_purges":0,"victory":false,"max_hp_per_floor":[66,66,66,66,66,66,66,66,66,66,66,68,68,70,70,70],"card_choices":[{"not_picked":["Caltrops","Blur"],"picked":"Backflip","floor":1},{"not_picked":["PiercingWail","Sucker Punch"],"picked":"Flying Knee","floor":2},{"not_picked":["Blade Dance","Backflip"],"picked":"Dagger Spray","floor":4},{"not_picked":["Tactician","Prepared"],"picked":"Quick Slash","floor":5},{"not_picked":["Noxious Fumes","Catalyst"],"picked":"PiercingWail","floor":7},{"not_picked":["Flying Knee","Tactician"],"picked":"Die Die Die","floor":10},{"not_picked":["Cloak And Dagger","Dash","Bane"],"picked":"Singing Bowl","floor":12},{"not_picked":["Dagger Spray","Sucker Punch","Poisoned Stab"],"picked":"Singing Bowl","floor":14}],"player_experience":853842,"relics_obtained":[{"floor":7,"key":"Lantern"},{"floor":9,"key":"Meat on the Bone"},{"floor":12,"key":"Peace Pipe"}],"event_choices":[{"damage_healed":0,"gold_gain":0,"player_choice":"Grow","damage_taken":0,"max_hp_gain":0,"max_hp_loss":0,"event_name":"Living Wall","floor":3,"gold_loss":0,"cards_upgraded":["Neutralize"]},{"damage_healed":0,"gold_gain":0,"player_choice":"Success","damage_taken":18,"relics_obtained":["Singing Bowl"],"max_hp_gain":0,"max_hp_loss":0,"event_name":"Scrap Ooze","floor":8,"gold_loss":0}],"is_beta":false,"boss_relics":[],"items_purged_floors":[],"is_endless":false,"potions_floor_spawned":[1,5,14],"killed_by":"Slime Boss","ascension_level":19}