{"gold_per_floor":[119,129,54,71,91,124,138,173,173,185,197,239,272,309,321,333],"floor_reached":16,"playtime":2478,"items_purged":["Strike_R"],"score":112,"play_id":"4964b843-c44a-4a04-8db3-629967d751d7","local_time":"20190626224158","is_ascension_mode":false,"campfire_choices":[{"floor":15,"key":"REST"}],"neow_cost":"NONE","seed_source_timestamp":0,"circlet_count":0,"master_deck":["Strike_R","Strike_R","Strike_R","Strike_R","Defend_R","Defend_R","Defend_R","Defend_R","Bash","Impatience","Flame Barrier","Whirlwind","Armaments+1","Rage","Pummel","Armaments","Cleave","Pommel Strike","Seeing Red"],"special_seed":0,"relics":["Burning Blood","Shuriken","Juzu Bracelet","MawBank","Golden Idol","Odd Mushroom"],"potions_floor_usage":[],"damage_taken":[{"damage":0.0,"enemies":"Small Slimes","floor":1.0,"turns":3.0},{"damage":1.0,"enemies":"2 Louse","floor":2.0,"turns":2.0},{"damage":3.0,"enemies":"Jaw Worm","floor":4.0,"turns":5.0},{"damage":6.0,"enemies":"Blue Slaver","floor":5.0,"turns":5.0},{"damage":21.0,"enemies":"3 Sentries","floor":6.0,"turns":8.0},{"damage":0.0,"enemies":"Lots of Slimes","floor":7.0,"turns":1.0},{"damage":43.0,"enemies":"Lagavulin","floor":8.0,"turns":12.0},{"damage":5,"enemies":"Exordium Wildlife","floor":13,"turns":6},{"damage":14,"enemies":"The Mushroom Lair","floor":14,"turns":3},{"damage":61,"enemies":"Slime Boss","floor":16,"turns":7}],"seed_played":"5616501371887425740","potions_obtained":[{"floor":1.0,"key":"SpeedPotion"},{"floor":4.0,"key":"Explosive Potion"},{"floor":6.0,"key":"Fire Potion"},{"floor":14,"key":"PowerPotion"}],"is_trial":false,"path_per_floor":["M","M","$","M","M","E","M","E","T","?","?","?","M","?","R","B"],"character_chosen":"IRONCLAD","items_purchased":[],"campfire_rested":1,"item_purchase_floors":[],"current_hp_per_floor":[80,80,80,80,80,65,71,34,34,34,34,34,35,27,49,0],"gold":333,"neow_bonus":"RANDOM_COLORLESS","is_prod":false,"is_daily":false,"chose_seed":false,"campfire_upgraded":0,"win_rate":0,"timestamp":1561614118,"path_taken":["M","M","$","M","M","E","M","E","T","?","?","?","M","?","R","BOSS"],"build_version":"2019-01-23","purchased_purges":1,"victory":false,"max_hp_per_floor":[80,80,80,80,80,80,80,80,80,80,74,74,74,74,74,74],"card_choices":[{"not_picked":["Body Slam","Sword Boomerang"],"picked":"Flame Barrier","floor":1.0},{"not_picked":["True Grit","Flex"],"picked":"Whirlwind","floor":2.0},{"not_picked":["Searing Blow","Shrug It Off"],"picked":"Armaments","floor":4.0},{"not_picked":["Clash","Limit Break"],"picked":"Rage","floor":5.0},{"not_picked":["Whirlwind","Corruption"],"picked":"Pummel","floor":6.0},{"not_picked":["Warcry","Clash"],"picked":"Armaments","floor":7.0},{"not_picked":["Disarm","Body Slam"],"picked":"Cleave","floor":8.0},{"not_picked":["Twin Strike","Bloodletting"],"picked":"Pommel Strike","floor":13},{"not_picked":["Shrug It Off","Headbutt"],"picked":"Seeing Red","floor":14}],"player_experience":15186,"relics_obtained":[{"floor":6.0,"key":"Shuriken"},{"floor":8.0,"key":"Juzu Bracelet"},{"floor":9.0,"key":"MawBank"},{"floor":14,"key":"Odd Mushroom"}],"event_choices":[{"damage_healed":0.0,"max_hp_gain":0.0,"max_hp_loss":0.0,"gold_gain":0.0,"event_name":"Living Wall","player_choice":"Grow","floor":10.0,"gold_loss":0.0,"damage_taken":0.0,"cards_upgraded":["Armaments"]},{"damage_healed":0,"gold_gain":0,"player_choice":"Lose Max HP","damage_taken":0,"relics_obtained":["Golden Idol"],"max_hp_gain":0,"max_hp_loss":6,"event_name":"Golden Idol","floor":11,"gold_loss":0},{"damage_healed":0,"gold_gain":30,"player_choice":"Searched \u00271\u0027 times","damage_taken":0,"max_hp_gain":0,"max_hp_loss":0,"event_name":"Dead Adventurer","floor":12,"gold_loss":0},{"damage_healed":0,"gold_gain":0,"player_choice":"Fought Mushrooms","damage_taken":0,"max_hp_gain":0,"max_hp_loss":0,"event_name":"Mushrooms","floor":14,"gold_loss":0}],"is_beta":false,"boss_relics":[],"items_purged_floors":[3],"is_endless":false,"potions_floor_spawned":[1,4,6,14],"killed_by":"Slime Boss","ascension_level":0}