{"gold_per_floor":[114,114,126,143,68,97,26,58,58,58,58,73,73],"floor_reached":13,"playtime":728,"items_purged":["Strike_B"],"score":112,"play_id":"51848445-b757-4f89-b203-9be73734bd2e","local_time":"20190706212324","is_ascension_mode":true,"campfire_choices":[{"floor":10,"key":"REST"}],"neow_cost":"NONE","seed_source_timestamp":103325276421708,"circlet_count":0,"master_deck":["Strike_B","Strike_B","Defend_B","Defend_B","Defend_B","Zap","Dualcast","Ball Lightning","Sweeping Beam","Fission","Conserve Battery","Reprogram","Chaos","Capacitor","Amplify","Genetic Algorithm","Force Field"],"relics":["Cracked Core","Bag of Marbles","Bottled Tornado","Strawberry"],"potions_floor_usage":[12],"damage_taken":[{"damage":4,"enemies":"Jaw Worm","floor":1,"turns":3},{"damage":1,"enemies":"Cultist","floor":3,"turns":3},{"damage":0,"enemies":"2 Louse","floor":4,"turns":2},{"damage":29,"enemies":"3 Sentries","floor":6,"turns":8},{"damage":33,"enemies":"Gremlin Nob","floor":8,"turns":4},{"damage":12,"enemies":"Large Slime","floor":12,"turns":6},{"damage":28,"enemies":"3 Sentries","floor":13,"turns":4}],"seed_played":"5158525414078820772","potions_obtained":[{"floor":8,"key":"Block Potion"}],"is_trial":false,"path_per_floor":["M","?","M","M","$","E","$","E","T","R","?","M","E"],"character_chosen":"DEFECT","items_purchased":["Capacitor"],"campfire_rested":1,"item_purchase_floors":[7],"current_hp_per_floor":[71,71,70,70,70,41,41,8,15,39,39,27,0],"gold":73,"neow_bonus":"THREE_CARDS","is_prod":false,"is_daily":false,"chose_seed":false,"campfire_upgraded":0,"win_rate":0,"timestamp":1562473404,"path_taken":["M","?","M","M","$","E","?","E","T","R","?","M","E"],"build_version":"2019-07-05","purchased_purges":1,"victory":false,"max_hp_per_floor":[75,75,75,75,75,75,75,75,82,82,82,82,82],"card_choices":[{"not_picked":["Cold Snap","Recycle"],"picked":"Ball Lightning","floor":0},{"not_picked":["Leap","Turbo"],"picked":"Sweeping Beam","floor":1},{"not_picked":["Stack","Ball Lightning"],"picked":"Conserve Battery","floor":3},{"not_picked":["Sweeping Beam","Steam"],"picked":"Reprogram","floor":4},{"not_picked":["Reboot","Gash"],"picked":"Chaos","floor":6},{"not_picked":["Recycle","Beam Cell"],"picked":"Amplify","floor":8},{"not_picked":["Stack","Leap"],"picked":"Force Field","floor":12}],"player_experience":207174,"relics_obtained":[{"floor":6,"key":"Bag of Marbles"},{"floor":8,"key":"Bottled Tornado"},{"floor":9,"key":"Strawberry"}],"event_choices":[{"damage_healed":0,"gold_gain":0,"cards_transformed":["Strike_B"],"player_choice":"Transformed","damage_taken":0,"max_hp_gain":0,"max_hp_loss":0,"event_name":"Transmorgrifier","floor":2,"gold_loss":0,"cards_obtained":["Fission"]},{"damage_healed":0,"gold_gain":0,"cards_transformed":["Defend_B"],"player_choice":"Change","damage_taken":0,"max_hp_gain":0,"max_hp_loss":0,"event_name":"Living Wall","floor":11,"gold_loss":0,"cards_obtained":["Genetic Algorithm"]}],"is_beta":false,"boss_relics":[],"items_purged_floors":[5],"is_endless":false,"potions_floor_spawned":[8],"killed_by":"3 Sentries","ascension_level":4}