{"gold_per_floor":[111,123,136,149,169,169,204,204,253,35,35,35,35,55,55,159,159,179,214,38,137,150,150,184,184,236,266,296,308],"floor_reached":29,"playtime":1736,"items_purged":["Defend_B"],"score":384,"play_id":"ec45f921-791a-4c0d-b71c-e289679ba7cf","local_time":"20181230171350","is_ascension_mode":true,"campfire_choices":[{"data":"Zap","floor":6,"key":"SMITH"},{"floor":8,"key":"REST"},{"data":"Go for the Eyes","floor":11,"key":"SMITH"},{"data":"Dualcast","floor":13,"key":"SMITH"},{"floor":15,"key":"REST"},{"data":"Echo Form","floor":23,"key":"SMITH"},{"data":"Coolheaded","floor":25,"key":"SMITH"}],"neow_cost":"TEN_PERCENT_HP_LOSS","seed_source_timestamp":381616399965960,"circlet_count":0,"master_deck":["Strike_B","Defend_B+1","Defend_B","Defend_B","Zap+1","Dualcast+1","Gash","Go for the Eyes+1","Coolheaded+1","Compile Driver","Echo Form+1","Beam Cell","Leap+1","Impatience","Gash","Coolheaded+1","Scrape+1","Genetic Algorithm"],"relics":["Cracked Core","Dodecahedron","War Paint","Oddly Smooth Stone","Sozu","Red Mask","Molten Egg 2","MawBank"],"potions_floor_usage":[7,19,24],"damage_taken":[{"damage":0,"enemies":"Cultist","floor":1,"turns":4},{"damage":1,"enemies":"2 Louse","floor":2,"turns":3},{"damage":2,"enemies":"Jaw Worm","floor":3,"turns":4},{"damage":11,"enemies":"Blue Slaver","floor":4,"turns":4},{"damage":13,"enemies":"Exordium Thugs","floor":5,"turns":4},{"damage":24,"enemies":"Gremlin Nob","floor":7,"turns":4},{"damage":0,"enemies":"Exordium Wildlife","floor":14,"turns":3},{"damage":0,"enemies":"The Guardian","floor":16,"turns":10},{"damage":11,"enemies":"2 Thieves","floor":18,"turns":4},{"damage":10,"enemies":"Masked Bandits","floor":19,"turns":4},{"damage":1,"enemies":"Shell Parasite","floor":22,"turns":6},{"damage":18,"enemies":"Slavers","floor":24,"turns":7},{"damage":0,"enemies":"Chosen and Byrds","floor":27,"turns":4},{"damage":2,"enemies":"Snake Plant","floor":28,"turns":4},{"damage":23,"enemies":"3 Cultists","floor":29,"turns":4}],"seed_played":"-8227367237480917496","potions_obtained":[{"floor":2,"key":"Strength Potion"},{"floor":5,"key":"SpeedPotion"},{"floor":14,"key":"Strength Potion"}],"is_trial":false,"path_per_floor":["M","M","M","M","M","R","E","R","T","$","R","?","R","M","R","B",null,"M","?","$","?","M","R","E","R","T","M","M","M"],"character_chosen":"DEFECT","items_purchased":["Oddly Smooth Stone","Impatience","Gash","Coolheaded"],"campfire_rested":2,"item_purchase_floors":[10,20,20,20],"current_hp_per_floor":[68,67,65,54,41,41,17,37,37,37,37,37,37,37,57,57,65,54,44,44,44,43,43,25,25,25,25,23,0],"gold":308,"neow_bonus":"REMOVE_TWO","is_prod":false,"is_daily":false,"chose_seed":false,"campfire_upgraded":5,"win_rate":0,"timestamp":1546208030,"path_taken":["M","M","M","M","M","R","E","R","T","?","R","?","R","?","R","BOSS","M","?","$","?","M","R","E","R","T","?","M","M"],"build_version":"2018-12-25","purchased_purges":1,"victory":false,"max_hp_per_floor":[68,68,68,68,68,68,68,68,68,68,68,68,68,68,68,68,68,68,68,68,68,68,68,68,68,68,68,68,68],"card_choices":[{"not_picked":["Conserve Battery","Redo"],"picked":"Gash","floor":1},{"not_picked":["Stack","Ball Lightning","Cold Snap"],"picked":"SKIP","floor":2},{"not_picked":["Steam","Darkness","Turbo"],"picked":"SKIP","floor":3},{"not_picked":["Cold Snap","Hello World","Sweeping Beam"],"picked":"SKIP","floor":4},{"not_picked":["Rip and Tear","Aggregate"],"picked":"Go for the Eyes","floor":5},{"not_picked":["Beam Cell","Amplify"],"picked":"Coolheaded","floor":7},{"not_picked":["Lockon","Go for the Eyes"],"picked":"Compile Driver","floor":14},{"not_picked":["Fission","Meteor Strike"],"picked":"Echo Form","floor":16},{"not_picked":["Sweeping Beam","Rebound"],"picked":"Beam Cell","floor":18},{"not_picked":["Redo","Cold Snap"],"picked":"Leap+1","floor":19},{"not_picked":["Storm","Conserve Battery","Chill"],"picked":"SKIP","floor":22},{"not_picked":["Auto Shields","Undo"],"picked":"Scrape","floor":24},{"not_picked":["Static Discharge+1","Lockon+1","Steam Power+1"],"picked":"SKIP","floor":27},{"not_picked":["Compile Driver+1","Undo"],"picked":"Genetic Algorithm","floor":28}],"player_experience":566002,"relics_obtained":[{"floor":7,"key":"Dodecahedron"},{"floor":9,"key":"War Paint"},{"floor":19,"key":"Red Mask"},{"floor":24,"key":"Molten Egg 2"},{"floor":26,"key":"MawBank"}],"event_choices":[{"cards_removed":["Strike_B"],"damage_healed":0,"gold_gain":0,"player_choice":"Purged","damage_taken":0,"max_hp_gain":0,"max_hp_loss":0,"event_name":"Purifier","floor":12,"gold_loss":0},{"damage_healed":0,"gold_gain":0,"player_choice":"Fought Bandits","damage_taken":0,"max_hp_gain":0,"max_hp_loss":0,"event_name":"Masked Bandits","floor":19,"gold_loss":0},{"damage_healed":0,"gold_gain":99,"player_choice":"Stole From Cult","damage_taken":0,"max_hp_gain":0,"max_hp_loss":0,"event_name":"Nest","floor":21,"gold_loss":0}],"is_beta":true,"boss_relics":[{"not_picked":["Black Star","Tiny House"],"picked":"Sozu"}],"items_purged_floors":[10],"is_endless":false,"potions_floor_spawned":[2,5,14,24,28],"killed_by":"3 Cultists","ascension_level":6}