{"gold_per_floor":[15,34,34,48,48,48,123,163,163,163,187,203,221,260,260,260],"floor_reached":16,"playtime":752,"items_purged":[],"score":137,"play_id":"f4dcbaa6-b8e9-4959-899a-6e6b97b008e2","local_time":"20190806215645","is_ascension_mode":false,"campfire_choices":[{"data":"Zap","floor":6,"key":"SMITH"},{"data":"Dualcast","floor":10,"key":"SMITH"},{"floor":15,"key":"REST"}],"neow_cost":"NO_GOLD","seed_source_timestamp":133682957320112,"circlet_count":0,"master_deck":["Strike_B","Strike_B","Defend_B","Defend_B","Defend_B","Zap+1","Dualcast+1","Gash"],"relics":["Cracked Core","Golden Idol","Letter Opener","PreservedInsect","Mango"],"potions_floor_usage":[2,8,16],"damage_taken":[{"damage":2,"enemies":"2 Louse","floor":1,"turns":2},{"damage":0,"enemies":"Small Slimes","floor":2,"turns":2},{"damage":0,"enemies":"Cultist","floor":4,"turns":4},{"damage":16,"enemies":"Lagavulin","floor":8,"turns":7},{"damage":1,"enemies":"Exordium Wildlife","floor":11,"turns":3},{"damage":9,"enemies":"Large Slime","floor":12,"turns":5},{"damage":0,"enemies":"Red Slaver","floor":13,"turns":3},{"damage":0,"enemies":"Gremlin Nob","floor":14,"turns":3},{"damage":56,"enemies":"Hexaghost","floor":16,"turns":9}],"seed_played":"6967516077109802467","potions_obtained":[{"floor":1,"key":"Explosive Potion"},{"floor":2,"key":"Fire Potion"},{"floor":12,"key":"AttackPotion"}],"is_trial":false,"path_per_floor":["M","M","?","M","?","R","?","E","T","R","M","M","M","E","R","B"],"character_chosen":"DEFECT","items_purchased":[],"campfire_rested":1,"item_purchase_floors":[],"current_hp_per_floor":[73,73,55,55,48,48,41,25,25,25,24,15,15,29,55,0],"gold":260,"neow_bonus":"REMOVE_TWO","is_prod":false,"is_daily":false,"chose_seed":false,"campfire_upgraded":2,"win_rate":0,"timestamp":1565153805,"path_taken":["M","M","?","M","?","R","?","E","T","R","M","M","?","E","R","BOSS"],"build_version":"2019-07-17","purchased_purges":0,"victory":false,"max_hp_per_floor":[75,75,75,75,75,75,75,75,75,75,75,75,75,89,89,89],"card_choices":[{"not_picked":["Hello World","Recycle","Sunder"],"picked":"SKIP","floor":1},{"not_picked":["Ball Lightning","Beam Cell","Compile Driver"],"picked":"SKIP","floor":2},{"not_picked":["Steam Power","Chill","BootSequence"],"picked":"SKIP","floor":4},{"not_picked":["Turbo","Reboot","Streamline"],"picked":"SKIP","floor":8},{"not_picked":["Static Discharge","Cold Snap"],"picked":"Gash","floor":11},{"not_picked":["Coolheaded","Steam Power","Beam Cell"],"picked":"SKIP","floor":12},{"not_picked":["Stack","Storm","Reprogram"],"picked":"SKIP","floor":13},{"not_picked":["Reinforced Body","Genetic Algorithm","Heatsinks"],"picked":"SKIP","floor":14}],"player_experience":494801,"relics_obtained":[{"floor":8,"key":"Letter Opener"},{"floor":9,"key":"PreservedInsect"},{"floor":14,"key":"Mango"}],"event_choices":[{"damage_healed":0,"gold_gain":0,"player_choice":"Take Damage","damage_taken":18,"relics_obtained":["Golden Idol"],"max_hp_gain":0,"max_hp_loss":0,"event_name":"Golden Idol","floor":3,"gold_loss":0},{"cards_removed":["Strike_B"],"damage_healed":0,"gold_gain":0,"player_choice":"Card Removal","damage_taken":7,"max_hp_gain":0,"max_hp_loss":0,"event_name":"Golden Wing","floor":5,"gold_loss":0},{"damage_healed":0,"gold_gain":75,"player_choice":"Touch","damage_taken":7,"max_hp_gain":0,"max_hp_loss":0,"event_name":"FaceTrader","floor":7,"gold_loss":0}],"is_beta":false,"boss_relics":[],"items_purged_floors":[],"is_endless":false,"potions_floor_spawned":[1,2,12],"killed_by":"Hexaghost","ascension_level":0}