{"gold_per_floor":[16,30,49,64,80,80,5,5,5,25,38,65,84,94,94,172,172,182,182,32,45,61,88,88,120,144,178,178,178,178,192,192,265,265,278,278,288,299,299,299,310,320,320,334,352,372,386,402,402,402],"floor_reached":51,"playtime":3557,"items_purged":["Strike_R","Strike_R"],"score":1157,"play_id":"d12a498f-efe2-4149-a9a1-17e252a0fae9","local_time":"20181006224313","is_ascension_mode":true,"campfire_choices":[{"data":"Cleave","floor":6,"key":"SMITH"},{"data":"Bash","floor":8,"key":"SMITH"},{"data":"Disarm","floor":15,"key":"SMITH"},{"floor":24,"key":"REST"},{"floor":28,"key":"REST"},{"floor":32,"key":"REST"},{"floor":40,"key":"REST"},{"floor":49,"key":"REST"}],"neow_cost":"NO_GOLD","seed_source_timestamp":2178770750409598,"circlet_count":0,"master_deck":["Strike_R","Defend_R+1","Defend_R+1","Defend_R","Defend_R","Bash+1","AscendersBane","Pommel Strike+1","Twin Strike","Headbutt","Cleave+1","Shrug It Off","Disarm+1","Warcry+1","Shockwave+1","Demon Form+1","Cleave","Immolate","True Grit+1","True Grit+1","Shrug It Off+1","Reaper","Burning Pact+1"],"relics":["Burning Blood","Frozen Egg 2","Toxic Egg 2","Fusion Hammer","Centennial Puzzle","Oddly Smooth Stone","War Paint","Pocketwatch","MutagenicStrength","Singing Bowl","Busted Crown","Paper Frog"],"potions_floor_usage":[10,11,16,21,23,25,45,46,47,50],"damage_taken":[{"damage":23,"enemies":"Cultist","floor":1,"turns":6},{"damage":3,"enemies":"2 Louse","floor":2,"turns":4},{"damage":5,"enemies":"Small Slimes","floor":3,"turns":4},{"damage":11,"enemies":"Blue Slaver","floor":4,"turns":3},{"damage":1,"enemies":"2 Fungi Beasts","floor":5,"turns":3},{"damage":0,"enemies":"Gremlin Gang","floor":10,"turns":2},{"damage":0,"enemies":"Large Slime","floor":11,"turns":6},{"damage":16,"enemies":"Gremlin Nob","floor":12,"turns":3},{"damage":0,"enemies":"3 Louse","floor":13,"turns":2},{"damage":4,"enemies":"Blue Slaver","floor":14,"turns":3},{"damage":10,"enemies":"The Guardian","floor":16,"turns":17},{"damage":36,"enemies":"3 Byrds","floor":18,"turns":5},{"damage":5,"enemies":"Chosen","floor":21,"turns":4},{"damage":4,"enemies":"Snake Plant","floor":22,"turns":4},{"damage":1,"enemies":"Gremlin Leader","floor":23,"turns":6},{"damage":27,"enemies":"Book of Stabbing","floor":25,"turns":6},{"damage":22,"enemies":"Gremlin Leader","floor":27,"turns":5},{"damage":19,"enemies":"3 Cultists","floor":31,"turns":4},{"damage":10,"enemies":"Champ","floor":33,"turns":9},{"damage":7,"enemies":"Orb Walker","floor":35,"turns":5},{"damage":8,"enemies":"3 Shapes","floor":37,"turns":1},{"damage":2,"enemies":"Sphere and 2 Shapes","floor":38,"turns":5},{"damage":20,"enemies":"4 Shapes","floor":41,"turns":4},{"damage":0,"enemies":"3 Darklings","floor":42,"turns":3},{"damage":9,"enemies":"Reptomancer","floor":44,"turns":5},{"damage":5,"enemies":"Sphere and 2 Shapes","floor":45,"turns":4},{"damage":37,"enemies":"Transient","floor":46,"turns":5},{"damage":3,"enemies":"3 Darklings","floor":47,"turns":4},{"damage":22,"enemies":"Reptomancer","floor":48,"turns":5},{"damage":47,"enemies":"Awakened One","floor":50,"turns":15}],"seed_played":"-7125971962016693759","potions_obtained":[{"floor":2,"key":"AttackPotion"},{"floor":4,"key":"Weak Potion"},{"floor":11,"key":"SpeedPotion"},{"floor":12,"key":"Strength Potion"},{"floor":18,"key":"BloodPotion"},{"floor":22,"key":"Weak Potion"},{"floor":37,"key":"GamblersBrew"},{"floor":42,"key":"Weak Potion"},{"floor":46,"key":"Fruit Juice"},{"floor":48,"key":"Swift Potion"}],"is_trial":false,"path_per_floor":["M","M","M","M","M","R","$","R","T","M","M","E","M","M","R","B",null,"M","?","$","M","M","E","R","E","T","E","R","?","T","M","R","B",null,"M","?","M","M","?","R","M","M","T","M","M","M","M","M","R","B"],"character_chosen":"IRONCLAD","items_purchased":["True Grit+1"],"campfire_rested":5,"item_purchase_floors":[20],"current_hp_per_floor":[55,58,59,54,59,59,59,59,59,65,71,61,67,69,69,65,76,46,46,46,55,57,62,80,59,59,43,67,67,67,81,82,84,84,85,82,82,86,86,86,82,90,90,92,94,63,101,87,103,62],"gold":402,"neow_bonus":"REMOVE_TWO","is_prod":false,"is_daily":false,"chose_seed":false,"campfire_upgraded":3,"win_rate":0,"timestamp":1538880193,"path_taken":["M","M","?","M","M","R","?","R","T","M","M","E","M","?","R","BOSS","M","?","$","M","M","E","R","E","T","E","R","?","?","M","R","BOSS","M","?","M","M","?","R","M","M","T","M","M","M","?","?","R","BOSS"],"build_version":"2018-10-04v2","purchased_purges":2,"victory":true,"max_hp_per_floor":[80,80,80,80,80,80,80,80,80,80,80,80,80,80,80,80,80,80,80,80,80,80,80,80,80,80,80,80,80,80,82,82,84,84,86,82,84,86,86,86,88,90,90,92,94,94,101,103,103,103],"card_choices":[{"not_picked":["Havoc","Perfected Strike"],"picked":"Pommel Strike","floor":1},{"not_picked":["Inflame","Anger"],"picked":"Twin Strike","floor":2},{"not_picked":["Twin Strike","Blood for Blood"],"picked":"Headbutt","floor":3},{"not_picked":["Clash","Flex"],"picked":"Cleave","floor":4},{"not_picked":["Anger","Havoc"],"picked":"Shrug It Off","floor":5},{"not_picked":["Wild Strike","Armaments"],"picked":"Disarm","floor":10},{"not_picked":["Perfected Strike","Impervious","Twin Strike"],"picked":"SKIP","floor":11},{"not_picked":["Searing Blow","Fiend Fire","Armaments"],"picked":"SKIP","floor":12},{"not_picked":["Twin Strike","Perfected Strike"],"picked":"Warcry+1","floor":13},{"not_picked":["Sword Boomerang","Hemokinesis"],"picked":"Shockwave+1","floor":14},{"not_picked":["Double Tap+1","Exhume+1"],"picked":"Demon Form+1","floor":16},{"not_picked":["Warcry+1","Wild Strike+1"],"picked":"Cleave","floor":18},{"not_picked":["Sword Boomerang+1","Havoc+1"],"picked":"True Grit+1","floor":21},{"not_picked":["Metallicize+1","Fire Breathing+1"],"picked":"Shrug It Off+1","floor":22},{"not_picked":["Rampage","Havoc+1","Pommel Strike"],"picked":"SKIP","floor":23},{"not_picked":["Iron Wave","Anger","Twin Strike+1"],"picked":"SKIP","floor":25},{"not_picked":["Body Slam","Perfected Strike"],"picked":"Reaper","floor":27},{"not_picked":["Bloodletting+1","Rupture+1","Cleave"],"picked":"Singing Bowl","floor":31},{"not_picked":["Demon Form+1","Bludgeon","Berserk+1"],"picked":"Singing Bowl","floor":33},{"not_picked":["Rage+1"],"picked":"Singing Bowl","floor":35},{"not_picked":["Ghostly Armor+1"],"picked":"Singing Bowl","floor":37},{"not_picked":["Disarm+1"],"picked":"Singing Bowl","floor":38},{"not_picked":["Heavy Blade+1"],"picked":"Singing Bowl","floor":41},{"not_picked":["Iron Wave"],"picked":"Singing Bowl","floor":42},{"not_picked":["Corruption+1"],"picked":"Singing Bowl","floor":44},{"not_picked":["Blood for Blood"],"picked":"Singing Bowl","floor":45},{"not_picked":[],"picked":"Burning Pact+1","floor":46},{"not_picked":["Clash"],"picked":"Singing Bowl","floor":47},{"not_picked":["Armaments+1"],"picked":"Singing Bowl","floor":48}],"player_experience":459764,"relics_obtained":[{"floor":9,"key":"Frozen Egg 2"},{"floor":12,"key":"Toxic Egg 2"},{"floor":23,"key":"Centennial Puzzle"},{"floor":25,"key":"Oddly Smooth Stone"},{"floor":26,"key":"War Paint"},{"floor":27,"key":"Pocketwatch"},{"floor":30,"key":"Singing Bowl"},{"floor":43,"key":"Paper Frog"}],"event_choices":[{"event_name":"Match and Keep!","player_choice":"1 cards matched","floor":19,"damage_taken":0},{"event_name":"Drug Dealer","player_choice":"Inject Mutagens","floor":29,"damage_taken":0},{"event_name":"Winding Halls","player_choice":"Max HP","floor":36,"damage_taken":0},{"event_name":"Accursed Blacksmith","player_choice":"Forge","floor":39,"damage_taken":0}],"is_beta":false,"boss_relics":[{"not_picked":["Tiny House","Coffee Dripper"],"picked":"Fusion Hammer"},{"not_picked":["Empty Cage","Black Star"],"picked":"Busted Crown"}],"items_purged_floors":[7,20],"is_endless":false,"potions_floor_spawned":[2,4,11,12,13,18,22,37,42,46,48],"ascension_level":13}