{"gold_per_floor":[117,36,46,65,81,81,107,107,107,28,53,53,53,53,53,148,148,148,167,82,82,7,7,7,7,7,7,106,126,137,147,147,245,245,264,264,164,180,200,200,75,75,75,75,175,115,134,148,148,148],"floor_reached":51,"playtime":1945,"items_purged":["Strike_R+1","Strike_R+1","Strike_R+1"],"score":828,"play_id":"d51871ba-42c5-480f-b56c-44be03812a1f","local_time":"20190810142026","is_ascension_mode":false,"campfire_choices":[{"data":"Bash","floor":6,"key":"SMITH"},{"data":"Heavy Blade","floor":8,"key":"SMITH"},{"floor":13,"key":"REST"},{"data":"Demon Form","floor":15,"key":"SMITH"},{"data":"Intimidate","floor":23,"key":"SMITH"},{"data":"Battle Trance","floor":25,"key":"SMITH"},{"data":"Ghostly Armor","floor":27,"key":"SMITH"},{"data":"Inflame","floor":32,"key":"SMITH"},{"data":"Thunderclap","floor":40,"key":"SMITH"},{"floor":42,"key":"REST"},{"floor":44,"key":"REST"},{"floor":49,"key":"REST"}],"neow_cost":"PERCENT_DAMAGE","seed_source_timestamp":678194656520627,"circlet_count":0,"master_deck":["Defend_R+1","Defend_R+1","Defend_R+1","Defend_R+1","Bash+1","Ghostly Armor+1","Intimidate+1","Heavy Blade+1","Inflame+1","Battle Trance+1","Demon Form+1","Parasite"],"relics":["Burning Blood","Dream Catcher","Molten Egg 2","Turnip","Charon\u0027s Ashes","Snecko Eye","Torii","Calipers","Sozu","Self Forming Clay","Bird Faced Urn"],"potions_floor_usage":[7,18,33,50],"damage_taken":[{"damage":0,"enemies":"2 Louse","floor":1,"turns":3},{"damage":3,"enemies":"Jaw Worm","floor":3,"turns":4},{"damage":0,"enemies":"Small Slimes","floor":4,"turns":3},{"damage":2,"enemies":"Looter","floor":5,"turns":3},{"damage":29,"enemies":"Gremlin Nob","floor":7,"turns":5},{"damage":26,"enemies":"Lagavulin","floor":11,"turns":6},{"damage":34,"enemies":"The Guardian","floor":16,"turns":9},{"damage":0,"enemies":"Chosen","floor":18,"turns":1},{"damage":9,"enemies":"Shell Parasite","floor":19,"turns":5},{"damage":11,"enemies":"Cultist and Chosen","floor":29,"turns":6},{"damage":0,"enemies":"3 Cultists","floor":30,"turns":4},{"damage":0,"enemies":"Shelled Parasite and Fungi","floor":31,"turns":4},{"damage":13,"enemies":"Champ","floor":33,"turns":5},{"damage":7,"enemies":"3 Shapes","floor":35,"turns":4},{"damage":0,"enemies":"3 Darklings","floor":38,"turns":3},{"damage":9,"enemies":"4 Shapes","floor":39,"turns":5},{"damage":0,"enemies":"Mind Bloom Boss Battle","floor":45,"turns":4},{"damage":2,"enemies":"Writhing Mass","floor":47,"turns":4},{"damage":0,"enemies":"Transient","floor":48,"turns":5},{"damage":0,"enemies":"Awakened One","floor":50,"turns":6}],"seed_played":"721899706681379467","potions_obtained":[{"floor":4,"key":"SmokeBomb"},{"floor":5,"key":"Weak Potion"},{"floor":31,"key":"AttackPotion"},{"floor":33,"key":"Poison Potion"}],"is_trial":false,"path_per_floor":["M","$","M","M","M","R","E","R","T","$","E","?","R","$","R","B",null,"M","M","?","?","$","R","?","R","T","R","?","M","M","M","R","B",null,"M","?","$","M","M","R","$","R","T","R","?","?","M","M","R","B",null],"character_chosen":"IRONCLAD","items_purchased":["Inflame","Battle Trance"],"campfire_rested":4,"item_purchase_floors":[2,10],"current_hp_per_floor":[62,62,65,71,75,75,52,52,52,52,32,20,44,44,44,16,80,80,77,77,77,77,77,77,77,77,77,77,72,78,80,80,73,80,79,79,79,80,77,77,77,80,80,80,80,80,80,80,80,80],"gold":148,"neow_bonus":"TRANSFORM_TWO_CARDS","is_prod":false,"is_daily":false,"chose_seed":false,"campfire_upgraded":8,"win_rate":0,"timestamp":1565461226,"path_taken":["M","$","M","M","M","R","E","R","T","$","E","?","R","?","R","BOSS","M","M","?","?","$","R","?","R","T","R","?","M","M","M","R","BOSS","M","?","$","M","M","R","$","R","T","R","?","?","M","M","R","BOSS"],"build_version":"2019-07-17","purchased_purges":3,"victory":true,"max_hp_per_floor":[80,80,80,80,80,80,80,80,80,80,80,80,80,80,80,80,80,80,80,80,80,80,80,80,80,80,80,80,80,80,80,80,80,80,80,80,80,80,80,80,80,80,80,80,80,80,80,80,80,80],"card_choices":[{"not_picked":["Sever Soul","Rage"],"picked":"Heavy Blade","floor":1},{"not_picked":["Seeing Red","Flex","Rampage"],"picked":"SKIP","floor":3},{"not_picked":["Second Wind","Clash","Rage"],"picked":"SKIP","floor":4},{"not_picked":["Havoc","Headbutt","Iron Wave"],"picked":"SKIP","floor":5},{"not_picked":["Pommel Strike","Feel No Pain"],"picked":"Thunderclap","floor":7},{"not_picked":["Cleave+1","Corruption"],"picked":"Demon Form","floor":11},{"not_picked":["Rupture","Wild Strike+1","Pommel Strike+1"],"picked":"SKIP","floor":19},{"not_picked":["Warcry","Cleave+1","Searing Blow+1"],"picked":"SKIP","floor":29},{"not_picked":["Cleave+1","Sword Boomerang+1","Twin Strike+1"],"picked":"SKIP","floor":30},{"not_picked":["Pommel Strike+1","Searing Blow+1","Perfected Strike+1"],"picked":"SKIP","floor":31},{"not_picked":["Sword Boomerang+1","Wild Strike+1","Cleave+1"],"picked":"SKIP","floor":35},{"not_picked":["True Grit+1","Dark Embrace","Cleave+1"],"picked":"SKIP","floor":38},{"not_picked":["Perfected Strike+1","Battle Trance","Armaments+1"],"picked":"SKIP","floor":39},{"not_picked":["Double Tap","Thunderclap+1","Body Slam+1"],"picked":"SKIP","floor":47},{"not_picked":["Double Tap","Thunderclap+1","Body Slam+1"],"picked":"SKIP","floor":47},{"not_picked":["Hemokinesis+1","Cleave+1","Entrench"],"picked":"SKIP","floor":48}],"player_experience":962968,"relics_obtained":[{"floor":7,"key":"Dream Catcher"},{"floor":9,"key":"Molten Egg 2"},{"floor":11,"key":"Turnip"},{"floor":26,"key":"Calipers"},{"floor":43,"key":"Self Forming Clay"},{"floor":45,"key":"Bird Faced Urn"}],"event_choices":[{"damage_healed":0,"gold_gain":0,"player_choice":"Success","damage_taken":12,"relics_obtained":["Charon\u0027s Ashes"],"max_hp_gain":0,"max_hp_loss":0,"event_name":"Scrap Ooze","floor":12,"gold_loss":0},{"damage_healed":0,"gold_gain":0,"player_choice":"Obtained Relic","damage_taken":0,"relics_obtained":["Torii"],"max_hp_gain":0,"max_hp_loss":0,"event_name":"Addict","floor":20,"gold_loss":85},{"damage_healed":0,"gold_gain":0,"player_choice":"Simplicity","damage_taken":0,"max_hp_gain":0,"max_hp_loss":0,"event_name":"Back to Basics","floor":21,"gold_loss":0,"cards_upgraded":["Strike_R","Strike_R","Strike_R","Defend_R","Defend_R","Defend_R","Defend_R"]},{"damage_healed":0,"gold_gain":0,"player_choice":"Ignored","damage_taken":0,"max_hp_gain":0,"max_hp_loss":0,"event_name":"Ghosts","floor":24,"gold_loss":0},{"damage_healed":0,"gold_gain":99,"player_choice":"Stole From Cult","damage_taken":0,"max_hp_gain":0,"max_hp_loss":0,"event_name":"Nest","floor":28,"gold_loss":0},{"damage_healed":0,"gold_gain":0,"player_choice":"Ignored","damage_taken":0,"max_hp_gain":0,"max_hp_loss":0,"event_name":"Tomb of Lord Red Mask","floor":36,"gold_loss":0},{"damage_healed":0,"gold_gain":0,"player_choice":"Fight","damage_taken":0,"max_hp_gain":0,"max_hp_loss":0,"event_name":"MindBloom","floor":45,"gold_loss":0},{"cards_removed":["Thunderclap"],"damage_healed":0,"gold_gain":0,"player_choice":"Single Remove","damage_taken":0,"max_hp_gain":0,"max_hp_loss":0,"event_name":"Designer","floor":46,"gold_loss":60}],"is_beta":false,"boss_relics":[{"not_picked":["Calling Bell","Pandora\u0027s Box"],"picked":"Snecko Eye"},{"not_picked":["Busted Crown","Astrolabe"],"picked":"Sozu"}],"items_purged_floors":[22,37,41],"is_endless":false,"potions_floor_spawned":[4,5,18,31,33,39,47],"ascension_level":0}