{"gold_per_floor":[115,190,190,244,13,13,40,40,63,63,118,130,142,176,176,277,277,291,191,191,208,158,158,192,192,192,224,240,250,250,53,53,153,153,169,169,169,187,187,62,62,72,72,72,91,91,106,125,125,125],"floor_reached":51,"playtime":5172,"items_purged":["Strike_G","Defend_G","Bullet Time"],"score":791,"play_id":"012557fc-65c0-45d0-bbbf-773fe4b3e5a3","local_time":"20181123145604","is_ascension_mode":false,"campfire_choices":[{"data":"Neutralize","floor":6.0,"key":"SMITH"},{"data":"All Out Attack","floor":8.0,"key":"SMITH"},{"data":"Survivor","floor":10.0,"key":"SMITH"},{"data":"Malaise","floor":15.0,"key":"SMITH"},{"data":"Accuracy","floor":23.0,"key":"SMITH"},{"data":"Backflip","floor":25.0,"key":"SMITH"},{"data":"Masterful Stab","floor":30.0,"key":"SMITH"},{"data":"The Bomb","floor":32.0,"key":"SMITH"},{"data":"Venomology","floor":41.0,"key":"SMITH"},{"data":"Adrenaline","floor":44.0,"key":"SMITH"},{"floor":46.0,"key":"REST"},{"data":"Calculated Gamble","floor":49.0,"key":"SMITH"}],"neow_cost":"NONE","seed_source_timestamp":0,"circlet_count":0,"master_deck":["Defend_G","Survivor+1","Neutralize+1","Poisoned Stab+1","Blade Dance+1","Terror+1","All Out Attack+1","Masterful Stab+1","Malaise+1","Backflip+1","Accuracy+1","The Bomb+1","Venomology+1","Adrenaline+1","Calculated Gamble+1"],"special_seed":0,"relics":["Astrolabe","Lantern","PreservedInsect","Oddly Smooth Stone","Regal Pillow","Bag of Preparation","Dream Catcher","Cursed Key","Potion Belt","Bottled Lightning","Empty Cage"],"potions_floor_usage":[50,50,50,50],"damage_taken":[{"damage":0.0,"enemies":"Cultist","floor":1.0,"turns":5.0},{"damage":6.0,"enemies":"3 Sentries","floor":7.0,"turns":10.0},{"damage":3.0,"enemies":"Gremlin Nob","floor":11.0,"turns":4.0},{"damage":0.0,"enemies":"Jaw Worm","floor":12.0,"turns":2.0},{"damage":0.0,"enemies":"Small Slimes","floor":13.0,"turns":2.0},{"damage":0.0,"enemies":"Lagavulin","floor":14.0,"turns":2.0},{"damage":6.0,"enemies":"Slime Boss","floor":16.0,"turns":9.0},{"damage":0.0,"enemies":"Spheric Guardian","floor":18.0,"turns":4.0},{"damage":0.0,"enemies":"3 Byrds","floor":21.0,"turns":4.0},{"damage":0.0,"enemies":"Gremlin Leader","floor":24.0,"turns":3.0},{"damage":3.0,"enemies":"Book of Stabbing","floor":27.0,"turns":4.0},{"damage":0.0,"enemies":"Cultist and Chosen","floor":28.0,"turns":6.0},{"damage":0.0,"enemies":"3 Cultists","floor":29.0,"turns":3.0},{"damage":51.0,"enemies":"Champ","floor":33.0,"turns":11.0},{"damage":5.0,"enemies":"3 Shapes","floor":35.0,"turns":3.0},{"damage":6.0,"enemies":"Orb Walker","floor":38.0,"turns":3.0},{"damage":0.0,"enemies":"Transient","floor":42.0,"turns":5.0},{"damage":0.0,"enemies":"Spire Growth","floor":45.0,"turns":4.0},{"damage":1.0,"enemies":"Jaw Worm Horde","floor":47.0,"turns":4.0},{"damage":6.0,"enemies":"Maw","floor":48.0,"turns":5.0},{"damage":32,"enemies":"Awakened One","floor":50,"turns":12}],"seed_played":"-8229890368318108971","potions_obtained":[{"floor":1.0,"key":"Block Potion"},{"floor":11.0,"key":"Poison Potion"},{"floor":12.0,"key":"PowerPotion"},{"floor":14.0,"key":"Ancient Potion"},{"floor":21.0,"key":"PowerPotion"},{"floor":27.0,"key":"Ancient Potion"},{"floor":33.0,"key":"PowerPotion"},{"floor":42.0,"key":"AttackPotion"},{"floor":45.0,"key":"PowerPotion"}],"is_trial":false,"path_per_floor":["M","?","?","T","$","R","E","R","T","R","?","M","M","E","R","B",null,"M","$","?","M","?","R","E","R","T","E","M","M","R","$","R","B",null,"M","?","?","M","?","$","R","M","T","R","M","R","M","M","R","B",null],"character_chosen":"THE_SILENT","items_purchased":["PreservedInsect","The Bomb"],"campfire_rested":1,"item_purchase_floors":[5,31],"current_hp_per_floor":[70,59,52,52,52,52,46,46,46,46,43,43,43,43,43,37,70,70,70,70,70,70,70,70,70,70,67,67,67,67,67,67,16,70,65,65,65,59,59,59,59,59,59,59,59,66,65,59,59,27],"gold":125,"neow_bonus":"BOSS_RELIC","is_prod":false,"is_daily":false,"chose_seed":false,"campfire_upgraded":11,"win_rate":0,"timestamp":1543002964,"path_taken":["M","?","?","?","$","R","E","R","T","R","?","?","M","E","R","BOSS","M","$","?","M","?","R","E","R","T","E","M","?","R","$","R","BOSS","M","?","?","M","?","?","R","M","T","R","?","R","M","M","R","BOSS"],"build_version":"2018-11-15","purchased_purges":3,"victory":true,"max_hp_per_floor":[70,70,70,70,70,70,70,70,70,70,70,70,70,70,70,70,70,70,70,70,70,70,70,70,70,70,70,70,70,70,70,70,70,70,70,70,70,70,66,66,66,66,66,66,66,66,66,66,66,66],"card_choices":[{"not_picked":["Endless Agony","Tactician","Blade Dance"],"picked":"SKIP","floor":1.0},{"not_picked":["Predator","Flying Knee"],"picked":"All Out Attack","floor":7.0},{"not_picked":["Dagger Throw","Flying Knee"],"picked":"Masterful Stab","floor":11.0},{"not_picked":["Poisoned Stab","Flying Knee","Dash"],"picked":"SKIP","floor":12.0},{"not_picked":["Poisoned Stab","Flying Knee","Dash"],"picked":"SKIP","floor":12.0},{"not_picked":["Dagger Spray","Noxious Fumes","Deflect"],"picked":"SKIP","floor":13.0},{"not_picked":["Quick Slash","Infinite Blades"],"picked":"Malaise","floor":14.0},{"not_picked":["Burst","Storm of Steel"],"picked":"Bullet Time","floor":16.0},{"not_picked":["Outmaneuver","Dagger Throw"],"picked":"Backflip","floor":18.0},{"not_picked":["Acrobatics+1","Expertise"],"picked":"Accuracy","floor":21.0},{"not_picked":["Predator","Crippling Poison","Backstab"],"picked":"SKIP","floor":24.0},{"not_picked":["Dagger Spray","Quick Slash","Blade Dance"],"picked":"SKIP","floor":27.0},{"not_picked":["Reflex","All Out Attack+1","Sucker Punch"],"picked":"SKIP","floor":28.0},{"not_picked":["Bullet Time","Quick Slash","Escape Plan"],"picked":"SKIP","floor":29.0},{"not_picked":["Die Die Die","Unload"],"picked":"Venomology","floor":33.0},{"not_picked":["Dagger Spray+1","Blade Dance","Cloak And Dagger"],"picked":"SKIP","floor":35.0},{"not_picked":["Deflect","Outmaneuver+1","Choke+1"],"picked":"SKIP","floor":38.0},{"not_picked":["Calculated Gamble+1","Expertise+1"],"picked":"Adrenaline","floor":42.0},{"not_picked":["Poisoned Stab+1","Blade Dance","Endless Agony+1"],"picked":"SKIP","floor":45.0},{"not_picked":["Quick Slash","Noxious Fumes+1"],"picked":"Calculated Gamble","floor":46.0},{"not_picked":["Finisher","Tactician+1","Caltrops+1"],"picked":"SKIP","floor":47.0},{"not_picked":["Riddle With Holes","Flying Knee","Bane"],"picked":"SKIP","floor":48.0}],"player_experience":563388,"relics_obtained":[{"floor":4.0,"key":"Lantern"},{"floor":7.0,"key":"Oddly Smooth Stone"},{"floor":9.0,"key":"Regal Pillow"},{"floor":14.0,"key":"Dream Catcher"},{"floor":24.0,"key":"Potion Belt"},{"floor":27.0,"key":"Bottled Lightning"}],"event_choices":[{"damage_healed":0.0,"max_hp_gain":0.0,"max_hp_loss":0.0,"gold_gain":75.0,"event_name":"World of Goop","player_choice":"Gather Gold","floor":2.0,"gold_loss":0.0,"damage_taken":11.0},{"cards_removed":["Strike_G"],"damage_healed":0.0,"max_hp_gain":0.0,"max_hp_loss":0.0,"gold_gain":0.0,"event_name":"Golden Wing","player_choice":"Card Removal","floor":3.0,"gold_loss":0.0,"damage_taken":7.0},{"damage_healed":0.0,"max_hp_gain":0.0,"max_hp_loss":0.0,"gold_gain":30.0,"event_name":"Dead Adventurer","player_choice":"Searched \u00273\u0027 times","floor":11.0,"gold_loss":0.0,"damage_taken":0.0,"relics_obtained":["Bag of Preparation"]},{"cards_removed":["Defend_G"],"damage_healed":0.0,"max_hp_gain":0.0,"max_hp_loss":0.0,"gold_gain":0.0,"event_name":"Back to Basics","player_choice":"Elegance","floor":20.0,"gold_loss":0.0,"damage_taken":0.0},{"damage_healed":0.0,"max_hp_gain":0.0,"max_hp_loss":0.0,"gold_gain":0.0,"event_name":"The Joust","player_choice":"Bet on Murderer","floor":22.0,"gold_loss":50.0,"damage_taken":0.0},{"damage_healed":0.0,"max_hp_gain":0.0,"max_hp_loss":0.0,"gold_gain":0.0,"event_name":"Tomb of Lord Red Mask","player_choice":"Ignored","floor":36.0,"gold_loss":0.0,"damage_taken":0.0},{"damage_healed":0.0,"max_hp_gain":0.0,"max_hp_loss":0.0,"gold_gain":0.0,"event_name":"Mysterious Sphere","player_choice":"Ignored","floor":37.0,"gold_loss":0.0,"damage_taken":0.0},{"damage_healed":0.0,"max_hp_gain":0.0,"max_hp_loss":4.0,"gold_gain":0.0,"event_name":"Winding Halls","player_choice":"Max HP","floor":39.0,"gold_loss":0.0,"damage_taken":0.0}],"is_beta":false,"boss_relics":[{"not_picked":["Snecko Eye","White Beast Statue"],"picked":"Cursed Key"},{"not_picked":["Calling Bell","Pandora\u0027s Box"],"picked":"Empty Cage"}],"items_purged_floors":[5,19,40],"is_endless":false,"potions_floor_spawned":[1,11,12,14,21,27,33,42,45],"ascension_level":0}