{"gold_per_floor":[126,138,225,237,267,279,324,346,358,370,397,409,438,477,489,596,608,635,647,675,687,710,722,749,761,773,800,827,56,56,0,0,0],"floor_reached":33,"playtime":2117,"items_purged":["Burning Pact"],"score":347,"play_id":"f0ed52a8-d91c-4e19-ae91-49a987d0e68e","local_time":"20190813131840","is_ascension_mode":true,"campfire_choices":[{"data":"Bash","floor":6,"key":"SMITH"},{"floor":10,"key":"REST"},{"data":"Rampage","floor":15,"key":"SMITH"},{"data":"Iron Wave","floor":23,"key":"SMITH"},{"floor":25,"key":"REST"},{"floor":30,"key":"REST"},{"floor":32,"key":"REST"}],"neow_cost":"NONE","seed_source_timestamp":237661047913700,"circlet_count":0,"master_deck":["Strike_R+1","Strike_R+1","Strike_R+1","Strike_R+1","Strike_R+1","Defend_R+1","Defend_R+1","Defend_R+1","Defend_R+1","Bash+1","Iron Wave+1","Battle Trance","Shrug It Off","Twin Strike","Rampage+1","Shrug It Off","Double Tap","Thunderclap+1","Cleave+1","Shockwave+1","Metallicize"],"relics":["Burning Blood","MawBank","Bag of Marbles","The Courier","Nunchaku","Sozu","Mercury Hourglass","Membership Card","Ornamental Fan","Happy Flower","Lantern","Pen Nib","Matryoshka","PreservedInsect","Meat on the Bone"],"potions_floor_usage":[7,16,16,16],"damage_taken":[{"damage":8,"enemies":"Jaw Worm","floor":1,"turns":5},{"damage":1,"enemies":"Cultist","floor":5,"turns":3},{"damage":42,"enemies":"Lagavulin","floor":7,"turns":6},{"damage":0,"enemies":"2 Louse","floor":8,"turns":2},{"damage":0,"enemies":"Large Slime","floor":11,"turns":5},{"damage":15,"enemies":"Lots of Slimes","floor":13,"turns":5},{"damage":16,"enemies":"Gremlin Nob","floor":14,"turns":3},{"damage":47,"enemies":"Slime Boss","floor":16,"turns":12},{"damage":12,"enemies":"3 Byrds","floor":18,"turns":5},{"damage":14,"enemies":"2 Thieves","floor":20,"turns":3},{"damage":14,"enemies":"Centurion and Healer","floor":22,"turns":4},{"damage":17,"enemies":"Snake Plant","floor":24,"turns":2},{"damage":29,"enemies":"Snecko","floor":27,"turns":4},{"damage":14,"enemies":"Sentry and Sphere","floor":28,"turns":6},{"damage":72,"enemies":"Champ","floor":33,"turns":8}],"seed_played":"-4789483150439530244","potions_obtained":[{"floor":5,"key":"BloodPotion"},{"floor":7,"key":"Poison Potion"},{"floor":11,"key":"SkillPotion"},{"floor":14,"key":"AttackPotion"}],"is_trial":false,"path_per_floor":["M","?","?","$","M","R","E","M","T","R","M","?","M","E","R","B",null,"M","?","M","?","M","R","M","R","T","M","M","$","R","?","R","B"],"character_chosen":"IRONCLAD","items_purchased":["Membership Card","Ornamental Fan","Happy Flower","Lantern","Pen Nib","Matryoshka","PreservedInsect","Meat on the Bone","Metallicize"],"campfire_rested":4,"item_purchase_floors":[29,29,29,29,29,29,29,29,29],"current_hp_per_floor":[70,54,46,46,51,51,35,41,41,65,71,71,62,52,52,11,63,57,57,49,49,41,41,30,54,54,31,23,23,47,47,71,0],"gold":0,"neow_bonus":"RANDOM_COMMON_RELIC","is_prod":false,"is_daily":false,"chose_seed":false,"campfire_upgraded":3,"win_rate":0,"timestamp":1565727520,"path_taken":["M","?","?","$","?","R","E","M","T","R","M","?","M","E","R","BOSS","M","?","M","?","M","R","?","R","T","M","M","?","R","?","R","BOSS"],"build_version":"2019-07-17","purchased_purges":1,"victory":false,"max_hp_per_floor":[80,80,80,80,80,80,80,80,80,80,80,80,80,80,80,80,80,80,80,80,80,80,80,80,80,80,80,80,80,80,80,80,80],"card_choices":[{"not_picked":["Twin Strike","Wild Strike"],"picked":"Iron Wave","floor":1},{"not_picked":["Armaments","Rupture"],"picked":"Battle Trance","floor":5},{"not_picked":["Flame Barrier","Reaper"],"picked":"Shrug It Off","floor":7},{"not_picked":["Pummel","Disarm"],"picked":"Twin Strike","floor":8},{"not_picked":["Warcry","Dropkick"],"picked":"Rampage","floor":11},{"not_picked":["Sentinel","Heavy Blade","Twin Strike"],"picked":"SKIP","floor":13},{"not_picked":["Blood for Blood","Havoc"],"picked":"Shrug It Off","floor":14},{"not_picked":["Exhume","Feed"],"picked":"Double Tap","floor":16},{"not_picked":["Iron Wave","Wild Strike+1"],"picked":"Thunderclap+1","floor":18},{"not_picked":["Sword Boomerang","Headbutt","Perfected Strike+1"],"picked":"SKIP","floor":20},{"not_picked":["Corruption","Headbutt"],"picked":"Cleave+1","floor":22},{"not_picked":["Wild Strike","Seeing Red"],"picked":"Burning Pact","floor":24},{"not_picked":["Anger","Fiend Fire","Wild Strike"],"picked":"SKIP","floor":27},{"not_picked":["Whirlwind","Intimidate+1"],"picked":"Shockwave+1","floor":28}],"player_experience":332693,"relics_obtained":[{"floor":7,"key":"Bag of Marbles"},{"floor":9,"key":"The Courier"},{"floor":14,"key":"Nunchaku"},{"floor":26,"key":"Mercury Hourglass"}],"event_choices":[{"damage_healed":0,"gold_gain":0,"player_choice":"Entered Light","damage_taken":16,"max_hp_gain":0,"max_hp_loss":0,"event_name":"Shining Light","floor":2,"gold_loss":0,"cards_upgraded":["Strike_R","Strike_R"]},{"damage_healed":0,"gold_gain":75,"player_choice":"Touch","damage_taken":8,"max_hp_gain":0,"max_hp_loss":0,"event_name":"FaceTrader","floor":3,"gold_loss":0},{"damage_healed":0,"gold_gain":0,"player_choice":"Ignored","damage_taken":0,"max_hp_gain":0,"max_hp_loss":0,"event_name":"Liars Game","floor":12,"gold_loss":0},{"damage_healed":0,"gold_gain":0,"player_choice":"Simplicity","damage_taken":0,"max_hp_gain":0,"max_hp_loss":0,"event_name":"Back to Basics","floor":19,"gold_loss":0,"cards_upgraded":["Strike_R","Strike_R","Strike_R","Defend_R","Defend_R","Defend_R","Defend_R"]},{"damage_healed":0,"gold_gain":0,"player_choice":"Got Potions","damage_taken":0,"max_hp_gain":0,"max_hp_loss":0,"event_name":"Lab","floor":21,"gold_loss":0},{"damage_healed":0,"gold_gain":0,"player_choice":"Paid Fearfully","damage_taken":0,"max_hp_gain":0,"max_hp_loss":0,"event_name":"Masked Bandits","floor":31,"gold_loss":56}],"is_beta":false,"boss_relics":[{"not_picked":["Runic Dome","Mark of Pain"],"picked":"Sozu"}],"items_purged_floors":[29],"is_endless":false,"potions_floor_spawned":[5,7,11,14,20,27],"killed_by":"Champ","ascension_level":7}