{"path_per_floor":["M","?","M","M","$","R","?","$","T","R","?","M","R","M","R","B",null,"M","M","M","$","?","M","R","$","T","M","?","?","R","M","R","B",null,"M","$","?","M","?","E","M","R","T","M","M","?","?","M","R","B"],"character_chosen":"IRONCLAD","items_purchased":["Apotheosis","Double Tap"],"gold_per_floor":[217,217,233,233,35,35,35,35,61,61,61,73,73,93,93,190,190,203,216,233,6,6,23,23,23,23,35,35,35,35,54,54,154,154,170,70,70,81,81,116,126,126,126,146,160,160,160,175,175,175],"floor_reached":51,"campfire_rested":3,"playtime":1081,"current_hp_per_floor":[79,79,80,80,80,80,85,85,85,85,85,87,87,89,89,58,89,79,80,67,67,59,55,82,82,82,70,93,93,93,93,93,64,93,92,92,92,76,76,26,28,57,57,75,92,79,79,78,105,47],"items_purged":["Strike_R","Strike_R"],"gold":175,"score":569,"play_id":"9913ab61-ca8d-4efc-ab4b-640362384c6c","is_prod":false,"is_daily":false,"is_ascension_mode":false,"campfire_upgraded":6,"path_taken":["M","?","?","M","$","R","?","?","T","R","?","?","R","M","R","BOSS","M","M","?","$","?","?","R","$","T","M","?","?","R","M","R","BOSS","M","$","?","?","?","E","M","R","T","M","?","?","?","M","R","BOSS"],"build_version":"2018-02-22-PROD2","purchased_purges":2,"victory":true,"master_deck":["Defend_R","Defend_R","Defend_R","Bash+1","Inflame+1","Clash+1","Thunderclap","Apotheosis+1","Bludgeon","Inflame+1","Whirlwind","Double Tap+1","Dropkick","Reaper","Limit Break","Inflame","Pommel Strike","Madness","Madness"],"max_hp_per_floor":[80,80,80,80,80,80,85,85,85,85,85,87,87,89,89,89,89,91,91,91,91,91,91,91,91,91,93,93,93,93,93,93,93,93,95,95,95,95,95,97,99,99,99,101,103,103,103,105,105,105],"relics":["Burning Blood","Singing Bowl","Sozu","Champion Belt","Black Star","Bottled Lightning","Bottled Tornado","Charon\u0027s Ashes"],"card_choices":[{"not_picked":["Infernal Blade","Spot Weakness"],"picked":"Inflame"},{"not_picked":["Iron Wave","Armaments"],"picked":"Clash"},{"not_picked":["Shockwave","Sword Boomerang"],"picked":"Thunderclap"},{"not_picked":["Berserk","Fiend Fire"],"picked":"Bludgeon"},{"not_picked":["Thunderclap","Wild Strike"],"picked":"Inflame"},{"not_picked":["Heavy Blade","Bloodletting"],"picked":"Whirlwind"},{"not_picked":["Perfected Strike","Headbutt"],"picked":"Dropkick"},{"not_picked":["Combust","Perfected Strike"],"picked":"Reaper"},{"not_picked":["Fiend Fire","Bludgeon"],"picked":"Limit Break"},{"not_picked":["Iron Wave","Havoc"],"picked":"Inflame"}],"player_experience":351359,"potions_floor_usage":[],"damage_taken":[{"damage":7.0,"enemies":"2 Louse","floor":1.0,"turns":3.0},{"damage":2.0,"enemies":"Small Slimes","floor":3.0,"turns":3.0},{"damage":1.0,"enemies":"Cultist","floor":4.0,"turns":3.0},{"damage":4.0,"enemies":"Looter","floor":12.0,"turns":3.0},{"damage":0.0,"enemies":"Large Slime","floor":14.0,"turns":5.0},{"damage":37.0,"enemies":"The Guardian","floor":16.0,"turns":9.0},{"damage":18.0,"enemies":"Chosen","floor":18.0,"turns":3.0},{"damage":5.0,"enemies":"Spheric Guardian","floor":19.0,"turns":3.0},{"damage":19.0,"enemies":"Chosen and Byrds","floor":20.0,"turns":6.0},{"damage":19.0,"enemies":"Centurion and Healer","floor":23.0,"turns":4.0},{"damage":20.0,"enemies":"Snake Plant","floor":27.0,"turns":3.0},{"damage":0.0,"enemies":"Snecko","floor":31.0,"turns":3.0},{"damage":44.0,"enemies":"Automaton","floor":33.0,"turns":8.0},{"damage":9.0,"enemies":"3 Shapes","floor":35.0,"turns":4.0},{"damage":25.0,"enemies":"3 Darklings","floor":38.0,"turns":3.0},{"damage":86.0,"enemies":"2 Orb Walkers","floor":40.0,"turns":5.0},{"damage":40.0,"enemies":"4 Shapes","floor":41.0,"turns":5.0},{"damage":15.0,"enemies":"Maw","floor":44.0,"turns":5.0},{"damage":24.0,"enemies":"3 Darklings","floor":45.0,"turns":3.0},{"damage":37.0,"enemies":"Sphere and 2 Shapes","floor":48.0,"turns":4.0},{"damage":124,"enemies":"Donu and Deca","floor":50,"turns":6}],"event_choices":[{"event_name":"Living Wall","player_choice":"Forget","floor":2.0,"damage_taken":0.0},{"event_name":"Big Fish","player_choice":"Donut","floor":7.0,"damage_taken":0.0},{"event_name":"Purifier","player_choice":"One Purge","floor":11.0,"damage_taken":0.0},{"event_name":"Knowing Skull","player_choice":"","floor":22.0,"damage_taken":0.0},{"event_name":"The Library","player_choice":"Heal","floor":28.0,"damage_taken":0.0},{"event_name":"The Lab","player_choice":"Got Potions","floor":29.0,"damage_taken":0.0},{"event_name":"Mysterious Sphere","player_choice":"Ignore","floor":37.0,"damage_taken":0.0},{"event_name":"Transmorgrifier","player_choice":"Transform","floor":39.0,"damage_taken":0.0},{"event_name":"Winding Halls","player_choice":"Embrace Madness","floor":46.0,"damage_taken":0.0}],"boss_relics":[],"potions_floor_spawned":[1,3,14,19,20,27,38,44,48],"seed_played":"7019841855434488306","ascension_level":0,"is_trial":false}