{"gold_per_floor":[119,119,194,213,27,27,53,72,72,72,103,103,103,117,117,189,189,205,205,205,57,73,107,135,155,208,208,237,257,286,296,296,373,373,392,402,118,132,146,146,163,163,163,14,236,256,256],"floor_reached":47,"playtime":3566,"items_purged":["Regret","Pain"],"score":842,"play_id":"adf7c3bd-4154-4a07-81a9-c26233d81455","local_time":"20190813191259","is_ascension_mode":true,"campfire_choices":[{"data":"Body Slam","floor":6,"key":"SMITH"},{"data":"Infernal Blade","floor":12,"key":"SMITH"},{"data":"Intimidate","floor":15,"key":"SMITH"},{"floor":27,"key":"REST"},{"floor":32,"key":"REST"},{"data":"Warcry","floor":40,"key":"SMITH"},{"data":"Immolate","floor":42,"key":"SMITH"}],"neow_cost":"NONE","seed_source_timestamp":3274419828909,"circlet_count":0,"master_deck":["AscendersBane","Strike_R","Strike_R","Strike_R","Defend_R","Defend_R","Defend_R","Bash","Double Tap+1","Body Slam+1","Anger","Power Through","Flame Barrier","Intimidate+1","Infernal Blade+1","Dual Wield","Immolate+1","Brutality","Sentinel","Inflame","Infernal Blade","Armaments+1","Spot Weakness","Inflame","Warcry+1","Reaper","Fire Breathing","Rupture","Metallicize+1","Havoc+1","Parasite","Shockwave"],"relics":["Burning Blood","Dead Branch","Art of War","Calipers","Juzu Bracelet","Mark of Pain","WarpedTongs","Mummified Hand","Red Mask","Bag of Preparation","Darkstone Periapt","Gremlin Horn","White Beast Statue","Strange Spoon","Meat on the Bone","Vajra"],"potions_floor_usage":[7,7,8,16,22,23,23,29,29,33,33,36,38,39,41,47,47],"damage_taken":[{"damage":3,"enemies":"Small Slimes","floor":1,"turns":5},{"damage":11,"enemies":"Jaw Worm","floor":4,"turns":4},{"damage":38,"enemies":"3 Sentries","floor":7,"turns":7},{"damage":0,"enemies":"2 Louse","floor":8,"turns":1},{"damage":26,"enemies":"Lagavulin","floor":11,"turns":8},{"damage":0,"enemies":"Exordium Thugs","floor":14,"turns":3},{"damage":3,"enemies":"Hexaghost","floor":16,"turns":7},{"damage":11,"enemies":"2 Thieves","floor":18,"turns":2},{"damage":1,"enemies":"3 Byrds","floor":22,"turns":3},{"damage":13,"enemies":"Slavers","floor":23,"turns":4},{"damage":26,"enemies":"Masked Bandits","floor":24,"turns":4},{"damage":18,"enemies":"Snecko","floor":25,"turns":4},{"damage":38,"enemies":"Gremlin Leader","floor":28,"turns":5},{"damage":9,"enemies":"Centurion and Healer","floor":29,"turns":4},{"damage":5,"enemies":"Book of Stabbing","floor":30,"turns":4},{"damage":0,"enemies":"Snake Plant","floor":31,"turns":3},{"damage":34,"enemies":"Collector","floor":33,"turns":7},{"damage":1,"enemies":"3 Shapes","floor":35,"turns":1},{"damage":7,"enemies":"Orb Walker","floor":36,"turns":2},{"damage":2,"enemies":"Sphere and 2 Shapes","floor":38,"turns":3},{"damage":35,"enemies":"Maw","floor":39,"turns":7},{"damage":27,"enemies":"Spire Growth","floor":41,"turns":4},{"damage":37,"enemies":"Writhing Mass","floor":46,"turns":6},{"damage":56,"enemies":"Transient","floor":47,"turns":3}],"seed_played":"6545325646435135690","potions_obtained":[{"floor":4,"key":"LiquidBronze"},{"floor":7,"key":"Fire Potion"},{"floor":11,"key":"Strength Potion"},{"floor":14,"key":"SpeedPotion"},{"floor":16,"key":"Swift Potion"},{"floor":22,"key":"SkillPotion"},{"floor":24,"key":"Ancient Potion"},{"floor":28,"key":"Regen Potion"},{"floor":30,"key":"EssenceOfSteel"},{"floor":31,"key":"Block Potion"},{"floor":33,"key":"Fire Potion"},{"floor":35,"key":"Poison Potion"},{"floor":36,"key":"PowerPotion"},{"floor":38,"key":"AttackPotion"},{"floor":39,"key":"AttackPotion"},{"floor":41,"key":"SteroidPotion"},{"floor":46,"key":"FearPotion"}],"is_trial":false,"path_per_floor":["M","?","?","M","$","R","E","M","T","?","E","R","?","M","R","B",null,"M","?","?","$","M","E","?","M","T","R","E","M","E","M","R","B",null,"M","M","$","M","M","R","M","R","T","$","?","M","M"],"character_chosen":"IRONCLAD","items_purchased":["Power Through","Regen Potion","PowerPotion","Strange Spoon","Rupture","Vajra"],"campfire_rested":2,"item_purchase_floors":[5,5,21,37,37,44],"current_hp_per_floor":[71,71,60,55,55,55,38,44,44,44,24,24,24,30,30,33,65,60,60,60,60,65,58,38,26,26,48,16,25,26,32,54,26,63,72,74,74,75,52,52,38,38,38,38,38,33,0],"gold":256,"neow_bonus":"ONE_RANDOM_RARE_CARD","is_prod":false,"is_daily":false,"chose_seed":false,"campfire_upgraded":5,"win_rate":0,"timestamp":1565748779,"path_taken":["M","?","?","M","$","R","E","M","T","?","E","R","?","M","R","BOSS","M","?","?","$","M","E","?","M","T","R","E","M","E","M","R","BOSS","M","M","$","M","M","R","M","R","T","$","?","M","M"],"build_version":"2019-07-17","purchased_purges":2,"victory":false,"max_hp_per_floor":[75,75,75,75,75,75,75,75,75,75,75,75,75,75,75,75,75,75,75,75,75,75,75,75,75,75,75,75,75,75,75,75,75,75,75,75,75,75,75,75,75,75,75,75,75,81,81],"card_choices":[{"not_picked":["Sword Boomerang","Clothesline"],"picked":"Body Slam","floor":1},{"not_picked":["Clash","Cleave"],"picked":"Anger","floor":4},{"not_picked":["Juggernaut","Armaments"],"picked":"Flame Barrier","floor":7},{"not_picked":["Perfected Strike","Anger"],"picked":"Intimidate","floor":8},{"not_picked":["Heavy Blade","Iron Wave"],"picked":"Infernal Blade","floor":11},{"not_picked":["Thunderclap","Clash"],"picked":"Dual Wield","floor":14},{"not_picked":["Bludgeon","Double Tap"],"picked":"Immolate","floor":16},{"not_picked":["Anger","Wild Strike","Thunderclap"],"picked":"SKIP","floor":18},{"not_picked":["Flex+1","Rage"],"picked":"Inflame","floor":22},{"not_picked":["Thunderclap","Sword Boomerang","Pommel Strike"],"picked":"SKIP","floor":23},{"not_picked":["Sword Boomerang","Twin Strike"],"picked":"Infernal Blade","floor":24},{"not_picked":["Clothesline","Clash"],"picked":"Armaments+1","floor":25},{"not_picked":["Offering","Perfected Strike"],"picked":"Spot Weakness","floor":28},{"not_picked":["Infernal Blade","Headbutt","Thunderclap"],"picked":"SKIP","floor":29},{"not_picked":["Dropkick","Shrug It Off"],"picked":"Inflame","floor":30},{"not_picked":["Combust","Twin Strike+1"],"picked":"Warcry","floor":31},{"not_picked":["Dark Embrace","Berserk"],"picked":"Reaper","floor":33},{"not_picked":["Armaments","Uppercut","Twin Strike+1"],"picked":"SKIP","floor":35},{"not_picked":["Shrug It Off","Metallicize"],"picked":"Fire Breathing","floor":36},{"not_picked":["Twin Strike","Pommel Strike+1"],"picked":"Metallicize+1","floor":38},{"not_picked":["Clash","Carnage+1"],"picked":"Havoc+1","floor":39},{"not_picked":["Power Through","Sever Soul","Flame Barrier"],"picked":"SKIP","floor":41},{"not_picked":["Clash","Flex"],"picked":"Shockwave","floor":46}],"player_experience":581481,"relics_obtained":[{"floor":7,"key":"Art of War"},{"floor":9,"key":"Calipers"},{"floor":11,"key":"Juzu Bracelet"},{"floor":23,"key":"Mummified Hand"},{"floor":24,"key":"Red Mask"},{"floor":26,"key":"Bag of Preparation"},{"floor":28,"key":"Darkstone Periapt"},{"floor":30,"key":"Gremlin Horn"},{"floor":43,"key":"Meat on the Bone"}],"event_choices":[{"damage_healed":0,"gold_gain":0,"player_choice":"Box","damage_taken":0,"relics_obtained":["Dead Branch"],"max_hp_gain":0,"max_hp_loss":0,"event_name":"Big Fish","floor":2,"gold_loss":0,"cards_obtained":["Regret"]},{"damage_healed":0,"gold_gain":75,"player_choice":"Gather Gold","damage_taken":11,"max_hp_gain":0,"max_hp_loss":0,"event_name":"World of Goop","floor":3,"gold_loss":0},{"cards_removed":["Strike_R"],"damage_healed":0,"gold_gain":0,"player_choice":"Purged","damage_taken":0,"max_hp_gain":0,"max_hp_loss":0,"event_name":"Purifier","floor":10,"gold_loss":0},{"damage_healed":0,"gold_gain":0,"player_choice":"Grow","damage_taken":0,"max_hp_gain":0,"max_hp_loss":0,"event_name":"Living Wall","floor":13,"gold_loss":0,"cards_upgraded":["Double Tap"]},{"damage_healed":0,"gold_gain":0,"cards_transformed":["Strike_R","Defend_R"],"player_choice":"Became Test Subject","damage_taken":0,"max_hp_gain":0,"max_hp_loss":0,"event_name":"Drug Dealer","floor":19,"gold_loss":0,"cards_obtained":["Brutality","Sentinel"]},{"damage_healed":0,"gold_gain":0,"player_choice":"Rummage","damage_taken":0,"relics_obtained":["WarpedTongs"],"max_hp_gain":0,"max_hp_loss":0,"event_name":"Accursed Blacksmith","floor":20,"gold_loss":0,"cards_obtained":["Pain"]},{"damage_healed":0,"gold_gain":0,"player_choice":"Fought Bandits","damage_taken":0,"max_hp_gain":0,"max_hp_loss":0,"event_name":"Masked Bandits","floor":24,"gold_loss":0},{"damage_healed":0,"gold_gain":222,"player_choice":"Wore Mask","damage_taken":0,"max_hp_gain":0,"max_hp_loss":0,"event_name":"Tomb of Lord Red Mask","floor":45,"gold_loss":0}],"is_beta":false,"boss_relics":[{"not_picked":["Eternal Feather","Fusion Hammer"],"picked":"Mark of Pain"},{"not_picked":["Tiny House","Calling Bell"],"picked":"White Beast Statue"}],"items_purged_floors":[5,21],"is_endless":false,"potions_floor_spawned":[4,7,11,14,16,22,24,28,30,31,33,35,36,38,39,41,46],"killed_by":"Transient","ascension_level":14}