{"gold_per_floor":[117,134,134,59,75,150,163,195,195,195,195,95,95,95,95,198,198,211,86,103,103,103,103,103,136,136,136,147,147,163,178,178,280,280,291,306,156,156,176,176,188,188,188,201,201,214,214,227,227,227],"floor_reached":51,"playtime":3735,"items_purged":["Strike_B","Strike_B","Streamline+1","Defend_B"],"score":667,"play_id":"94041b9e-8c15-455c-9d71-02de953c48b4","local_time":"20181229123715","is_ascension_mode":false,"campfire_choices":[{"data":"Zap","floor":11.0,"key":"SMITH"},{"data":"Lockon","floor":13.0,"key":"SMITH"},{"data":"Defragment","floor":15.0,"key":"SMITH"},{"floor":23.0,"key":"REST"},{"data":"Leap","floor":24.0,"key":"SMITH"},{"floor":27.0,"key":"REST"},{"floor":32.0,"key":"REST"},{"floor":40.0,"key":"REST"},{"floor":42.0,"key":"REST"},{"data":"Echo Form","floor":49,"key":"SMITH"}],"neow_cost":"NONE","seed_source_timestamp":0,"circlet_count":0,"master_deck":["Zap+1","Lockon+1","Capacitor","Leap+1","Defragment+1","Electrodynamics","Ball Lightning+1","Rip and Tear+1","Reinforced Body+1","Echo Form+1","Coolheaded+1","Parasite","Leap+1","Coolheaded+1"],"special_seed":0,"relics":["Cracked Core","WingedGreaves","Bird Faced Urn","Astrolabe","Torii","Toxic Egg 2","Nilry\u0027s Codex","Inserter","Pantograph"],"potions_floor_usage":[50,50,50,50,50,50],"damage_taken":[{"damage":1.0,"enemies":"Cultist","floor":1.0,"turns":3.0},{"damage":0.0,"enemies":"Small Slimes","floor":2.0,"turns":2.0},{"damage":0.0,"enemies":"2 Louse","floor":5.0,"turns":2.0},{"damage":2.0,"enemies":"Blue Slaver","floor":7.0,"turns":3.0},{"damage":10.0,"enemies":"Gremlin Nob","floor":8.0,"turns":3.0},{"damage":17.0,"enemies":"The Guardian","floor":16.0,"turns":9.0},{"damage":5.0,"enemies":"3 Byrds","floor":18.0,"turns":2.0},{"damage":17.0,"enemies":"Shell Parasite","floor":20.0,"turns":4.0},{"damage":36.0,"enemies":"Gremlin Leader","floor":25.0,"turns":5.0},{"damage":21.0,"enemies":"Shelled Parasite and Fungi","floor":28.0,"turns":5.0},{"damage":1.0,"enemies":"Centurion and Healer","floor":30.0,"turns":5.0},{"damage":2.0,"enemies":"Chosen and Byrds","floor":31.0,"turns":4.0},{"damage":0.0,"enemies":"Collector","floor":33.0,"turns":6.0},{"damage":35.0,"enemies":"Orb Walker","floor":35.0,"turns":4.0},{"damage":18.0,"enemies":"3 Shapes","floor":36.0,"turns":2.0},{"damage":20.0,"enemies":"Writhing Mass","floor":39.0,"turns":5.0},{"damage":10.0,"enemies":"Maw","floor":41.0,"turns":9.0},{"damage":13,"enemies":"4 Shapes","floor":44,"turns":3},{"damage":16,"enemies":"Sphere and 2 Shapes","floor":46,"turns":4},{"damage":9,"enemies":"Transient","floor":48,"turns":5},{"damage":46,"enemies":"Time Eater","floor":50,"turns":26}],"seed_played":"5173446350615056393","potions_obtained":[{"floor":1.0,"key":"Dexterity Potion"},{"floor":3.0,"key":"Weak Potion"},{"floor":3.0,"key":"Explosive Potion"},{"floor":5.0,"key":"SpeedPotion"},{"floor":25.0,"key":"Dexterity Potion"},{"floor":28.0,"key":"GamblersBrew"},{"floor":30.0,"key":"Explosive Potion"},{"floor":41.0,"key":"Strength Potion"},{"floor":46,"key":"EntropicBrew"}],"is_trial":false,"path_per_floor":["M","M","?","$","M","?","M","E","T","?","R","$","R","$","R","B",null,"M","$","M","?","$","R","R","E","T","R","M","?","M","M","R","B",null,"M","M","$","?","M","R","M","R","T","M","?","M","?","M","R","B",null],"character_chosen":"DEFECT","items_purchased":[],"campfire_rested":5,"item_purchase_floors":[],"current_hp_per_floor":[74,74,74,74,74,63,61,51,51,51,51,51,51,51,51,38,75,72,72,59,45,45,69,69,39,39,63,46,30,37,39,63,71,80,53,39,39,39,25,49,47,71,71,62,62,52,52,45,45,38],"gold":227,"neow_bonus":"TRANSFORM_CARD","is_prod":false,"is_daily":false,"chose_seed":false,"campfire_upgraded":5,"win_rate":0,"timestamp":1546105035,"path_taken":["M","M","?","$","?","?","M","E","T","?","R","?","R","$","R","BOSS","M","$","?","?","$","R","R","E","T","R","M","?","M","M","R","BOSS","M","M","$","?","M","R","M","R","T","M","?","M","?","M","R","BOSS"],"build_version":"2018-12-20","purchased_purges":4,"victory":true,"max_hp_per_floor":[75,75,75,75,75,75,75,75,75,75,75,75,75,75,75,75,75,75,75,75,80,80,80,80,80,80,80,80,80,80,80,80,80,80,80,80,80,80,80,80,80,80,80,80,80,80,80,80,80,80],"card_choices":[{"not_picked":["Gash","Cold Snap"],"picked":"Capacitor","floor":1.0},{"not_picked":["Compile Driver","Steam","Reprogram"],"picked":"SKIP","floor":2.0},{"not_picked":["Aggregate","Compile Driver"],"picked":"Leap","floor":5.0},{"not_picked":["Lockon","Heatsinks"],"picked":"Defragment","floor":7.0},{"not_picked":["Conserve Battery","Sweeping Beam","Lockon"],"picked":"SKIP","floor":8.0},{"not_picked":["Multi-Cast","Hyperbeam"],"picked":"Electrodynamics","floor":16.0},{"not_picked":["Lockon+1","Stack","Undo"],"picked":"SKIP","floor":18.0},{"not_picked":["Streamline","Compile Driver","Hologram"],"picked":"SKIP","floor":20.0},{"not_picked":["Redo","Hologram+1","Go for the Eyes"],"picked":"SKIP","floor":25.0},{"not_picked":["Undo+1","Chaos+1"],"picked":"Reinforced Body+1","floor":28.0},{"not_picked":["Streamline","Hello World","Loop"],"picked":"SKIP","floor":30.0},{"not_picked":["Hello World+1","Coolheaded+1","Melter"],"picked":"SKIP","floor":31.0},{"not_picked":["Fission+1","Meteor Strike"],"picked":"Echo Form","floor":33.0},{"not_picked":["Beam Cell","Heatsinks+1"],"picked":"Coolheaded+1","floor":35.0},{"not_picked":["Cold Snap+1","Heatsinks","Rip and Tear+1"],"picked":"SKIP","floor":36.0},{"not_picked":["Heatsinks","Hologram+1"],"picked":"Leap+1","floor":39.0},{"not_picked":["Doom and Gloom","Go for the Eyes","Stack+1"],"picked":"SKIP","floor":41.0},{"not_picked":["Conserve Battery+1","Turbo+1","Multi-Cast+1"],"picked":"SKIP","floor":44},{"not_picked":["Hologram+1","Ball Lightning+1","Heatsinks"],"picked":"SKIP","floor":46},{"not_picked":["Gash","Streamline+1","Conserve Battery+1"],"picked":"SKIP","floor":48}],"player_experience":638734,"relics_obtained":[{"floor":8.0,"key":"WingedGreaves"},{"floor":9.0,"key":"Bird Faced Urn"},{"floor":25.0,"key":"Torii"},{"floor":26.0,"key":"Toxic Egg 2"},{"floor":29.0,"key":"Nilry\u0027s Codex"},{"floor":43.0,"key":"Pantograph"}],"event_choices":[{"damage_healed":0.0,"max_hp_gain":0.0,"max_hp_loss":0.0,"gold_gain":0.0,"event_name":"Lab","player_choice":"Got Potions","floor":3.0,"gold_loss":0.0,"damage_taken":0.0},{"damage_healed":0.0,"max_hp_gain":0.0,"max_hp_loss":0.0,"gold_gain":75.0,"event_name":"World of Goop","player_choice":"Gather Gold","floor":6.0,"gold_loss":0.0,"damage_taken":11.0},{"cards_removed":["Strike_B"],"damage_healed":0.0,"max_hp_gain":0.0,"max_hp_loss":0.0,"gold_gain":0.0,"event_name":"Living Wall","player_choice":"Forget","floor":10.0,"gold_loss":0.0,"damage_taken":0.0},{"damage_healed":0.0,"max_hp_gain":5.0,"max_hp_loss":0.0,"gold_gain":0.0,"event_name":"Forgotten Altar","player_choice":"Shed Blood","floor":21.0,"gold_loss":0.0,"damage_taken":19.0},{"damage_healed":0.0,"max_hp_gain":0.0,"max_hp_loss":0.0,"gold_gain":0.0,"event_name":"Cursed Tome","player_choice":"Obtained Book","floor":29.0,"gold_loss":0.0,"damage_taken":16.0},{"damage_healed":0.0,"max_hp_gain":0.0,"max_hp_loss":0.0,"gold_gain":0.0,"event_name":"The Moai Head","player_choice":"Ignored","floor":38.0,"gold_loss":0.0,"damage_taken":0.0},{"cards_removed":["Defend_B"],"damage_healed":0,"gold_gain":0,"player_choice":"Removed Skill","damage_taken":0,"max_hp_gain":0,"max_hp_loss":0,"event_name":"Falling","floor":45,"gold_loss":0},{"damage_healed":0,"gold_gain":0,"player_choice":"Copied","damage_taken":0,"max_hp_gain":0,"max_hp_loss":0,"event_name":"Duplicator","floor":47,"gold_loss":0,"cards_obtained":["Coolheaded"]}],"is_beta":false,"boss_relics":[{"not_picked":["Ectoplasm","Empty Cage"],"picked":"Astrolabe"},{"not_picked":["Tiny House","Runic Dome"],"picked":"Inserter"}],"items_purged_floors":[4,12,19,37],"is_endless":false,"potions_floor_spawned":[1,5,7,25,28,30,41,46,48],"ascension_level":0}