{"gold_per_floor":[117,42,42,54,70,70,70,70,94,113,63,91,102,6,6,105,105,124,124,44,44,59,59,75,75,99,111,136,153,153,185,185,285,285,296,313,30,47,66,100,100,118,145,497,497,20,20,35,35,35],"floor_reached":51,"playtime":4225,"items_purged":["Strike_R","Strike_R","Strike_R","Strike_R"],"score":1050,"play_id":"fba933d6-fbb2-4df4-a19d-27e43187d2a5","local_time":"20180928171203","is_ascension_mode":true,"campfire_choices":[{"data":"Uppercut","floor":6.0,"key":"SMITH"},{"data":"Heavy Blade","floor":8.0,"key":"SMITH"},{"data":"Whirlwind","floor":15.0,"key":"SMITH"},{"floor":23.0,"key":"REST"},{"floor":25.0,"key":"REST"},{"floor":30.0,"key":"REST"},{"floor":32.0,"key":"REST"},{"floor":41,"key":"REST"},{"floor":49,"key":"REST"}],"neow_cost":"NONE","seed_source_timestamp":0,"circlet_count":0,"master_deck":["Defend_R","Defend_R","Defend_R","Defend_R","Seeing Red","Heavy Blade+1","Uppercut+1","Shockwave","Feed","Entrench","Whirlwind+1","Flex","Barricade","Ghostly Armor","Body Slam","Shrug It Off+1","Warcry+1","Limit Break","Armaments+1","Battle Trance","Exhume","Feel No Pain+1"],"special_seed":0,"relics":["Burning Blood","WarpedTongs","Boot","The Courier","Fusion Hammer","Centennial Puzzle","Dead Branch","Strawberry","Velvet Choker","Oddly Smooth Stone","Sundial","Smiling Mask","Old Coin","Mummified Hand","TheAbacus"],"potions_floor_usage":[38,39,39,40,48,50,50,50],"damage_taken":[{"damage":7.0,"enemies":"Jaw Worm","floor":1.0,"turns":3.0},{"damage":1.0,"enemies":"Cultist","floor":4.0,"turns":2.0},{"damage":2.0,"enemies":"2 Louse","floor":5.0,"turns":3.0},{"damage":6.0,"enemies":"Blue Slaver","floor":10.0,"turns":3.0},{"damage":17.0,"enemies":"Gremlin Nob","floor":12.0,"turns":4.0},{"damage":6.0,"enemies":"2 Fungi Beasts","floor":13.0,"turns":4.0},{"damage":24.0,"enemies":"The Guardian","floor":16.0,"turns":12.0},{"damage":17.0,"enemies":"Shell Parasite","floor":18.0,"turns":5.0},{"damage":23.0,"enemies":"Spheric Guardian","floor":22.0,"turns":4.0},{"damage":16.0,"enemies":"Centurion and Healer","floor":24.0,"turns":2.0},{"damage":5.0,"enemies":"Snecko","floor":27.0,"turns":3.0},{"damage":30.0,"enemies":"Gremlin Leader","floor":28.0,"turns":5.0},{"damage":4.0,"enemies":"3 Cultists","floor":29.0,"turns":7.0},{"damage":17.0,"enemies":"Slavers","floor":31.0,"turns":3.0},{"damage":37.0,"enemies":"Champ","floor":33.0,"turns":8.0},{"damage":11.0,"enemies":"3 Shapes","floor":35.0,"turns":2.0},{"damage":9.0,"enemies":"Orb Walker","floor":36.0,"turns":3.0},{"damage":27,"enemies":"Maw","floor":38,"turns":8},{"damage":31,"enemies":"Sphere and 2 Shapes","floor":39,"turns":6},{"damage":36,"enemies":"Nemesis","floor":40,"turns":5},{"damage":8,"enemies":"3 Darklings","floor":42,"turns":4},{"damage":11,"enemies":"Mysterious Sphere","floor":44,"turns":3},{"damage":9,"enemies":"Spire Growth","floor":48,"turns":7},{"damage":58,"enemies":"Awakened One","floor":50,"turns":9}],"seed_played":"-849695624596482798","potions_obtained":[{"floor":5.0,"key":"SteroidPotion"},{"floor":12.0,"key":"Weak Potion"},{"floor":16.0,"key":"BloodPotion"},{"floor":18.0,"key":"Explosive Potion"},{"floor":24.0,"key":"Energy Potion"},{"floor":28.0,"key":"Weak Potion"},{"floor":31.0,"key":"Strength Potion"},{"floor":33.0,"key":"LiquidBronze"},{"floor":36.0,"key":"Poison Potion"},{"floor":38,"key":"Explosive Potion"},{"floor":39,"key":"BloodPotion"},{"floor":44,"key":"BloodPotion"},{"floor":48,"key":"AttackPotion"}],"is_trial":false,"path_per_floor":["M","$","?","M","M","R","$","R","T","M","?","E","M","$","R","B",null,"M","?","$","?","M","R","M","R","T","M","E","M","R","E","R","B",null,"M","M","$","M","M","E","R","M","T","?","?","$","?","M","R","B"],"character_chosen":"IRONCLAD","items_purchased":["Whirlwind","Flex","Battle Trance","Oddly Smooth Stone","Mummified Hand","TheAbacus","Ancient Potion"],"campfire_rested":6,"item_purchase_floors":[14,14,37,37,46,46,46],"current_hp_per_floor":[71,71,71,76,80,80,80,80,80,80,80,69,72,72,72,54,76,69,52,52,52,35,62,52,79,79,83,59,64,93,89,105,82,99,97,94,94,83,62,43,76,74,74,72,72,72,72,80,114,62],"gold":35,"neow_bonus":"TRANSFORM_CARD","is_prod":false,"is_daily":false,"chose_seed":false,"campfire_upgraded":3,"win_rate":0,"timestamp":1538169123,"path_taken":["M","$","?","M","M","R","$","R","T","M","?","E","M","$","R","BOSS","M","?","$","?","?","R","M","R","T","?","E","M","R","E","R","BOSS","M","M","$","M","M","E","R","M","T","?","?","$","?","M","R","BOSS"],"build_version":"2018-09-27","purchased_purges":4,"victory":true,"max_hp_per_floor":[80,80,80,80,80,80,80,80,80,80,80,80,83,83,83,83,83,87,92,92,92,92,92,92,92,92,95,95,98,98,105,105,105,105,108,108,108,108,112,112,112,112,112,115,115,115,115,115,115,115],"card_choices":[{"not_picked":["Clash","Hemokinesis"],"picked":"Heavy Blade","floor":1.0},{"not_picked":["Reckless Charge","Carnage"],"picked":"Uppercut","floor":4.0},{"not_picked":["Wild Strike","Seeing Red","Sword Boomerang"],"picked":"SKIP","floor":5.0},{"not_picked":["Sword Boomerang","Clash"],"picked":"Shockwave","floor":10.0},{"not_picked":["Iron Wave","Evolve"],"picked":"Feed","floor":12.0},{"not_picked":["Hemokinesis","Rupture"],"picked":"Entrench","floor":13.0},{"not_picked":["Fiend Fire","Impervious"],"picked":"Barricade","floor":16.0},{"not_picked":["Wild Strike+1","Thunderclap","Perfected Strike"],"picked":"SKIP","floor":18.0},{"not_picked":["Hemokinesis+1","Wild Strike"],"picked":"Ghostly Armor","floor":22.0},{"not_picked":["Iron Wave","Dual Wield+1"],"picked":"Body Slam","floor":24.0},{"not_picked":["Infernal Blade","Bloodletting"],"picked":"Shrug It Off+1","floor":27.0},{"not_picked":["Pommel Strike","Whirlwind"],"picked":"Warcry+1","floor":28.0},{"not_picked":["Barricade","Wild Strike+1","Twin Strike+1"],"picked":"SKIP","floor":29.0},{"not_picked":["True Grit","Warcry","Sword Boomerang"],"picked":"SKIP","floor":31.0},{"not_picked":["Immolate","Brutality"],"picked":"Limit Break","floor":33.0},{"not_picked":["Anger","Thunderclap"],"picked":"Armaments+1","floor":35.0},{"not_picked":["Evolve","Havoc","Armaments"],"picked":"SKIP","floor":36.0},{"not_picked":["Clothesline","Headbutt","Sever Soul+1"],"picked":"SKIP","floor":38},{"not_picked":["Anger","Intimidate","Dropkick+1"],"picked":"SKIP","floor":39},{"not_picked":["True Grit","Wild Strike"],"picked":"Exhume","floor":40},{"not_picked":["Flex+1","Pommel Strike","Dual Wield"],"picked":"SKIP","floor":42},{"not_picked":["Thunderclap","Wild Strike+1"],"picked":"Feel No Pain+1","floor":48}],"player_experience":417053,"relics_obtained":[{"floor":9.0,"key":"Boot"},{"floor":12.0,"key":"The Courier"},{"floor":26.0,"key":"Centennial Puzzle"},{"floor":28.0,"key":"Dead Branch"},{"floor":31.0,"key":"Strawberry"},{"floor":40,"key":"Sundial"},{"floor":43,"key":"Smiling Mask"},{"floor":44,"key":"Old Coin"}],"event_choices":[{"event_name":"Accursed Blacksmith","player_choice":"Rummage","floor":3.0,"damage_taken":0.0},{"event_name":"The Cleric","player_choice":"Card Removal","floor":11.0,"damage_taken":0.0},{"event_name":"Forgotten Altar","player_choice":"Shed Blood","floor":19.0,"damage_taken":0.0},{"event_name":"The Mausoleum","player_choice":"No","floor":21.0,"damage_taken":0.0},{"event_name":"Mysterious Sphere","player_choice":"Fight","floor":44,"damage_taken":0},{"event_name":"Tomb of Lord Red Mask","player_choice":"Ignored","floor":45,"damage_taken":0},{"event_name":"Falling","player_choice":"Removed Attack","floor":47,"damage_taken":0}],"is_beta":false,"boss_relics":[{"not_picked":["Runic Pyramid","Lizard Tail"],"picked":"Fusion Hammer"},{"not_picked":["White Beast Statue","Calling Bell"],"picked":"Velvet Choker"}],"items_purged_floors":[2,20,37,46],"is_endless":false,"potions_floor_spawned":[5,12,16,18,24,28,31,33,36,38,39,44,48],"ascension_level":6}