{"gold_per_floor":[114,1,1,12,12,12,44,44,89,89,116,145,94,114,114,210,210,222,239,259,159,176,176,176,190,190,204,204,204],"floor_reached":29,"playtime":1782,"items_purged":["Strike_G","Strike_G+1"],"score":387,"play_id":"c6cee47a-1505-4779-b1c7-aeb761609c30","local_time":"20190812203119","is_ascension_mode":true,"campfire_choices":[{"data":"Neutralize","floor":6,"key":"SMITH"},{"data":"Bouncing Flask","floor":8,"key":"SMITH"},{"data":"Heel Hook","floor":10,"key":"SMITH"},{"floor":15,"key":"REST"},{"floor":23,"key":"REST"},{"floor":28,"key":"REST"}],"neow_cost":"NONE","seed_source_timestamp":177555349350000,"circlet_count":0,"master_deck":["AscendersBane","Strike_G+1","Defend_G","Defend_G","Defend_G","Defend_G","Survivor","Neutralize+1","Heel Hook+1","Bouncing Flask+1","Outmaneuver","Flying Knee","Noxious Fumes","Backflip","Footwork","Burst","Deadly Poison+1","Bouncing Flask","Calculated Gamble","Well Laid Plans+1"],"relics":["Ring of the Snake","NeowsBlessing","Blood Vial","Whetstone","Boot","Vajra","Empty Cage","Blue Candle"],"potions_floor_usage":[22,25,25,25],"damage_taken":[{"damage":0,"enemies":"Cultist","floor":1,"turns":1},{"damage":0,"enemies":"2 Louse","floor":4,"turns":1},{"damage":0,"enemies":"Gremlin Nob","floor":7,"turns":1},{"damage":34,"enemies":"3 Sentries","floor":12,"turns":9},{"damage":2,"enemies":"Jaw Worm","floor":14,"turns":3},{"damage":12,"enemies":"Hexaghost","floor":16,"turns":9},{"damage":14,"enemies":"3 Byrds","floor":18,"turns":6},{"damage":18,"enemies":"Shell Parasite","floor":19,"turns":5},{"damage":24,"enemies":"Cultist and Chosen","floor":20,"turns":8},{"damage":8,"enemies":"Snake Plant","floor":22,"turns":5},{"damage":10,"enemies":"Centurion and Healer","floor":25,"turns":6},{"damage":23,"enemies":"Sentry and Sphere","floor":27,"turns":7},{"damage":62,"enemies":"Gremlin Leader","floor":29,"turns":5}],"seed_played":"-5624115687156111084","potions_obtained":[{"floor":12,"key":"Strength Potion"},{"floor":16,"key":"GhostInAJar"},{"floor":20,"key":"Weak Potion"},{"floor":22,"key":"Regen Potion"}],"is_trial":false,"path_per_floor":["M","$","?","M","?","R","E","R","T","R","T","E","$","M","R","B",null,"M","M","M","$","M","R","?","M","T","M","R","E"],"character_chosen":"THE_SILENT","items_purchased":["Bouncing Flask","Backflip"],"campfire_rested":3,"item_purchase_floors":[2,13],"current_hp_per_floor":[63,63,63,63,63,63,63,63,63,63,63,31,31,31,52,42,63,51,35,13,13,7,28,51,58,58,37,58,0],"gold":204,"neow_bonus":"THREE_ENEMY_KILL","is_prod":false,"is_daily":false,"chose_seed":false,"campfire_upgraded":3,"win_rate":0,"timestamp":1565667079,"path_taken":["M","$","?","?","?","R","E","R","T","R","?","E","?","M","R","BOSS","M","?","M","$","M","R","?","M","T","M","R","E"],"build_version":"2019-07-17","purchased_purges":2,"victory":false,"max_hp_per_floor":[70,70,70,70,70,70,70,70,70,70,70,70,70,70,70,70,70,70,70,70,70,70,70,70,70,70,70,70,70],"card_choices":[{"not_picked":["Deflect","Infinite Blades"],"picked":"Heel Hook","floor":1},{"not_picked":["Prepared","Eviscerate"],"picked":"Outmaneuver","floor":4},{"not_picked":["Dagger Spray","Bouncing Flask"],"picked":"Flying Knee","floor":7},{"not_picked":["Slice","Well Laid Plans"],"picked":"Noxious Fumes","floor":12},{"not_picked":["Deflect","Dodge and Roll"],"picked":"Footwork","floor":14},{"not_picked":["Glass Knife","Die Die Die"],"picked":"Burst","floor":16},{"not_picked":["Blade Dance","Flechettes","Eviscerate+1"],"picked":"SKIP","floor":18},{"not_picked":["Poisoned Stab","Sucker Punch+1"],"picked":"Deadly Poison+1","floor":19},{"not_picked":["Dagger Throw+1","Infinite Blades"],"picked":"Bouncing Flask","floor":20},{"not_picked":["Slice","Blade Dance","Underhanded Strike"],"picked":"SKIP","floor":22},{"not_picked":["Bane","Distraction"],"picked":"Calculated Gamble","floor":25},{"not_picked":["Dodge and Roll+1","Dash"],"picked":"Well Laid Plans+1","floor":27}],"player_experience":322211,"relics_obtained":[{"floor":7,"key":"Blood Vial"},{"floor":9,"key":"Whetstone"},{"floor":11,"key":"Boot"},{"floor":12,"key":"Vajra"},{"floor":26,"key":"Blue Candle"}],"event_choices":[{"cards_removed":["Defend_G"],"damage_healed":0,"gold_gain":0,"player_choice":"Offered Basic","damage_taken":0,"max_hp_gain":0,"max_hp_loss":0,"event_name":"Bonfire Elementals","floor":3,"gold_loss":0},{"damage_healed":0,"gold_gain":0,"player_choice":"Ignored","damage_taken":0,"max_hp_gain":0,"max_hp_loss":0,"event_name":"Liars Game","floor":5,"gold_loss":0},{"damage_healed":23,"gold_gain":0,"player_choice":"Heal","damage_taken":0,"max_hp_gain":0,"max_hp_loss":0,"event_name":"The Library","floor":24,"gold_loss":0}],"is_beta":false,"boss_relics":[{"not_picked":["Calling Bell","WristBlade"],"picked":"Empty Cage"}],"items_purged_floors":[2,21],"is_endless":false,"potions_floor_spawned":[12,16,20,22],"killed_by":"Gremlin Leader","ascension_level":10}