{"gold_per_floor":[117,127,127,137,137,172,196,46,46,84,84,107,131,149,149,275,275,300,225,2,22,47,47,47,47,121,121,152,152,152],"floor_reached":30,"playtime":1465,"items_purged":["Strike_R"],"score":351,"play_id":"43901c23-473d-4aa1-9e70-1fa04c8ca110","local_time":"20190811200025","is_ascension_mode":true,"campfire_choices":[{"floor":11,"key":"REST"},{"floor":15,"key":"REST"},{"floor":23,"key":"REST"},{"data":"Seeing Red","floor":25,"key":"SMITH"},{"data":"Battle Trance","floor":27,"key":"SMITH"}],"neow_cost":"NONE","seed_source_timestamp":89618521893100,"circlet_count":0,"master_deck":["Strike_R","Strike_R","Strike_R","Defend_R","Defend_R","Defend_R","Defend_R","Bash+1","Cleave","Havoc","Carnage","Whirlwind","Seeing Red+1","Double Tap","Pommel Strike","Demon Form","Feed","Anger","Battle Trance+1","Flex"],"relics":["Burning Blood","Strawberry","Golden Idol","Question Card","Regal Pillow","Charon\u0027s Ashes","Bird Faced Urn","Velvet Choker","Pen Nib","Dodecahedron","Art of War","Potion Belt"],"potions_floor_usage":[6,14,16,28,30],"damage_taken":[{"damage":11,"enemies":"Jaw Worm","floor":1,"turns":4},{"damage":1,"enemies":"Cultist","floor":2,"turns":3},{"damage":3,"enemies":"2 Louse","floor":4,"turns":3},{"damage":35,"enemies":"Lagavulin","floor":6,"turns":5},{"damage":22,"enemies":"Exordium Wildlife","floor":7,"turns":4},{"damage":25,"enemies":"3 Sentries","floor":10,"turns":5},{"damage":16,"enemies":"Exordium Thugs","floor":12,"turns":3},{"damage":0,"enemies":"3 Louse","floor":13,"turns":2},{"damage":18,"enemies":"Large Slime","floor":14,"turns":6},{"damage":64,"enemies":"The Guardian","floor":16,"turns":10},{"damage":22,"enemies":"Spheric Guardian","floor":18,"turns":4},{"damage":11,"enemies":"3 Byrds","floor":21,"turns":4},{"damage":33,"enemies":"Centurion and Healer","floor":22,"turns":5},{"damage":42,"enemies":"Slavers","floor":28,"turns":5},{"damage":57,"enemies":"Book of Stabbing","floor":30,"turns":4}],"seed_played":"-6103857300494824494","potions_obtained":[{"floor":2,"key":"FearPotion"},{"floor":12,"key":"Dexterity Potion"},{"floor":13,"key":"Block Potion"},{"floor":14,"key":"Block Potion"},{"floor":16,"key":"EssenceOfSteel"},{"floor":21,"key":"SpeedPotion"},{"floor":22,"key":"SteroidPotion"}],"is_trial":false,"path_per_floor":["M","M","?","M","?","E","M","$","T","E","R","M","M","M","R","B",null,"M","?","$","M","M","R","?","R","T","R","E","?","E"],"character_chosen":"IRONCLAD","items_purchased":["Regal Pillow","Pen Nib"],"campfire_rested":3,"item_purchase_floors":[8,20],"current_hp_per_floor":[74,79,79,82,81,52,36,36,36,17,56,46,52,40,79,23,67,53,53,53,53,26,66,84,84,84,84,51,51,0],"gold":152,"neow_bonus":"RANDOM_COMMON_RELIC","is_prod":false,"is_daily":false,"chose_seed":false,"campfire_upgraded":2,"win_rate":0,"timestamp":1565578825,"path_taken":["M","M","?","?","?","E","M","?","T","E","R","M","M","?","R","BOSS","M","?","$","M","M","R","?","R","T","R","E","?","E"],"build_version":"2019-07-17","purchased_purges":1,"victory":false,"max_hp_per_floor":[87,87,87,87,81,81,81,81,81,81,81,81,81,81,81,81,81,81,81,81,84,84,84,84,84,84,84,87,87,87],"card_choices":[{"not_picked":["Twin Strike","Perfected Strike"],"picked":"Cleave","floor":1},{"not_picked":["Iron Wave","Sever Soul"],"picked":"Havoc","floor":2},{"not_picked":["Warcry","Iron Wave"],"picked":"Carnage","floor":4},{"not_picked":["Flame Barrier","Sentinel"],"picked":"Whirlwind","floor":6},{"not_picked":["Iron Wave","Hemokinesis","Clothesline"],"picked":"Seeing Red","floor":7},{"not_picked":["Whirlwind","Exhume","Sword Boomerang"],"picked":"Double Tap","floor":10},{"not_picked":["Entrench","Perfected Strike","Heavy Blade","Whirlwind"],"picked":"SKIP","floor":12},{"not_picked":["Armaments","Havoc","Anger"],"picked":"Pommel Strike","floor":13},{"not_picked":["Sword Boomerang","Twin Strike","Headbutt"],"picked":"Demon Form","floor":14},{"not_picked":["Exhume","Fiend Fire","Berserk"],"picked":"Feed","floor":16},{"not_picked":["Clothesline","Flex","Second Wind+1"],"picked":"Anger","floor":18},{"not_picked":["Rupture","Pommel Strike","Armaments","Iron Wave"],"picked":"SKIP","floor":21},{"not_picked":["Infernal Blade","Immolate","Blood for Blood"],"picked":"Battle Trance","floor":22},{"not_picked":["Cleave","Clothesline","Iron Wave"],"picked":"Flex","floor":28}],"player_experience":303196,"relics_obtained":[{"floor":6,"key":"Question Card"},{"floor":9,"key":"Charon\u0027s Ashes"},{"floor":10,"key":"Bird Faced Urn"},{"floor":26,"key":"Dodecahedron"},{"floor":28,"key":"Art of War"}],"event_choices":[{"damage_healed":0,"gold_gain":0,"player_choice":"Upgraded","damage_taken":0,"max_hp_gain":0,"max_hp_loss":0,"event_name":"Upgrade Shrine","floor":3,"gold_loss":0,"cards_upgraded":["Bash"]},{"damage_healed":0,"gold_gain":0,"player_choice":"Lose Max HP","damage_taken":0,"relics_obtained":["Golden Idol"],"max_hp_gain":0,"max_hp_loss":6,"event_name":"Golden Idol","floor":5,"gold_loss":0},{"cards_removed":["Strike_R"],"damage_healed":0,"gold_gain":0,"player_choice":"Gave Gold","damage_taken":0,"max_hp_gain":0,"max_hp_loss":0,"event_name":"Beggar","floor":19,"gold_loss":75},{"damage_healed":28,"gold_gain":0,"player_choice":"Heal","damage_taken":0,"max_hp_gain":0,"max_hp_loss":0,"event_name":"The Library","floor":24,"gold_loss":0},{"damage_healed":0,"gold_gain":0,"player_choice":"Opened","damage_taken":0,"relics_obtained":["Potion Belt"],"max_hp_gain":0,"max_hp_loss":0,"event_name":"The Mausoleum","floor":29,"gold_loss":0}],"is_beta":false,"boss_relics":[{"not_picked":["Astrolabe","Fusion Hammer"],"picked":"Velvet Choker"}],"items_purged_floors":[20],"is_endless":false,"potions_floor_spawned":[2,12,13,14,16,21,22],"killed_by":"Book of Stabbing","ascension_level":7}