{"gold_per_floor":[115,115,132,132,144,178,178,213,213,213],"floor_reached":10,"playtime":474,"items_purged":[],"score":125,"play_id":"2beeeca0-aa45-4749-8a74-65e4902164cf","local_time":"20181004193431","is_ascension_mode":true,"campfire_choices":[{"data":"Armaments","floor":7,"key":"SMITH"}],"neow_cost":"NONE","seed_source_timestamp":1997705872083953,"circlet_count":0,"master_deck":["Strike_R","Strike_R","Strike_R","Strike_R","Strike_R","Defend_R","Defend_R","Defend_R","Defend_R","Bash","AscendersBane","Twin Strike","Heavy Blade","Armaments+1","Offering","True Grit"],"special_seed":0,"relics":["Burning Blood","Bag of Marbles","Ornamental Fan","Paper Frog","PreservedInsect"],"potions_floor_usage":[6],"damage_taken":[{"damage":12.0,"enemies":"Small Slimes","floor":1.0,"turns":3.0},{"damage":6.0,"enemies":"Cultist","floor":3.0,"turns":3.0},{"damage":7.0,"enemies":"Jaw Worm","floor":5.0,"turns":3.0},{"damage":25,"enemies":"3 Sentries","floor":6,"turns":9},{"damage":48,"enemies":"Lagavulin","floor":8,"turns":8},{"damage":10,"enemies":"3 Louse","floor":10,"turns":2}],"seed_played":"2841874267691523525","potions_obtained":[{"floor":3.0,"key":"Block Potion"},{"floor":8,"key":"Dexterity Potion"}],"is_trial":false,"path_per_floor":["M","?","M","?","M","E","R","E","T"],"character_chosen":"IRONCLAD","items_purchased":[],"campfire_rested":0,"item_purchase_floors":[],"current_hp_per_floor":[74,74,74,71,70,51,51,9,9,0],"gold":213,"neow_bonus":"TEN_PERCENT_HP_BONUS","is_prod":false,"is_daily":false,"chose_seed":false,"campfire_upgraded":1,"win_rate":0,"timestamp":1538696071,"path_taken":["M","?","M","?","?","E","R","E","T","?"],"build_version":"2018-10-04","purchased_purges":0,"victory":false,"max_hp_per_floor":[88,88,88,88,88,88,88,88,88,88],"card_choices":[{"not_picked":["Warcry","Perfected Strike"],"picked":"Twin Strike","floor":1.0},{"not_picked":["Dual Wield","Sever Soul"],"picked":"Heavy Blade","floor":3.0},{"not_picked":["Flex","Anger"],"picked":"Armaments","floor":5.0},{"not_picked":["Bloodletting","Perfected Strike"],"picked":"Offering","floor":6},{"not_picked":["Anger","Rage"],"picked":"True Grit","floor":8}],"player_experience":448170,"relics_obtained":[{"floor":6,"key":"Ornamental Fan"},{"floor":8,"key":"Paper Frog"},{"floor":9,"key":"PreservedInsect"}],"event_choices":[{"event_name":"Liars Game","player_choice":"disagreed","floor":2.0,"damage_taken":0.0},{"event_name":"Scrap Ooze","player_choice":"success","floor":4.0,"damage_taken":3.0}],"is_beta":false,"boss_relics":[],"items_purged_floors":[],"is_endless":false,"potions_floor_spawned":[3,8],"killed_by":"3 Louse","ascension_level":13}