{"gold_per_floor":[109,109,109,8,8,8,47,24,94,94,113,113,138,190,190,311,311,327,426,460,39,39,66,77,88,112,112,37,56,74,74,74,173,173,190,16,16,116,116,116,129,129,129,129,129,147,158,170,170,170],"floor_reached":51,"playtime":2427,"items_purged":["Regret","Strike_R","Strike_R+1"],"score":736,"play_id":"de457596-d7c3-4f4b-91f6-71a038517e87","local_time":"20190805145120","is_ascension_mode":false,"campfire_choices":[{"data":"Bash","floor":6.0,"key":"SMITH"},{"data":"Rampage","floor":10.0,"key":"SMITH"},{"data":"Feed","floor":12.0,"key":"SMITH"},{"data":"True Grit","floor":15.0,"key":"SMITH"},{"floor":27.0,"key":"REST"},{"floor":32.0,"key":"REST"},{"floor":40,"key":"REST"},{"floor":49,"key":"REST"}],"neow_cost":"NONE","seed_source_timestamp":0,"circlet_count":0,"master_deck":["Strike_R+1","Defend_R","Defend_R","Defend_R","Bash+1","Thunderclap","Headbutt","Rampage+1","Shrug It Off","Feed+1","True Grit+1","Offering","Evolve","Shrug It Off","Warcry+1","Secret Technique","Secret Weapon","Headbutt"],"special_seed":0,"relics":["Burning Blood","Letter Opener","Bloody Idol","Bronze Scales","Mercury Hourglass","Anchor","Fusion Hammer","Red Mask","Unceasing Top","Meat on the Bone","Whetstone","Mark of Pain","StoneCalendar","Lantern"],"potions_floor_usage":[50,50,50],"damage_taken":[{"damage":3.0,"enemies":"Small Slimes","floor":1.0,"turns":3.0},{"damage":21.0,"enemies":"Lagavulin","floor":7.0,"turns":6.0},{"damage":5.0,"enemies":"2 Louse","floor":11.0,"turns":1.0},{"damage":1.0,"enemies":"Cultist","floor":13.0,"turns":4.0},{"damage":4.0,"enemies":"The Guardian","floor":16.0,"turns":8.0},{"damage":0.0,"enemies":"2 Thieves","floor":18.0,"turns":2.0},{"damage":21.0,"enemies":"Masked Bandits","floor":20.0,"turns":4.0},{"damage":11.0,"enemies":"Slavers","floor":23.0,"turns":5.0},{"damage":13.0,"enemies":"Shell Parasite","floor":24.0,"turns":4.0},{"damage":7.0,"enemies":"Centurion and Healer","floor":25.0,"turns":6.0},{"damage":18.0,"enemies":"Shelled Parasite and Fungi","floor":29.0,"turns":4.0},{"damage":6.0,"enemies":"Cultist and Chosen","floor":30.0,"turns":4.0},{"damage":84.0,"enemies":"Collector","floor":33.0,"turns":10.0},{"damage":9,"enemies":"3 Darklings","floor":35,"turns":4},{"damage":46,"enemies":"Mind Bloom Boss Battle","floor":38,"turns":5},{"damage":2,"enemies":"Orb Walker","floor":41,"turns":3},{"damage":18,"enemies":"3 Darklings","floor":46,"turns":3},{"damage":16,"enemies":"Writhing Mass","floor":47,"turns":5},{"damage":37,"enemies":"Spire Growth","floor":48,"turns":4},{"damage":77,"enemies":"Time Eater","floor":50,"turns":10}],"seed_played":"1036514266004501274","potions_obtained":[{"floor":0.0,"key":"Energy Potion"},{"floor":0.0,"key":"Fire Potion"},{"floor":0.0,"key":"EntropicBrew"},{"floor":7.0,"key":"Strength Potion"},{"floor":20.0,"key":"FairyPotion"},{"floor":30.0,"key":"Ancient Potion"},{"floor":33.0,"key":"EssenceOfSteel"},{"floor":48,"key":"BloodPotion"}],"is_trial":false,"path_per_floor":["M","?","?","$","?","R","E","$","T","R","M","R","M","T","R","B",null,"M","?","?","$","?","E","M","M","T","R","?","M","M","?","R","B",null,"M","$","?","?","$","R","M","$","T","?","?","M","M","M","R","B",null],"character_chosen":"IRONCLAD","items_purchased":["Headbutt","Shrug It Off","Unceasing Top","Shrug It Off","SpeedPotion"],"campfire_rested":4,"item_purchase_floors":[4,8,21,21,36],"current_hp_per_floor":[80,73,73,73,53,53,38,38,38,38,39,39,44,44,44,46,80,84,84,73,73,73,77,75,83,88,96,96,93,98,98,100,39,100,100,100,90,67,67,97,104,104,104,99,99,92,91,65,95,61],"gold":170,"neow_bonus":"THREE_SMALL_POTIONS","is_prod":false,"is_daily":false,"chose_seed":false,"campfire_upgraded":4,"win_rate":0,"timestamp":1565031080,"path_taken":["M","?","?","$","?","R","E","$","T","R","M","R","M","?","R","BOSS","M","?","?","$","?","E","M","?","T","R","?","M","M","?","R","BOSS","M","$","?","?","?","R","?","$","T","?","?","M","?","M","R","BOSS"],"build_version":"2019-07-17","purchased_purges":3,"victory":true,"max_hp_per_floor":[80,80,80,80,80,80,80,80,80,80,80,80,80,80,80,80,80,84,84,88,88,88,92,92,96,96,96,96,100,100,100,100,100,100,100,100,100,100,100,100,104,104,104,99,99,99,103,103,103,103],"card_choices":[{"not_picked":["Warcry","Clash"],"picked":"Thunderclap","floor":1.0},{"not_picked":["Twin Strike","Rupture"],"picked":"Rampage","floor":7.0},{"not_picked":["Pommel Strike","Entrench"],"picked":"Feed","floor":11.0},{"not_picked":["Hemokinesis","Wild Strike"],"picked":"True Grit","floor":13.0},{"not_picked":["Berserk","Dark Embrace"],"picked":"Offering","floor":16.0},{"not_picked":["Havoc","Clothesline","Body Slam+1"],"picked":"SKIP","floor":18.0},{"not_picked":["Infernal Blade","Intimidate"],"picked":"Evolve","floor":20.0},{"not_picked":["Flex","Perfected Strike+1","Clash+1"],"picked":"SKIP","floor":23.0},{"not_picked":["Thunderclap","Flex","Clothesline"],"picked":"SKIP","floor":24.0},{"not_picked":["Wild Strike","Burning Pact","Iron Wave+1"],"picked":"SKIP","floor":25.0},{"not_picked":["Reaper","Pommel Strike+1","Clothesline"],"picked":"SKIP","floor":29.0},{"not_picked":["Armaments","Flex","Twin Strike"],"picked":"SKIP","floor":30.0},{"not_picked":["Sword Boomerang+1","Perfected Strike"],"picked":"Warcry+1","floor":35},{"not_picked":["PanicButton","Impatience"],"picked":"Secret Technique","floor":37},{"not_picked":["Deep Breath","PanicButton"],"picked":"Secret Weapon","floor":37},{"not_picked":["Thunderclap","Wild Strike+1"],"picked":"Headbutt","floor":38},{"not_picked":["Feel No Pain+1","Entrench","Limit Break"],"picked":"SKIP","floor":41},{"not_picked":["Pummel","Body Slam","Spot Weakness+1"],"picked":"SKIP","floor":46},{"not_picked":["Thunderclap+1","Combust","Perfected Strike+1"],"picked":"SKIP","floor":47},{"not_picked":["Rupture+1","Twin Strike","Thunderclap"],"picked":"SKIP","floor":48}],"player_experience":949351,"relics_obtained":[{"floor":7.0,"key":"Bronze Scales"},{"floor":9.0,"key":"Mercury Hourglass"},{"floor":14.0,"key":"Anchor"},{"floor":20.0,"key":"Red Mask"},{"floor":23.0,"key":"Meat on the Bone"},{"floor":26.0,"key":"Whetstone"},{"floor":38,"key":"StoneCalendar"},{"floor":43,"key":"Lantern"}],"event_choices":[{"cards_removed":["Strike_R"],"damage_healed":0.0,"max_hp_gain":0.0,"max_hp_loss":0.0,"gold_gain":0.0,"event_name":"Golden Wing","player_choice":"Card Removal","floor":2.0,"gold_loss":0.0,"damage_taken":7.0},{"damage_healed":0.0,"max_hp_gain":0.0,"max_hp_loss":0.0,"gold_gain":0.0,"event_name":"Big Fish","player_choice":"Box","floor":3.0,"gold_loss":0.0,"damage_taken":0.0,"relics_obtained":["Letter Opener"],"cards_obtained":["Regret"]},{"damage_healed":0.0,"max_hp_gain":0.0,"max_hp_loss":0.0,"gold_gain":0.0,"event_name":"Golden Idol","player_choice":"Take Damage","floor":5.0,"gold_loss":0.0,"damage_taken":20.0,"relics_obtained":["Golden Idol"]},{"damage_healed":0.0,"max_hp_gain":0.0,"max_hp_loss":0.0,"gold_gain":99.0,"event_name":"Nest","player_choice":"Stole From Cult","floor":19.0,"gold_loss":0.0,"damage_taken":0.0},{"damage_healed":0.0,"max_hp_gain":0.0,"max_hp_loss":0.0,"gold_gain":0.0,"event_name":"Masked Bandits","player_choice":"Fought Bandits","floor":20.0,"gold_loss":0.0,"damage_taken":0.0},{"damage_healed":0.0,"max_hp_gain":0.0,"max_hp_loss":0.0,"gold_gain":0.0,"event_name":"Forgotten Altar","player_choice":"Gave Idol","floor":22.0,"relics_lost":["Golden Idol"],"gold_loss":0.0,"damage_taken":0.0,"relics_obtained":["Bloody Idol"]},{"cards_removed":["Strike_R"],"damage_healed":0.0,"max_hp_gain":0.0,"max_hp_loss":0.0,"gold_gain":0.0,"event_name":"Beggar","player_choice":"Gave Gold","floor":28.0,"gold_loss":75.0,"damage_taken":0.0},{"damage_healed":0.0,"max_hp_gain":0.0,"max_hp_loss":0.0,"gold_gain":0.0,"event_name":"Vampires","player_choice":"Ignored","floor":31.0,"gold_loss":0.0,"damage_taken":0.0},{"damage_healed":0,"gold_gain":0,"player_choice":"Memory 3","damage_taken":10,"max_hp_gain":0,"max_hp_loss":0,"event_name":"SensoryStone","floor":37,"gold_loss":0},{"damage_healed":0,"gold_gain":0,"player_choice":"Fight","damage_taken":0,"max_hp_gain":0,"max_hp_loss":0,"event_name":"MindBloom","floor":38,"gold_loss":0},{"damage_healed":0,"gold_gain":0,"player_choice":"Max HP","damage_taken":0,"max_hp_gain":0,"max_hp_loss":5,"event_name":"Winding Halls","floor":44,"gold_loss":0},{"cards_removed":["Defend_R"],"damage_healed":0,"gold_gain":0,"player_choice":"Removed Skill","damage_taken":0,"max_hp_gain":0,"max_hp_loss":0,"event_name":"Falling","floor":45,"gold_loss":0}],"is_beta":false,"boss_relics":[{"not_picked":["Orrery","Pandora\u0027s Box"],"picked":"Fusion Hammer"},{"not_picked":["Black Star","White Beast Statue"],"picked":"Mark of Pain"}],"items_purged_floors":[4,21,36],"is_endless":false,"potions_floor_spawned":[1,7,20,30,33,35,46,47,48],"ascension_level":0}