{"gold_per_floor":[209,209,228,228,228,228,252,291,291,291,30,68,68,81,81,205,205,229,245,344,3,3,3,42,42,42,54,102,239,272,298,310,446,521,549,561,96,0,0,0,38,63,86,111,152,175,199,214,214,214],"floor_reached":51,"playtime":3381,"items_purged":["Injury","Shame"],"score":1154,"play_id":"3c5dbad5-f985-4c58-b40c-4ea8619fdc46","local_time":"20190730194128","is_ascension_mode":true,"campfire_choices":[{"data":"Dualcast","floor":6,"key":"SMITH"},{"floor":10,"key":"REST"},{"floor":13,"key":"REST"},{"data":"Zap","floor":15,"key":"SMITH"},{"floor":23,"key":"REST"},{"data":"Buffer","floor":25,"key":"SMITH"},{"data":"Defragment","floor":32,"key":"SMITH"},{"data":"Mayhem","floor":40,"key":"SMITH"},{"data":"Double Energy","floor":49,"key":"SMITH"}],"neow_cost":"NONE","seed_source_timestamp":560106252832877,"circlet_count":0,"master_deck":["Strike_B","Strike_B","Strike_B","Defend_B","Defend_B","Defend_B","Defend_B","Zap+1","Dualcast+1","Ball Lightning","Sweeping Beam","Chill","Storm","Lockon","Steam","Buffer+1","Cold Snap+1","Storm","Capacitor","Barrage","Defragment+1","Storm","Seek+1","Go for the Eyes+1","Fusion+1","Madness","Madness","Electrodynamics","Mayhem+1","Double Energy+1","Redo+1"],"relics":["Cracked Core","Golden Idol","Mummified Hand","Ancient Tea Set","FossilizedHelix","Ornamental Fan","Odd Mushroom","Sozu","ClockworkSouvenir","Nilry\u0027s Codex","Unceasing Top","MawBank","Question Card","Meat on the Bone","Ice Cream","Bottled Tornado","Tiny House","Lantern","Strawberry","Red Mask","Vajra","Art of War","Bottled Lightning"],"potions_floor_usage":[8,16,16],"damage_taken":[{"damage":0,"enemies":"Small Slimes","floor":1,"turns":3},{"damage":8,"enemies":"2 Louse","floor":3,"turns":2},{"damage":7,"enemies":"Jaw Worm","floor":7,"turns":3},{"damage":28,"enemies":"Gremlin Nob","floor":8,"turns":4},{"damage":15,"enemies":"The Mushroom Lair","floor":12,"turns":3},{"damage":0,"enemies":"2 Fungi Beasts","floor":14,"turns":3},{"damage":25,"enemies":"Slime Boss","floor":16,"turns":9},{"damage":0,"enemies":"2 Thieves","floor":18,"turns":5},{"damage":0,"enemies":"Spheric Guardian","floor":19,"turns":4},{"damage":21,"enemies":"Book of Stabbing","floor":24,"turns":4},{"damage":0,"enemies":"Slavers","floor":28,"turns":6},{"damage":24,"enemies":"Colosseum Slavers","floor":29,"turns":3},{"damage":0,"enemies":"Colosseum Nobs","floor":29,"turns":5},{"damage":0,"enemies":"3 Cultists","floor":30,"turns":5},{"damage":0,"enemies":"Snecko","floor":31,"turns":5},{"damage":0,"enemies":"Collector","floor":33,"turns":7},{"damage":0,"enemies":"Orb Walker","floor":35,"turns":4},{"damage":0,"enemies":"Giant Head","floor":41,"turns":6},{"damage":0,"enemies":"3 Darklings","floor":42,"turns":3},{"damage":0,"enemies":"Sphere and 2 Shapes","floor":44,"turns":2},{"damage":0,"enemies":"Reptomancer","floor":45,"turns":3},{"damage":8,"enemies":"4 Shapes","floor":46,"turns":2},{"damage":0,"enemies":"Spire Growth","floor":47,"turns":3},{"damage":0,"enemies":"Sphere and 2 Shapes","floor":48,"turns":2},{"damage":59,"enemies":"Awakened One","floor":50,"turns":8}],"seed_played":"3454202119924253681","potions_obtained":[{"floor":3,"key":"Poison Potion"},{"floor":12,"key":"Swift Potion"},{"floor":14,"key":"Swift Potion"},{"floor":16,"key":"Energy Potion"}],"is_trial":false,"path_per_floor":["M","?","M","?","?","R","M","E","T","R","$","?","R","M","R","B",null,"M","M","?","$","?","R","E","R","T","?","E","?","M","M","R","B",null,"M","?","$","?","?","R","E","M","T","M","E","M","M","M","R","B",null],"character_chosen":"DEFECT","items_purchased":["Ornamental Fan","ClockworkSouvenir","Capacitor","Lantern","Electrodynamics","Strawberry"],"campfire_rested":3,"item_purchase_floors":[11,21,21,37,37,37],"current_hp_per_floor":[68,68,60,53,50,50,43,15,15,37,37,22,44,44,44,19,61,61,61,61,61,45,67,46,46,46,46,46,46,46,46,46,46,73,73,63,70,70,70,70,70,70,70,70,70,62,62,62,62,15],"gold":214,"neow_bonus":"HUNDRED_GOLD","is_prod":false,"is_daily":false,"chose_seed":false,"campfire_upgraded":6,"win_rate":0,"timestamp":1564540888,"path_taken":["M","?","M","?","?","R","M","E","T","R","$","?","R","M","R","BOSS","M","M","?","$","?","R","E","R","T","?","E","?","M","M","R","BOSS","M","?","$","?","?","R","E","M","T","M","E","M","M","M","R","BOSS"],"build_version":"2019-07-17","purchased_purges":2,"victory":true,"max_hp_per_floor":[75,75,75,75,75,75,75,75,75,75,75,75,75,75,75,75,75,75,75,75,75,75,75,75,75,75,75,75,75,75,75,75,75,80,80,80,87,87,87,87,87,87,87,87,87,87,87,87,87,87],"card_choices":[{"not_picked":["Streamline","Consume"],"picked":"Ball Lightning","floor":1},{"not_picked":["Steam","Streamline"],"picked":"Sweeping Beam","floor":3},{"not_picked":["Coolheaded","Hello World"],"picked":"Chill","floor":7},{"not_picked":["Chill","Leap"],"picked":"Storm","floor":8},{"not_picked":["Rip and Tear","Gash"],"picked":"Lockon","floor":12},{"not_picked":["Gash","Rebound"],"picked":"Steam","floor":14},{"not_picked":["Reboot","Fission"],"picked":"Buffer","floor":16},{"not_picked":["Steam Power","Sweeping Beam"],"picked":"Cold Snap+1","floor":18},{"not_picked":["Conserve Battery","Sweeping Beam"],"picked":"Storm","floor":19},{"not_picked":["Sweeping Beam","Turbo"],"picked":"Barrage","floor":24},{"not_picked":["Sunder+1","Melter","Cold Snap"],"picked":"Defragment","floor":28},{"not_picked":["Steam Power","Genetic Algorithm","Rebound"],"picked":"Storm","floor":30},{"not_picked":["Turbo","Scrape","Gash+1","Darkness"],"picked":"SKIP","floor":31},{"not_picked":["Reboot","Multi-Cast","Echo Form"],"picked":"Seek","floor":33},{"not_picked":["Conserve Battery","Blizzard+1","Leap"],"picked":"Go for the Eyes+1","floor":34},{"not_picked":["Capacitor","Steam+1","Leap"],"picked":"Fusion+1","floor":35},{"not_picked":["Trip","Secret Weapon","Discovery"],"picked":"Mayhem","floor":39},{"not_picked":["Rip and Tear+1","Compile Driver+1","Streamline","Darkness"],"picked":"SKIP","floor":41},{"not_picked":["Conserve Battery+1","Barrage+1","Lockon+1"],"picked":"Double Energy","floor":42},{"not_picked":["Capacitor","Compile Driver+1","Electrodynamics","Streamline"],"picked":"SKIP","floor":44},{"not_picked":["Steam Power","Force Field+1","FTL+1"],"picked":"Redo+1","floor":45},{"not_picked":["Gash","Compile Driver+1","Streamline","Beam Cell"],"picked":"SKIP","floor":46},{"not_picked":["Hyperbeam","Stack","Beam Cell+1","Genetic Algorithm+1"],"picked":"SKIP","floor":47},{"not_picked":["Reinforced Body+1","Coolheaded+1","Gash","Barrage"],"picked":"SKIP","floor":48}],"player_experience":425591,"relics_obtained":[{"floor":8,"key":"Ancient Tea Set"},{"floor":9,"key":"FossilizedHelix"},{"floor":12,"key":"Odd Mushroom"},{"floor":22,"key":"Nilry\u0027s Codex"},{"floor":24,"key":"Unceasing Top"},{"floor":26,"key":"MawBank"},{"floor":28,"key":"Meat on the Bone"},{"floor":29,"key":"Ice Cream"},{"floor":29,"key":"Bottled Tornado"},{"floor":41,"key":"Vajra"},{"floor":43,"key":"Art of War"},{"floor":45,"key":"Bottled Lightning"}],"event_choices":[{"damage_healed":0,"gold_gain":0,"player_choice":"Take Wound","damage_taken":0,"relics_obtained":["Golden Idol"],"max_hp_gain":0,"max_hp_loss":0,"event_name":"Golden Idol","floor":2,"gold_loss":0,"cards_obtained":["Injury"]},{"cards_removed":["Strike_B"],"damage_healed":0,"gold_gain":0,"player_choice":"Card Removal","damage_taken":7,"max_hp_gain":0,"max_hp_loss":0,"event_name":"Golden Wing","floor":4,"gold_loss":0},{"damage_healed":0,"gold_gain":0,"player_choice":"Success","damage_taken":3,"relics_obtained":["Mummified Hand"],"max_hp_gain":0,"max_hp_loss":0,"event_name":"Scrap Ooze","floor":5,"gold_loss":0},{"damage_healed":0,"gold_gain":0,"player_choice":"Fought Mushrooms","damage_taken":0,"max_hp_gain":0,"max_hp_loss":0,"event_name":"Mushrooms","floor":12,"gold_loss":0},{"damage_healed":0,"gold_gain":99,"player_choice":"Stole From Cult","damage_taken":0,"max_hp_gain":0,"max_hp_loss":0,"event_name":"Nest","floor":20,"gold_loss":0},{"damage_healed":0,"gold_gain":0,"player_choice":"Obtained Book","damage_taken":16,"max_hp_gain":0,"max_hp_loss":0,"event_name":"Cursed Tome","floor":22,"gold_loss":0},{"damage_healed":0,"gold_gain":0,"player_choice":"Stole Relic","damage_taken":0,"relics_obtained":["Question Card"],"max_hp_gain":0,"max_hp_loss":0,"event_name":"Addict","floor":27,"gold_loss":0,"cards_obtained":["Shame"]},{"damage_healed":0,"gold_gain":0,"player_choice":"Fight","damage_taken":0,"max_hp_gain":0,"max_hp_loss":0,"event_name":"Colosseum","floor":29,"gold_loss":0},{"damage_healed":0,"gold_gain":0,"player_choice":"Fought Nobs","damage_taken":0,"max_hp_gain":0,"max_hp_loss":0,"event_name":"Colosseum","floor":29,"gold_loss":0},{"damage_healed":0,"gold_gain":0,"player_choice":"Embrace Madness","damage_taken":10,"max_hp_gain":0,"max_hp_loss":0,"event_name":"Winding Halls","floor":36,"gold_loss":0,"cards_obtained":["Madness","Madness"]},{"damage_healed":0,"gold_gain":0,"player_choice":"Paid","damage_taken":0,"relics_obtained":["Red Mask"],"max_hp_gain":0,"max_hp_loss":0,"event_name":"Tomb of Lord Red Mask","floor":38,"gold_loss":96},{"damage_healed":0,"gold_gain":0,"player_choice":"Memory 1","damage_taken":0,"max_hp_gain":0,"max_hp_loss":0,"event_name":"SensoryStone","floor":39,"gold_loss":0}],"is_beta":false,"boss_relics":[{"not_picked":["Runic Dome","Calling Bell"],"picked":"Sozu"},{"not_picked":["Snecko Eye","Eternal Feather"],"picked":"Tiny House"}],"items_purged_floors":[21,37],"is_endless":false,"potions_floor_spawned":[3,12,14,16,18,19,28,33,41,44,46,47,48],"ascension_level":7}