{"gold_per_floor":[117,117,117,18,93,126,126,155,181,216,216,18,18,49,49,148,148,164,164,39,39,39,71,71,82,131,163,177,28,28,28,28,124,124,139,156,156,256,256,283,283,298,298,309,309,328,34,87,87,87],"floor_reached":50,"playtime":2661,"items_purged":["Regret","Strike_B","Writhe","Bite"],"score":949,"play_id":"91bc52d2-4d1e-4e01-9ab9-67815ec0dd78","local_time":"20190802191542","is_ascension_mode":true,"campfire_choices":[{"data":"1","floor":7,"key":"LIFT"},{"floor":11,"key":"REST"},{"data":"2","floor":13,"key":"LIFT"},{"data":"3","floor":15,"key":"LIFT"},{"data":"Biased Cognition","floor":24,"key":"SMITH"},{"data":"Heatsinks","floor":32,"key":"SMITH"},{"data":"Bite","floor":41,"key":"SMITH"},{"data":"Electrodynamics","floor":45,"key":"SMITH"},{"data":"Streamline","floor":49,"key":"SMITH"}],"neow_cost":"NONE","seed_source_timestamp":818494395311030,"circlet_count":0,"master_deck":["Defend_B+1","Defend_B+1","Defend_B+1","Defend_B+1","Zap+1","Dualcast+1","Gash","Ball Lightning","Streamline+1","Echo Form","Gash","Redo+1","Seek+1","Biased Cognition+1","Coolheaded+1","Undo+1","Steam+1","Heatsinks+1","Hologram+1","Bite+1","Bite","Bite","Electrodynamics+1","Sweeping Beam+1","Tempest+1","Storm+1","Steam+1"],"relics":["Cracked Core","NeowsBlessing","Girya","Oddly Smooth Stone","Regal Pillow","Emotion Chip","War Paint","Toxic Egg 2","Incense Burner","Coffee Dripper","Sundial","PreservedInsect","Pen Nib","Gremlin Horn","Busted Crown","Ice Cream","Mummified Hand","Bottled Lightning","Lantern","Prayer Wheel"],"potions_floor_usage":[16,18,23,23,23,27,33,33,33,40,50,50,50],"damage_taken":[{"damage":0,"enemies":"Small Slimes","floor":1,"turns":1},{"damage":0,"enemies":"Gremlin Nob","floor":6,"turns":1},{"damage":0,"enemies":"Lagavulin","floor":8,"turns":1},{"damage":16,"enemies":"Gremlin Nob","floor":10,"turns":3},{"damage":8,"enemies":"Lagavulin","floor":14,"turns":4},{"damage":18,"enemies":"The Guardian","floor":16,"turns":8},{"damage":11,"enemies":"Shell Parasite","floor":18,"turns":4},{"damage":41,"enemies":"Slavers","floor":23,"turns":4},{"damage":0,"enemies":"Spheric Guardian","floor":25,"turns":2},{"damage":0,"enemies":"Gremlin Leader","floor":27,"turns":5},{"damage":8,"enemies":"Snecko","floor":28,"turns":5},{"damage":0,"enemies":"Collector","floor":33,"turns":7},{"damage":0,"enemies":"3 Shapes","floor":35,"turns":3},{"damage":5,"enemies":"Orb Walker","floor":36,"turns":2},{"damage":0,"enemies":"Mind Bloom Boss Battle","floor":38,"turns":4},{"damage":0,"enemies":"Nemesis","floor":40,"turns":7},{"damage":0,"enemies":"Maw","floor":42,"turns":6},{"damage":0,"enemies":"Sphere and 2 Shapes","floor":44,"turns":2},{"damage":1,"enemies":"Writhing Mass","floor":46,"turns":2},{"damage":0,"enemies":"2 Orb Walkers","floor":48,"turns":2},{"damage":66,"enemies":"Awakened One","floor":50,"turns":7}],"seed_played":"4879657804048606025","potions_obtained":[{"floor":1,"key":"SteroidPotion"},{"floor":8,"key":"Swift Potion"},{"floor":14,"key":"PowerPotion"},{"floor":16,"key":"EssenceOfSteel"},{"floor":18,"key":"Ancient Potion"},{"floor":25,"key":"Regen Potion"},{"floor":28,"key":"Poison Potion"},{"floor":35,"key":"Poison Potion"},{"floor":38,"key":"GamblersBrew"},{"floor":42,"key":"AttackPotion"},{"floor":48,"key":"LiquidBronze"}],"is_trial":false,"path_per_floor":["M","?","?","$","?","E","R","E","T","E","R","$","R","E","R","B",null,"M","?","$","?","?","E","R","M","T","E","M","$","?","$","R","B",null,"M","M","?","?","?","E","R","M","T","M","R","M","$","?","R","B"],"character_chosen":"DEFECT","items_purchased":["Ball Lightning","Redo+1","FearPotion","Strength Potion","PowerPotion","Hologram+1","Lantern"],"campfire_rested":1,"item_purchase_floors":[4,12,12,29,29,29,47],"current_hp_per_floor":[68,68,56,56,45,45,45,45,45,29,66,66,66,58,58,40,66,55,55,55,55,55,14,14,14,14,28,20,20,20,20,20,34,48,52,49,49,51,51,52,52,52,52,52,52,51,51,52,52,0],"gold":87,"neow_bonus":"THREE_ENEMY_KILL","is_prod":false,"is_daily":false,"chose_seed":false,"campfire_upgraded":5,"win_rate":0,"timestamp":1564798542,"path_taken":["M","?","?","$","?","E","R","E","T","E","R","?","R","E","R","BOSS","M","?","$","?","?","E","R","M","T","E","M","$","?","?","R","BOSS","M","M","?","?","?","E","R","M","T","M","R","M","$","?","R","BOSS"],"build_version":"2019-07-17","purchased_purges":4,"victory":false,"max_hp_per_floor":[75,75,75,75,75,75,75,75,75,75,75,75,75,75,75,75,75,75,75,75,75,75,75,75,75,75,75,75,75,52,52,52,52,52,52,52,52,52,52,52,52,52,52,52,52,52,52,52,52,52],"card_choices":[{"not_picked":["Conserve Battery","Steam Power"],"picked":"Gash","floor":1},{"not_picked":["Darkness","Steam Power"],"picked":"Streamline","floor":6},{"not_picked":["Leap","Chaos"],"picked":"Echo Form","floor":8},{"not_picked":["Sunder","FTL"],"picked":"Gash","floor":10},{"not_picked":["Genetic Algorithm+1","Melter"],"picked":"Seek+1","floor":14},{"not_picked":["Multi-Cast+1","Amplify+1"],"picked":"Biased Cognition","floor":16},{"not_picked":["Double Energy+1","Turbo+1"],"picked":"Coolheaded+1","floor":18},{"not_picked":["Static Discharge+1","Leap+1"],"picked":"Undo+1","floor":23},{"not_picked":["Heatsinks","Darkness+1"],"picked":"Steam+1","floor":25},{"not_picked":["BootSequence+1","Sunder","Barrage"],"picked":"SKIP","floor":27},{"not_picked":["Recycle+1","Barrage"],"picked":"Heatsinks","floor":28},{"not_picked":["Hyperbeam","Biased Cognition"],"picked":"Electrodynamics","floor":33},{"not_picked":["Sunder+1"],"picked":"SKIP","floor":35},{"not_picked":["Compile Driver"],"picked":"SKIP","floor":36},{"not_picked":[],"picked":"Sweeping Beam+1","floor":38},{"not_picked":["Sweeping Beam"],"picked":"SKIP","floor":40},{"not_picked":[],"picked":"Tempest+1","floor":42},{"not_picked":[],"picked":"Storm+1","floor":44},{"not_picked":["Stack+1"],"picked":"SKIP","floor":46},{"not_picked":[],"picked":"Steam+1","floor":48}],"player_experience":442007,"relics_obtained":[{"floor":6,"key":"Regal Pillow"},{"floor":8,"key":"Emotion Chip"},{"floor":9,"key":"War Paint"},{"floor":10,"key":"Toxic Egg 2"},{"floor":14,"key":"Incense Burner"},{"floor":23,"key":"PreservedInsect"},{"floor":26,"key":"Pen Nib"},{"floor":27,"key":"Gremlin Horn"},{"floor":38,"key":"Ice Cream"},{"floor":40,"key":"Mummified Hand"},{"floor":43,"key":"Bottled Lightning"},{"floor":48,"key":"Prayer Wheel"}],"event_choices":[{"damage_healed":0,"gold_gain":0,"player_choice":"Box","damage_taken":0,"relics_obtained":["Girya"],"max_hp_gain":0,"max_hp_loss":0,"event_name":"Big Fish","floor":2,"gold_loss":0,"cards_obtained":["Regret"]},{"damage_healed":0,"gold_gain":0,"player_choice":"Success","damage_taken":12,"relics_obtained":["Oddly Smooth Stone"],"max_hp_gain":0,"max_hp_loss":0,"event_name":"Scrap Ooze","floor":3,"gold_loss":0},{"damage_healed":0,"gold_gain":75,"player_choice":"Gather Gold","damage_taken":11,"max_hp_gain":0,"max_hp_loss":0,"event_name":"World of Goop","floor":5,"gold_loss":0},{"damage_healed":0,"gold_gain":0,"player_choice":"Opened","damage_taken":0,"relics_obtained":["Sundial"],"max_hp_gain":0,"max_hp_loss":0,"event_name":"The Mausoleum","floor":19,"gold_loss":0,"cards_obtained":["Writhe"]},{"damage_healed":0,"gold_gain":0,"player_choice":"Simplicity","damage_taken":0,"max_hp_gain":0,"max_hp_loss":0,"event_name":"Back to Basics","floor":21,"gold_loss":0,"cards_upgraded":["Strike_B","Strike_B","Strike_B","Defend_B","Defend_B","Defend_B","Defend_B"]},{"damage_healed":0,"gold_gain":0,"player_choice":"Ignored","damage_taken":0,"max_hp_gain":0,"max_hp_loss":0,"event_name":"Cursed Tome","floor":22,"gold_loss":0},{"damage_healed":0,"gold_gain":0,"player_choice":"Became a vampire","damage_taken":0,"max_hp_gain":0,"max_hp_loss":23,"event_name":"Vampires","floor":30,"gold_loss":0,"cards_obtained":["Bite","Bite","Bite","Bite","Bite"]},{"cards_removed":["Bite"],"damage_healed":0,"gold_gain":0,"player_choice":"Removed Attack","damage_taken":0,"max_hp_gain":0,"max_hp_loss":0,"event_name":"Falling","floor":37,"gold_loss":0},{"damage_healed":0,"gold_gain":0,"player_choice":"Fight","damage_taken":0,"max_hp_gain":0,"max_hp_loss":0,"event_name":"MindBloom","floor":38,"gold_loss":0},{"damage_healed":0,"gold_gain":0,"player_choice":"Ignored","damage_taken":0,"max_hp_gain":0,"max_hp_loss":0,"event_name":"Tomb of Lord Red Mask","floor":39,"gold_loss":0},{"damage_healed":0,"gold_gain":0,"player_choice":"Fight","damage_taken":0,"max_hp_gain":0,"max_hp_loss":0,"event_name":"Mysterious Sphere","floor":48,"gold_loss":0}],"is_beta":false,"boss_relics":[{"not_picked":["Eternal Feather","Pandora\u0027s Box"],"picked":"Coffee Dripper"},{"not_picked":["White Beast Statue","Philosopher\u0027s Stone"],"picked":"Busted Crown"}],"items_purged_floors":[4,12,20,47],"is_endless":false,"potions_floor_spawned":[1,8,14,16,18,25,28,35,38,42,48],"killed_by":"Awakened One","ascension_level":8}