{"path_per_floor":["M","?","?","M","$","R","?","R","T","R","$","E","M","M","R","B",null,"M","M","?","?","$","R","M"],"character_chosen":"IRONCLAD","items_purchased":["Shrug It Off","War Paint"],"gold_per_floor":[115,115,115,135,60,60,60,60,60,60,35,63,73,93,93,195,225,209,222,222,222,72,72,89],"floor_reached":25,"campfire_rested":3,"playtime":991,"current_hp_per_floor":[35,28,12,11,11,35,35,35,35,35,35,18,24,27,66,39,75,53,45,45,29,29,71,41],"items_purged":["Strike_R"],"gold":89,"score":269,"play_id":"729dad7d-561a-4887-818e-e453a59cdee3","is_prod":false,"is_daily":false,"is_ascension_mode":true,"campfire_upgraded":2,"path_taken":["M","?","?","M","$","R","?","R","T","R","$","E","M","?","R","BOSS","M","M","?","?","$","R","M","E"],"build_version":"2018-02-15-PROD1","purchased_purges":1,"victory":false,"master_deck":["Strike_R","Strike_R+1","Strike_R+1","Defend_R","Defend_R","Defend_R+1","Bash+1","Twin Strike","Ghostly Armor+1","Shrug It Off","Intimidate+1","Shrug It Off","Brutality","True Grit+1"],"max_hp_per_floor":[80,80,80,80,80,80,80,80,80,80,80,80,80,80,80,80,85,85,85,85,90,90,90,90],"relics":["Burning Blood","Dodecahedron","Regal Pillow","Vajra","Nloth\u0027s Gift","War Paint"],"card_choices":[{"not_picked":["Warcry","Bloodletting"],"picked":"Twin Strike"},{"not_picked":["Cleave","Limit Break"],"picked":"Ghostly Armor"},{"not_picked":["Pummel","Warcry"],"picked":"Intimidate"},{"not_picked":["Headbutt","Second Wind"],"picked":"Shrug It Off"},{"not_picked":["Immolate","Juggernaut"],"picked":"Brutality"},{"not_picked":["Carnage","Iron Wave"],"picked":"True Grit"}],"player_experience":240797,"potions_floor_usage":[16,16,24,25],"damage_taken":[{"damage":3,"enemies":"2 Louse","floor":1,"turns":3},{"damage":7,"enemies":"Jaw Worm","floor":4,"turns":3},{"damage":23,"enemies":"Lagavulin","floor":12,"turns":7},{"damage":0,"enemies":"Small Slimes","floor":13,"turns":4},{"damage":3,"enemies":"3 Louse","floor":14,"turns":4},{"damage":33,"enemies":"Slime Boss","floor":16,"turns":10},{"damage":28,"enemies":"2 Thieves","floor":18,"turns":4},{"damage":14,"enemies":"Chosen","floor":19,"turns":6},{"damage":36,"enemies":"3 Cultists","floor":24,"turns":9},{"damage":0,"enemies":"Gremlin Leader","floor":25,"turns":1}],"event_choices":[{"event_name":"Scrap Ooze","player_choice":"success","floor":2,"damage_taken":7},{"event_name":"Shining Light","player_choice":"Entered Light","floor":3,"damage_taken":0},{"event_name":"Liars Game","player_choice":"disagreed","floor":7,"damage_taken":0},{"event_name":"N\u0027loth","player_choice":"Traded a Tiny House","floor":20,"damage_taken":0},{"event_name":"Forgotten Altar","player_choice":"Shed Blood","floor":21,"damage_taken":0}],"boss_relics":[{"not_picked":["Orrery","Lizard Tail"],"picked":"Tiny House"}],"potions_floor_spawned":[12,13,16,24],"seed_played":"-9118394630287191718","killed_by":"Gremlin Leader","ascension_level":7,"is_trial":false}