{"gold_per_floor":[118,118,133,208,133,133,83,122,215,227,239,266,178,198,198,319,319,344,15,40,53,69,69,103,103,103,128,146,162,12,25,25,25],"floor_reached":33,"playtime":1702,"items_purged":["Strike_B","Strike_B","Defend_B","Strike_B"],"score":249,"play_id":"4b521b21-d694-4079-a5a6-e01e152a1f56","local_time":"20190806171325","is_ascension_mode":false,"campfire_choices":[{"data":"Zap","floor":6,"key":"SMITH"},{"data":"Dualcast","floor":10,"key":"SMITH"},{"floor":15,"key":"REST"},{"floor":23,"key":"REST"},{"floor":32,"key":"REST"}],"neow_cost":"NONE","seed_source_timestamp":115730974840634,"circlet_count":0,"master_deck":["Defend_B","Defend_B","Zap+1","Dualcast+1","Gash","Leap","Beam Cell","Gash","Gash+1"],"relics":["Cracked Core","Bag of Marbles","Golden Idol","MawBank","Question Card","Lizard Tail","TheAbacus","Red Mask","Meat on the Bone"],"potions_floor_usage":[16,16,21,22,28,29],"damage_taken":[{"damage":2,"enemies":"2 Louse","floor":1,"turns":3},{"damage":6,"enemies":"Jaw Worm","floor":3,"turns":4},{"damage":21,"enemies":"Lagavulin","floor":8,"turns":6},{"damage":0,"enemies":"Small Slimes","floor":12,"turns":2},{"damage":5,"enemies":"Looter","floor":14,"turns":2},{"damage":21,"enemies":"Hexaghost","floor":16,"turns":9},{"damage":27,"enemies":"Shell Parasite","floor":18,"turns":9},{"damage":8,"enemies":"Spheric Guardian","floor":20,"turns":4},{"damage":8,"enemies":"Centurion and Healer","floor":21,"turns":12},{"damage":12,"enemies":"Snake Plant","floor":22,"turns":4},{"damage":35,"enemies":"Masked Bandits","floor":24,"turns":6},{"damage":9,"enemies":"Snecko","floor":27,"turns":8},{"damage":24,"enemies":"Sentry and Sphere","floor":28,"turns":6},{"damage":17,"enemies":"Snake Plant","floor":29,"turns":4},{"damage":11,"enemies":"Chosen and Byrds","floor":31,"turns":6},{"damage":61,"enemies":"Champ","floor":33,"turns":8}],"seed_played":"-2266446311740221711","potions_obtained":[{"floor":8,"key":"Weak Potion"},{"floor":12,"key":"PowerPotion"},{"floor":18,"key":"SkillPotion"},{"floor":21,"key":"Strength Potion"},{"floor":27,"key":"AttackPotion"},{"floor":28,"key":"Explosive Potion"}],"is_trial":false,"path_per_floor":["M","?","M","?","$","R","?","E","T","R","?","M","$","M","R","B",null,"M","$","M","M","M","R","?","?","T","M","M","M","$","M","R","B"],"character_chosen":"DEFECT","items_purchased":["TheAbacus"],"campfire_rested":3,"item_purchase_floors":[19],"current_hp_per_floor":[73,55,49,38,38,38,38,17,17,17,17,17,17,12,34,13,75,48,48,40,32,20,42,7,7,7,47,35,30,30,31,53,0],"gold":25,"neow_bonus":"RANDOM_COMMON_RELIC","is_prod":false,"is_daily":false,"chose_seed":false,"campfire_upgraded":2,"win_rate":0,"timestamp":1565136805,"path_taken":["M","?","M","?","$","R","?","E","T","R","?","M","?","M","R","BOSS","M","$","M","M","M","R","?","?","T","?","M","M","$","M","R","BOSS"],"build_version":"2019-07-17","purchased_purges":4,"victory":false,"max_hp_per_floor":[75,75,75,75,75,75,75,75,75,75,75,75,75,75,75,75,75,75,75,75,75,75,75,75,75,75,75,75,75,75,75,75,75],"card_choices":[{"not_picked":["Conserve Battery","Redo","Doom and Gloom"],"picked":"SKIP","floor":1},{"not_picked":["Sweeping Beam","Steam","Rebound"],"picked":"SKIP","floor":3},{"not_picked":["Double Energy","Redo","Chill"],"picked":"SKIP","floor":8},{"not_picked":["Leap","Cold Snap","Stack"],"picked":"Gash","floor":12},{"not_picked":["Rainbow","Heatsinks","Scrape"],"picked":"Leap","floor":14},{"not_picked":["Doom and Gloom","Steam","Barrage","Blizzard"],"picked":"SKIP","floor":18},{"not_picked":["Force Field+1","Self Repair","Rebound","Beam Cell"],"picked":"SKIP","floor":20},{"not_picked":["Consume","FTL","Beam Cell","Recycle"],"picked":"SKIP","floor":21},{"not_picked":["Streamline+1","Static Discharge","Skim","Double Energy"],"picked":"SKIP","floor":22},{"not_picked":["Skim","Turbo","Chill","Rebound"],"picked":"SKIP","floor":27},{"not_picked":["Hologram","Reinforced Body+1","Rebound"],"picked":"Gash","floor":28},{"not_picked":["Hyperbeam","Barrage","Rebound","White Noise"],"picked":"SKIP","floor":29},{"not_picked":["Steam+1","Glacier","Ball Lightning"],"picked":"Gash+1","floor":31}],"player_experience":492239,"relics_obtained":[{"floor":8,"key":"MawBank"},{"floor":9,"key":"Question Card"},{"floor":24,"key":"Red Mask"},{"floor":26,"key":"Meat on the Bone"}],"event_choices":[{"damage_healed":0,"gold_gain":0,"player_choice":"Take Damage","damage_taken":18,"relics_obtained":["Golden Idol"],"max_hp_gain":0,"max_hp_loss":0,"event_name":"Golden Idol","floor":2,"gold_loss":0},{"damage_healed":0,"gold_gain":75,"player_choice":"Gather Gold","damage_taken":11,"max_hp_gain":0,"max_hp_loss":0,"event_name":"World of Goop","floor":4,"gold_loss":0},{"cards_removed":["Defend_B"],"damage_healed":0,"gold_gain":0,"player_choice":"Card Removal","damage_taken":0,"max_hp_gain":0,"max_hp_loss":0,"event_name":"The Cleric","floor":7,"gold_loss":50},{"damage_healed":0,"gold_gain":0,"player_choice":"Ignored","damage_taken":0,"max_hp_gain":0,"max_hp_loss":0,"event_name":"Shining Light","floor":11,"gold_loss":0},{"damage_healed":0,"gold_gain":0,"player_choice":"Fought Bandits","damage_taken":0,"max_hp_gain":0,"max_hp_loss":0,"event_name":"Masked Bandits","floor":24,"gold_loss":0},{"damage_healed":0,"gold_gain":0,"cards_transformed":["Strike_B"],"player_choice":"Transformed","damage_taken":0,"max_hp_gain":0,"max_hp_loss":0,"event_name":"Transmorgrifier","floor":25,"gold_loss":0,"cards_obtained":["Beam Cell"]}],"is_beta":false,"boss_relics":[{"not_picked":["Busted Crown","Cursed Key"],"picked":"Lizard Tail"}],"items_purged_floors":[5,13,19,30],"is_endless":false,"potions_floor_spawned":[8,12,18,21,27,28],"killed_by":"Champ","ascension_level":0}