{"gold_per_floor":[362,63,63,83,101,101,121,141,141,161,161,192,205,219,219,315,315,315,315,265,265,265,265,265,265,265,35,35,35,35,35,35,35,35,35,35,35,35,35,35,35,35,35,35,35,35,35,35,35,35],"floor_reached":50,"playtime":3200,"items_purged":["Strike_G"],"score":775,"play_id":"0ab2abf6-b073-49e3-8f35-295e6b0f87c1","local_time":"20190808142814","is_ascension_mode":true,"campfire_choices":[{"data":"Apotheosis","floor":6,"key":"SMITH"},{"floor":11,"key":"REST"},{"floor":15,"key":"REST"},{"floor":23,"key":"REST"},{"floor":25,"key":"REST"},{"floor":32,"key":"REST"},{"floor":41,"key":"REST"},{"floor":46,"key":"REST"},{"floor":49,"key":"REST"}],"neow_cost":"TEN_PERCENT_HP_LOSS","seed_source_timestamp":277121684664523,"circlet_count":0,"master_deck":["AscendersBane","Strike_G","Strike_G","Strike_G+1","Defend_G","Defend_G+1","Defend_G","Defend_G","Defend_G","Survivor","Neutralize","Choke","Apotheosis+1","Dash","Crippling Poison","Dagger Spray","Outmaneuver","Flying Knee","PiercingWail","Deadly Poison","Poisoned Stab","Tools of the Trade+1","Crippling Poison","Dagger Throw+1","Underhanded Strike","Underhanded Strike","Noxious Fumes+1","Catalyst","Leg Sweep+1","Escape Plan","Wraith Form v2+1","Backflip","Panache+1","Poisoned Stab","Tactician","Madness","Madness"],"relics":["Ring of the Snake","Frozen Egg 2","Ectoplasm","Nloth\u0027s Gift","Juzu Bracelet","Centennial Puzzle","Omamori","Ornamental Fan","Busted Crown","Tingsha","Lantern"],"potions_floor_usage":[7,16,18,24,30,31,33,33,33,33,33,40,45],"damage_taken":[{"damage":2,"enemies":"Jaw Worm","floor":1,"turns":5},{"damage":1,"enemies":"Small Slimes","floor":4,"turns":4},{"damage":0,"enemies":"Cultist","floor":5,"turns":3},{"damage":1,"enemies":"Large Slime","floor":7,"turns":7},{"damage":3,"enemies":"Exordium Thugs","floor":8,"turns":5},{"damage":5,"enemies":"Blue Slaver","floor":10,"turns":4},{"damage":15,"enemies":"Lagavulin","floor":12,"turns":8},{"damage":6,"enemies":"Gremlin Gang","floor":13,"turns":3},{"damage":0,"enemies":"3 Louse","floor":14,"turns":2},{"damage":10,"enemies":"The Guardian","floor":16,"turns":10},{"damage":0,"enemies":"3 Byrds","floor":18,"turns":3},{"damage":5,"enemies":"Shell Parasite","floor":19,"turns":6},{"damage":14,"enemies":"Shelled Parasite and Fungi","floor":21,"turns":6},{"damage":5,"enemies":"Centurion and Healer","floor":24,"turns":6},{"damage":7,"enemies":"3 Cultists","floor":29,"turns":4},{"damage":15,"enemies":"Book of Stabbing","floor":30,"turns":5},{"damage":8,"enemies":"Snake Plant","floor":31,"turns":3},{"damage":19,"enemies":"Automaton","floor":33,"turns":8},{"damage":3,"enemies":"Orb Walker","floor":35,"turns":3},{"damage":6,"enemies":"3 Shapes","floor":36,"turns":4},{"damage":4,"enemies":"Sphere and 2 Shapes","floor":38,"turns":4},{"damage":10,"enemies":"4 Shapes","floor":39,"turns":5},{"damage":19,"enemies":"Giant Head","floor":40,"turns":10},{"damage":8,"enemies":"Jaw Worm Horde","floor":44,"turns":4},{"damage":1,"enemies":"Transient","floor":45,"turns":5},{"damage":45,"enemies":"Awakened One","floor":50,"turns":6}],"seed_played":"5665070215859830481","potions_obtained":[{"floor":1,"key":"Weak Potion"},{"floor":4,"key":"Weak Potion"},{"floor":5,"key":"GhostInAJar"},{"floor":14,"key":"Strength Potion"},{"floor":16,"key":"Swift Potion"},{"floor":19,"key":"SteroidPotion"},{"floor":21,"key":"SkillPotion"},{"floor":29,"key":"EntropicBrew"},{"floor":31,"key":"Explosive Potion"},{"floor":39,"key":"EssenceOfSteel"},{"floor":40,"key":"Swift Potion"}],"is_trial":false,"path_per_floor":["M","$","?","M","M","R","M","M","T","M","R","E","M","M","R","B",null,"M","M","?","M","?","R","M","R","T","$","T","M","E","M","R","B",null,"M","M","?","M","M","E","R","?","T","M","M","R","?","?","R","B"],"character_chosen":"THE_SILENT","items_purchased":["Apotheosis","PowerPotion","Centennial Puzzle","Noxious Fumes+1"],"campfire_rested":8,"item_purchase_floors":[2,2,27,27],"current_hp_per_floor":[61,61,48,47,47,47,46,43,43,38,56,41,35,35,53,43,58,58,53,53,39,39,57,52,63,63,63,63,56,41,33,51,32,55,52,46,41,37,27,8,26,26,26,18,17,35,35,27,45,0],"gold":35,"neow_bonus":"TWO_FIFTY_GOLD","is_prod":false,"is_daily":false,"chose_seed":false,"campfire_upgraded":1,"win_rate":0,"timestamp":1565299694,"path_taken":["M","$","?","M","M","R","M","M","T","M","R","E","M","M","R","BOSS","M","M","?","?","?","R","M","R","T","$","?","M","E","M","R","BOSS","M","M","?","M","M","E","R","?","T","M","M","R","?","?","R","BOSS"],"build_version":"2019-07-17","purchased_purges":1,"victory":false,"max_hp_per_floor":[63,63,63,63,63,63,63,63,63,63,63,63,63,63,63,63,63,63,63,63,63,63,63,63,63,63,63,63,63,63,63,63,63,63,63,63,63,63,63,63,63,63,63,63,63,63,63,63,63,63],"card_choices":[{"not_picked":["Eviscerate","Underhanded Strike"],"picked":"Choke","floor":1},{"not_picked":["Setup","Bane"],"picked":"Dash","floor":4},{"not_picked":["Dagger Spray","Infinite Blades"],"picked":"Crippling Poison","floor":5},{"not_picked":["Prepared","Underhanded Strike"],"picked":"Dagger Spray","floor":7},{"not_picked":["Eviscerate","Riddle With Holes"],"picked":"Outmaneuver","floor":8},{"not_picked":["Riddle With Holes","Finisher"],"picked":"Flying Knee","floor":10},{"not_picked":["A Thousand Cuts+1","Flechettes"],"picked":"PiercingWail","floor":12},{"not_picked":["Concentrate","Expertise","Choke"],"picked":"Deadly Poison","floor":13},{"not_picked":["Deflect","Prepared","Bouncing Flask"],"picked":"Poisoned Stab","floor":14},{"not_picked":["Doppelganger","Malaise","Night Terror"],"picked":"Tools of the Trade+1","floor":16},{"not_picked":["Slice","Prepared","Flying Knee"],"picked":"Crippling Poison","floor":18},{"not_picked":["Sucker Punch","Blade Dance","Quick Slash"],"picked":"Dagger Throw+1","floor":19},{"not_picked":["Expertise+1","Masterful Stab","Dagger Spray"],"picked":"Underhanded Strike","floor":21},{"not_picked":["Deadly Poison","Outmaneuver"],"picked":"Underhanded Strike","floor":24},{"not_picked":["Backflip","Underhanded Strike"],"picked":"Catalyst","floor":29},{"not_picked":["Caltrops+1","Finisher"],"picked":"Leg Sweep+1","floor":30},{"not_picked":["Bouncing Flask","Skewer+1"],"picked":"Escape Plan","floor":31},{"not_picked":["Phantasmal Killer","Grand Finale"],"picked":"Wraith Form v2+1","floor":33},{"not_picked":["Cloak And Dagger"],"picked":"SKIP","floor":35},{"not_picked":[],"picked":"Backflip","floor":36},{"not_picked":[],"picked":"Panache+1","floor":37},{"not_picked":["Setup"],"picked":"SKIP","floor":38},{"not_picked":[],"picked":"Poisoned Stab","floor":39},{"not_picked":[],"picked":"Tactician","floor":40},{"not_picked":["Eviscerate+1"],"picked":"SKIP","floor":44},{"not_picked":["Endless Agony+1"],"picked":"SKIP","floor":45}],"player_experience":543546,"relics_obtained":[{"floor":9,"key":"Frozen Egg 2"},{"floor":12,"key":"Question Card"},{"floor":26,"key":"Juzu Bracelet"},{"floor":28,"key":"Omamori"},{"floor":30,"key":"Ornamental Fan"},{"floor":40,"key":"Tingsha"},{"floor":43,"key":"Lantern"}],"event_choices":[{"damage_healed":0,"gold_gain":0,"player_choice":"Entered Light","damage_taken":13,"max_hp_gain":0,"max_hp_loss":0,"event_name":"Shining Light","floor":3,"gold_loss":0,"cards_upgraded":["Defend_G","Strike_G"]},{"damage_healed":0,"gold_gain":100,"player_choice":"Bet on Murderer","damage_taken":0,"max_hp_gain":0,"max_hp_loss":0,"event_name":"The Joust","floor":20,"gold_loss":50},{"damage_healed":0,"gold_gain":0,"player_choice":"Traded Relic","damage_taken":0,"relics_obtained":["Nloth\u0027s Gift"],"max_hp_gain":0,"max_hp_loss":0,"event_name":"N\u0027loth","floor":22,"relics_lost":["Question Card"],"gold_loss":0},{"damage_healed":0,"gold_gain":0,"player_choice":"Memory 2","damage_taken":5,"max_hp_gain":0,"max_hp_loss":0,"event_name":"SensoryStone","floor":37,"gold_loss":0},{"damage_healed":0,"gold_gain":0,"player_choice":"Ignored","damage_taken":0,"max_hp_gain":0,"max_hp_loss":0,"event_name":"SecretPortal","floor":42,"gold_loss":0},{"cards_removed":["Strike_G"],"damage_healed":0,"gold_gain":0,"player_choice":"Purged","damage_taken":0,"max_hp_gain":0,"max_hp_loss":0,"event_name":"Purifier","floor":47,"gold_loss":0},{"damage_healed":0,"gold_gain":0,"player_choice":"Embrace Madness","damage_taken":8,"max_hp_gain":0,"max_hp_loss":0,"event_name":"Winding Halls","floor":48,"gold_loss":0,"cards_obtained":["Madness","Madness"]}],"is_beta":false,"boss_relics":[{"not_picked":["Eternal Feather","Runic Pyramid"],"picked":"Ectoplasm"},{"not_picked":["Cursed Key","Runic Dome"],"picked":"Busted Crown"}],"items_purged_floors":[2],"is_endless":false,"potions_floor_spawned":[1,4,5,14,16,19,21,29,31,39,40],"killed_by":"Awakened One","ascension_level":10}