{"gold_per_floor":[113,133,18,18,28,28,62,82,109,135,135,155,210,9,9,104,104,118,118,137,137,137,137,157,157,157,169,169],"floor_reached":28,"playtime":2390,"items_purged":["Pain"],"score":285,"play_id":"4461a0c8-5f5c-4310-b0b8-1b769b574cb5","local_time":"20190716212510","is_ascension_mode":true,"campfire_choices":[{"data":"Armaments","floor":6,"key":"SMITH"},{"data":"True Grit","floor":11,"key":"SMITH"},{"data":"Whirlwind","floor":15,"key":"SMITH"},{"data":"Limit Break","floor":23,"key":"SMITH"},{"data":"Havoc","floor":25,"key":"SMITH"}],"neow_cost":"CURSE","seed_source_timestamp":706149593759413,"circlet_count":0,"master_deck":["Strike_R","Strike_R","Strike_R","Strike_R","Strike_R","Defend_R+1","Defend_R+1","Defend_R","Defend_R","Bash","Dark Shackles","Dark Shackles","Spot Weakness","Havoc+1","Disarm","Armaments+1","True Grit+1","Disarm","Flex","Inflame","Whirlwind+1","Limit Break+1","Wild Strike","Power Through"],"relics":["Burning Blood","War Paint","Boot","Vajra","Sundial","HandDrill","Coffee Dripper","Nilry\u0027s Codex","Nloth\u0027s Gift","Paper Frog"],"potions_floor_usage":[7,12,18,28],"damage_taken":[{"damage":2,"enemies":"Small Slimes","floor":1,"turns":3},{"damage":2,"enemies":"Jaw Worm","floor":2,"turns":3},{"damage":0,"enemies":"2 Louse","floor":5,"turns":3},{"damage":21,"enemies":"3 Sentries","floor":7,"turns":8},{"damage":8,"enemies":"Lots of Slimes","floor":8,"turns":6},{"damage":29,"enemies":"Gremlin Nob","floor":10,"turns":5},{"damage":0,"enemies":"2 Fungi Beasts","floor":12,"turns":5},{"damage":26,"enemies":"3 Sentries","floor":13,"turns":10},{"damage":9,"enemies":"The Guardian","floor":16,"turns":10},{"damage":11,"enemies":"Spheric Guardian","floor":18,"turns":3},{"damage":18,"enemies":"2 Thieves","floor":20,"turns":3},{"damage":18,"enemies":"Shelled Parasite and Fungi","floor":24,"turns":6},{"damage":0,"enemies":"Snake Plant","floor":27,"turns":4},{"damage":19,"enemies":"3 Cultists","floor":28,"turns":4}],"seed_played":"6152160262283221324","potions_obtained":[{"floor":5,"key":"LiquidBronze"},{"floor":8,"key":"Ancient Potion"},{"floor":10,"key":"BloodPotion"},{"floor":27,"key":"Fire Potion"}],"is_trial":false,"path_per_floor":["M","M","$","?","M","R","E","M","T","E","R","M","?","$","R","B",null,"M","?","M","?","?","R","M","R","T","M","M"],"character_chosen":"IRONCLAD","items_purchased":["Disarm","HandDrill"],"campfire_rested":0,"item_purchase_floors":[3,14],"current_hp_per_floor":[80,80,80,77,80,80,65,63,63,40,40,66,46,46,46,43,71,66,50,38,23,23,23,11,11,11,17,0],"gold":169,"neow_bonus":"RANDOM_COLORLESS_2","is_prod":false,"is_daily":false,"chose_seed":false,"campfire_upgraded":5,"win_rate":0,"timestamp":1563337510,"path_taken":["M","M","$","?","M","R","E","M","T","E","R","M","?","$","R","BOSS","M","?","M","?","?","R","M","R","T","?","M"],"build_version":"2019-07-05","purchased_purges":1,"victory":false,"max_hp_per_floor":[80,80,80,80,80,80,80,80,80,80,80,80,80,80,80,80,80,80,80,80,85,85,85,85,85,85,85,85],"card_choices":[{"not_picked":["Body Slam","Pommel Strike"],"picked":"Spot Weakness","floor":1},{"not_picked":["Twin Strike","Headbutt"],"picked":"Havoc","floor":2},{"not_picked":["Sword Boomerang","Searing Blow"],"picked":"Armaments","floor":5},{"not_picked":["Sword Boomerang","Twin Strike"],"picked":"True Grit","floor":7},{"not_picked":["Clothesline","Sword Boomerang"],"picked":"Disarm","floor":8},{"not_picked":["Warcry","Rampage"],"picked":"Flex","floor":10},{"not_picked":["Havoc","Shrug It Off"],"picked":"Inflame","floor":12},{"not_picked":["Pommel Strike","Anger"],"picked":"Whirlwind","floor":13},{"not_picked":["Reaper","Feed"],"picked":"Limit Break","floor":16},{"not_picked":["Sword Boomerang","Blood for Blood","Headbutt+1"],"picked":"SKIP","floor":18},{"not_picked":["Combust","True Grit"],"picked":"Wild Strike","floor":20},{"not_picked":["Bloodletting+1","Body Slam","Flex"],"picked":"SKIP","floor":24},{"not_picked":["Evolve","Anger"],"picked":"Power Through","floor":27}],"player_experience":329396,"relics_obtained":[{"floor":7,"key":"Boot"},{"floor":9,"key":"Vajra"},{"floor":10,"key":"Sundial"},{"floor":13,"key":"Art of War"},{"floor":19,"key":"Nilry\u0027s Codex"},{"floor":26,"key":"Paper Frog"}],"event_choices":[{"damage_healed":0,"gold_gain":0,"player_choice":"Success","damage_taken":3,"relics_obtained":["War Paint"],"max_hp_gain":0,"max_hp_loss":0,"event_name":"Scrap Ooze","floor":4,"gold_loss":0},{"damage_healed":0,"gold_gain":0,"player_choice":"Searched \u00271\u0027 times","damage_taken":0,"max_hp_gain":0,"max_hp_loss":0,"event_name":"Dead Adventurer","floor":13,"gold_loss":0},{"damage_healed":0,"gold_gain":0,"player_choice":"Obtained Book","damage_taken":16,"max_hp_gain":0,"max_hp_loss":0,"event_name":"Cursed Tome","floor":19,"gold_loss":0},{"damage_healed":0,"gold_gain":0,"player_choice":"Shed Blood","damage_taken":20,"max_hp_gain":5,"max_hp_loss":0,"event_name":"Forgotten Altar","floor":21,"gold_loss":0},{"damage_healed":0,"gold_gain":0,"player_choice":"Traded Relic","damage_taken":0,"relics_obtained":["Nloth\u0027s Gift"],"max_hp_gain":0,"max_hp_loss":0,"event_name":"N\u0027loth","floor":22,"relics_lost":["Art of War"],"gold_loss":0}],"is_beta":false,"boss_relics":[{"not_picked":["Black Blood","Snecko Eye"],"picked":"Coffee Dripper"}],"items_purged_floors":[3],"is_endless":false,"potions_floor_spawned":[5,8,10,27],"killed_by":"3 Cultists","ascension_level":5}