{"gold_per_floor":[114,129,9,9,21,21,54,54,77,90,118,118],"floor_reached":12,"playtime":469,"items_purged":["Strike_R"],"score":88,"play_id":"b0252722-ebdc-475f-97dc-fc6e78f21c17","local_time":"20190103012943","is_ascension_mode":false,"campfire_choices":[{"data":"Heavy Blade","floor":6.0,"key":"SMITH"},{"data":"True Grit","floor":8.0,"key":"SMITH"}],"neow_cost":"NONE","seed_source_timestamp":0,"circlet_count":0,"master_deck":["Strike_R","Strike_R","Strike_R","Strike_R","Defend_R","Defend_R","Defend_R","Defend_R","Bash","Heavy Blade+1","Ghostly Armor","Shrug It Off","Shrug It Off","True Grit+1","Disarm","Thunderclap"],"special_seed":0,"relics":["Runic Cube","Juzu Bracelet","Centennial Puzzle","Orichalcum"],"potions_floor_usage":[],"damage_taken":[{"damage":5.0,"enemies":"Small Slimes","floor":1.0,"turns":3.0},{"damage":6.0,"enemies":"Cultist","floor":2.0,"turns":3.0},{"damage":3.0,"enemies":"Jaw Worm","floor":5.0,"turns":4.0},{"damage":22.0,"enemies":"Gremlin Nob","floor":7.0,"turns":4.0},{"damage":15.0,"enemies":"Large Slime","floor":10.0,"turns":9.0},{"damage":28.0,"enemies":"3 Sentries","floor":11.0,"turns":15.0},{"damage":4,"enemies":"Lots of Slimes","floor":12,"turns":3}],"seed_played":"3787207924367378243","potions_obtained":[{"floor":5.0,"key":"Poison Potion"},{"floor":10.0,"key":"Weak Potion"}],"is_trial":false,"path_per_floor":["M","M","$","?","M","R","E","R","T","M","E","E","M"],"character_chosen":"IRONCLAD","items_purchased":["Shrug It Off"],"campfire_rested":0,"item_purchase_floors":[3],"current_hp_per_floor":[75,69,69,69,66,66,44,44,44,29,1,0],"gold":118,"neow_bonus":"BOSS_RELIC","is_prod":false,"is_daily":false,"chose_seed":false,"campfire_upgraded":2,"win_rate":0,"timestamp":1546496983,"path_taken":["M","M","$","?","?","R","E","R","T","M","E","M"],"build_version":"2018-12-20","purchased_purges":1,"victory":false,"max_hp_per_floor":[80,80,80,80,80,80,80,80,80,80,80,80],"card_choices":[{"not_picked":["Clash","Thunderclap"],"picked":"Heavy Blade","floor":1.0},{"not_picked":["Anger","Rupture"],"picked":"Ghostly Armor","floor":2.0},{"not_picked":["Dual Wield","Inflame"],"picked":"Shrug It Off","floor":5.0},{"not_picked":["Pummel","Berserk"],"picked":"True Grit","floor":7.0},{"not_picked":["Iron Wave","Bloodletting"],"picked":"Disarm","floor":10.0},{"not_picked":["Combust","Power Through"],"picked":"Thunderclap","floor":11}],"player_experience":664808,"relics_obtained":[{"floor":7.0,"key":"Juzu Bracelet"},{"floor":9.0,"key":"Centennial Puzzle"},{"floor":11,"key":"Orichalcum"}],"event_choices":[{"damage_healed":0.0,"max_hp_gain":0.0,"max_hp_loss":0.0,"gold_gain":0.0,"event_name":"WeMeetAgain","player_choice":"Ignored","floor":4.0,"gold_loss":0.0,"damage_taken":0.0}],"is_beta":false,"boss_relics":[],"items_purged_floors":[3],"is_endless":false,"potions_floor_spawned":[5,10],"killed_by":"Lots of Slimes","ascension_level":0}