{"gold_per_floor":[116,116,133,143,113,113,146,159,159,174,186,186,214,242,242,345,345,361,361,350,370,386,386,418,418,470,504,519,519],"floor_reached":29,"playtime":1722,"items_purged":[],"score":489,"play_id":"0ecf5a5a-9dd0-4698-830f-a39907c66e97","local_time":"20190606194737","is_ascension_mode":true,"campfire_choices":[{"data":"Chaos","floor":6,"key":"SMITH"},{"floor":12,"key":"REST"},{"floor":15,"key":"REST"},{"data":"Coolheaded","floor":23,"key":"SMITH"},{"floor":25,"key":"REST"}],"neow_cost":"NONE","seed_source_timestamp":1871536360046297,"circlet_count":0,"master_deck":["Strike_B","Strike_B","Strike_B","Strike_B","Defend_B","Defend_B","Defend_B","Defend_B","Zap","Dualcast","Chaos+1","Steam","Electrodynamics","Leap","Conserve Battery","Cold Snap+1","Echo Form","Coolheaded+1","Compile Driver+1","Doom and Gloom+1","Loop","Coolheaded","Self Repair"],"relics":["Cracked Core","Ancient Tea Set","WingedGreaves","Molten Egg 2","Question Card","Bronze Scales","Snecko Eye","Blood Vial","Pen Nib","Dream Catcher"],"potions_floor_usage":[7,13,14,16,16,20,21,24],"damage_taken":[{"damage":1,"enemies":"2 Louse","floor":1,"turns":4},{"damage":7,"enemies":"Jaw Worm","floor":3,"turns":3},{"damage":0,"enemies":"Cultist","floor":4,"turns":4},{"damage":10,"enemies":"Lagavulin","floor":7,"turns":6},{"damage":0,"enemies":"Looter","floor":8,"turns":2},{"damage":2,"enemies":"Red Slaver","floor":10,"turns":4},{"damage":4,"enemies":"Exordium Wildlife","floor":11,"turns":4},{"damage":0,"enemies":"3 Sentries","floor":13,"turns":2},{"damage":14,"enemies":"Lagavulin","floor":14,"turns":6},{"damage":10,"enemies":"Hexaghost","floor":16,"turns":9},{"damage":6,"enemies":"Chosen","floor":18,"turns":3},{"damage":20,"enemies":"2 Thieves","floor":20,"turns":4},{"damage":17,"enemies":"Shelled Parasite and Fungi","floor":21,"turns":5},{"damage":0,"enemies":"Snecko","floor":22,"turns":4},{"damage":18,"enemies":"Slavers","floor":24,"turns":2},{"damage":0,"enemies":"Gremlin Leader","floor":27,"turns":5},{"damage":24,"enemies":"Cultist and Chosen","floor":28,"turns":7},{"damage":28,"enemies":"Slavers","floor":29,"turns":2}],"seed_played":"-7466809954362408685","potions_obtained":[{"floor":4,"key":"Swift Potion"},{"floor":5,"key":"Block Potion"},{"floor":5,"key":"Explosive Potion"},{"floor":7,"key":"Poison Potion"},{"floor":8,"key":"PowerPotion"},{"floor":14,"key":"SkillPotion"},{"floor":16,"key":"EssenceOfSteel"},{"floor":20,"key":"Ancient Potion"},{"floor":21,"key":"GamblersBrew"},{"floor":22,"key":"FearPotion"},{"floor":28,"key":"SteroidPotion"}],"is_trial":false,"path_per_floor":["M","?","M","M","?","R","E","M","T","M","M","R","E","E","R","B",null,"M","?","M","M","M","R","E","R","T","E","M","E"],"character_chosen":"DEFECT","items_purchased":[],"campfire_rested":3,"item_purchase_floors":[],"current_hp_per_floor":[74,41,34,34,34,34,24,24,24,22,18,42,42,28,52,42,72,66,66,48,33,35,35,19,43,43,45,23,0],"gold":519,"neow_bonus":"TEN_PERCENT_HP_BONUS","is_prod":false,"is_daily":false,"chose_seed":false,"campfire_upgraded":2,"win_rate":0,"timestamp":1559864857,"path_taken":["M","?","M","M","?","R","E","M","T","M","?","R","E","E","R","BOSS","M","?","?","M","M","R","E","R","T","E","M","E"],"build_version":"2019-06-05","purchased_purges":0,"victory":false,"max_hp_per_floor":[82,82,82,82,82,82,82,82,82,82,82,82,82,82,82,82,82,82,82,82,82,82,82,82,82,82,82,82,82],"card_choices":[{"not_picked":["Redo","Melter","Fusion"],"picked":"SKIP","floor":1},{"not_picked":["Compile Driver","Storm"],"picked":"Chaos","floor":3},{"not_picked":["Static Discharge","Streamline"],"picked":"Steam","floor":4},{"not_picked":["Redo","Reprogram"],"picked":"Electrodynamics","floor":7},{"not_picked":["Rebound","Chill"],"picked":"Leap","floor":8},{"not_picked":["Auto Shields","Cold Snap+1"],"picked":"Conserve Battery","floor":10},{"not_picked":["Hologram","Conserve Battery","Tempest"],"picked":"SKIP","floor":11},{"not_picked":["Scrape+1","Conserve Battery"],"picked":"Cold Snap+1","floor":13},{"not_picked":["Redo","Reprogram","Heatsinks"],"picked":"Fission","floor":14},{"not_picked":["Seek","Thunder Strike+1","Machine Learning"],"picked":"Echo Form","floor":16},{"not_picked":["Steam","Reinforced Body","Blizzard+1"],"picked":"Coolheaded","floor":18},{"not_picked":["Steam","Barrage+1","Beam Cell+1","Stack+1"],"picked":"SKIP","floor":20},{"not_picked":["Stack","Sweeping Beam+1","All For One+1"],"picked":"Compile Driver+1","floor":21},{"not_picked":["Gash+1","Stack+1","Coolheaded"],"picked":"Doom and Gloom+1","floor":22},{"not_picked":["Turbo","Cold Snap+1","Steam+1"],"picked":"Loop","floor":24},{"not_picked":["Steam Power","Melter+1","Core Surge+1"],"picked":"Coolheaded","floor":27},{"not_picked":["Turbo+1","Coolheaded","Beam Cell+1"],"picked":"Self Repair","floor":28}],"player_experience":814251,"relics_obtained":[{"floor":7,"key":"WingedGreaves"},{"floor":9,"key":"Molten Egg 2"},{"floor":13,"key":"Question Card"},{"floor":14,"key":"Bronze Scales"},{"floor":24,"key":"Pen Nib"},{"floor":27,"key":"Dream Catcher"}],"event_choices":[{"damage_healed":0,"gold_gain":0,"player_choice":"Success","damage_taken":33,"relics_obtained":["Ancient Tea Set"],"max_hp_gain":0,"max_hp_loss":0,"event_name":"Scrap Ooze","floor":2,"gold_loss":0},{"damage_healed":0,"gold_gain":0,"player_choice":"Bought 2 Potions","damage_taken":0,"max_hp_gain":0,"max_hp_loss":0,"event_name":"The Woman in Blue","floor":5,"gold_loss":0},{"cards_removed":["Fission"],"damage_healed":0,"gold_gain":0,"player_choice":"Gave Card","damage_taken":0,"relics_obtained":["Blood Vial"],"max_hp_gain":0,"max_hp_loss":0,"event_name":"WeMeetAgain","floor":19,"gold_loss":0}],"is_beta":true,"boss_relics":[{"not_picked":["Nuclear Battery","Velvet Choker"],"picked":"Snecko Eye"}],"items_purged_floors":[],"is_endless":false,"potions_floor_spawned":[4,7,8,10,14,16,20,21,22,28],"killed_by":"Slavers","ascension_level":9}