{"gold_per_floor":[118,118,43,143,163,163,194,215,239,189,222,247,21,21,21,140,140,155,155,180,109,124,124,155,155,155,180,280,296,296,395,395,526,526,544,454,474,37,112,112,112,112,112,112],"floor_reached":44,"playtime":1993,"items_purged":["Strike_R","Strike_R","Dual Wield+1"],"score":532,"play_id":"0115444a-f064-444a-8b4b-edecf2f6e7e9","local_time":"20190107010854","is_ascension_mode":false,"campfire_choices":[{"data":"Bash","floor":6,"key":"SMITH"},{"data":"Entrench","floor":15,"key":"SMITH"},{"data":"Barricade","floor":23,"key":"SMITH"},{"data":"Dual Wield","floor":25,"key":"SMITH"},{"data":"Dual Wield","floor":30,"key":"SMITH"},{"data":"Dual Wield","floor":32,"key":"SMITH"},{"data":"Impervious","floor":40,"key":"SMITH"},{"data":"Impervious","floor":41,"key":"SMITH"},{"data":"Impervious","floor":42,"key":"SMITH"}],"neow_cost":"NONE","seed_source_timestamp":139609619443759,"circlet_count":0,"master_deck":["Defend_R","Defend_R","Defend_R","Bash+1","Dropkick","Rage+1","Barricade+1","Dual Wield+1","Entrench+1","Impervious+1","Body Slam+1","Impervious+1","Dual Wield+1","Evolve+1","True Grit+1","Impervious+1","Shrug It Off"],"relics":["Burning Blood","NeowsBlessing","Golden Idol","Bronze Scales","Art of War","Frozen Egg 2","Coffee Dripper","Pantograph","Bottled Tornado","Mark of Pain","WingedGreaves","Blue Candle"],"potions_floor_usage":[11,16],"damage_taken":[{"damage":0,"enemies":"Jaw Worm","floor":1,"turns":1},{"damage":0,"enemies":"Cultist","floor":5,"turns":1},{"damage":0,"enemies":"3 Sentries","floor":7,"turns":1},{"damage":5,"enemies":"Small Slimes","floor":8,"turns":3},{"damage":16,"enemies":"Gremlin Nob","floor":11,"turns":4},{"damage":7,"enemies":"2 Fungi Beasts","floor":12,"turns":3},{"damage":23,"enemies":"Slime Boss","floor":16,"turns":8},{"damage":5,"enemies":"Spheric Guardian","floor":18,"turns":4},{"damage":0,"enemies":"3 Byrds","floor":20,"turns":4},{"damage":19,"enemies":"Centurion and Healer","floor":22,"turns":4},{"damage":27,"enemies":"Slavers","floor":24,"turns":4},{"damage":0,"enemies":"3 Cultists","floor":27,"turns":4},{"damage":0,"enemies":"Snake Plant","floor":29,"turns":5},{"damage":0,"enemies":"Automaton","floor":33,"turns":16},{"damage":1,"enemies":"Orb Walker","floor":35,"turns":3},{"damage":0,"enemies":"3 Darklings","floor":37,"turns":6},{"damage":0,"enemies":"4 Shapes","floor":44,"turns":1}],"seed_played":"7512818806165976854","potions_obtained":[{"floor":7,"key":"Block Potion"},{"floor":8,"key":"Fire Potion"},{"floor":16,"key":"SteroidPotion"},{"floor":24,"key":"SmokeBomb"},{"floor":33,"key":"FearPotion"}],"is_trial":false,"path_per_floor":["M","?","$","?","M","R","E","M","T","?","E","M","$","?","R","B",null,"M","?","M","$","M","R","E","R","T","M","?","M","R","?","R","B",null,"M","?","M","$","?","R","R","R","T","M"],"character_chosen":"IRONCLAD","items_purchased":["Impervious","Body Slam","Evolve+1","WingedGreaves"],"campfire_rested":0,"item_purchase_floors":[13,13,21,38],"current_hp_per_floor":[80,74,74,74,74,74,74,74,74,74,64,63,63,48,48,31,74,74,74,74,74,61,61,40,40,40,46,46,52,52,52,52,74,74,74,74,74,74,67,67,67,67,67,67],"gold":112,"neow_bonus":"THREE_ENEMY_KILL","is_prod":false,"is_daily":false,"chose_seed":false,"campfire_upgraded":9,"win_rate":0,"timestamp":1546841334,"path_taken":["M","?","$","?","?","R","E","M","T","?","E","M","$","?","R","BOSS","M","?","M","$","M","R","E","R","T","M","?","?","R","?","R","BOSS","M","?","?","$","?","R","R","R","T","M"],"build_version":"2019-01-03v4","purchased_purges":3,"victory":false,"max_hp_per_floor":[80,74,74,74,74,74,74,74,74,74,74,74,74,74,74,74,74,74,74,74,74,74,74,74,74,74,74,74,74,74,74,74,74,74,74,74,74,74,74,74,74,74,74,74],"card_choices":[{"not_picked":["Iron Wave","Heavy Blade"],"picked":"Dropkick","floor":1},{"not_picked":["Headbutt","Body Slam"],"picked":"Rage","floor":5},{"not_picked":["Ghostly Armor","Body Slam"],"picked":"Barricade","floor":7},{"not_picked":["Sever Soul","Clothesline","Perfected Strike"],"picked":"SKIP","floor":8},{"not_picked":["Sword Boomerang","Pommel Strike"],"picked":"Dual Wield","floor":11},{"not_picked":["Clash","Flex"],"picked":"Entrench","floor":12},{"not_picked":["Bludgeon","Feed"],"picked":"Impervious","floor":16},{"not_picked":["Searing Blow","Intimidate","Clash"],"picked":"SKIP","floor":18},{"not_picked":["Whirlwind","Havoc+1","Clothesline"],"picked":"SKIP","floor":20},{"not_picked":["Perfected Strike","Anger"],"picked":"True Grit+1","floor":22},{"not_picked":["Sword Boomerang","Metallicize+1","Entrench"],"picked":"SKIP","floor":24},{"not_picked":["Clothesline","Intimidate+1","Metallicize+1"],"picked":"SKIP","floor":27},{"not_picked":["Warcry","Searing Blow","Cleave"],"picked":"SKIP","floor":29},{"not_picked":["Feed","Double Tap"],"picked":"Impervious","floor":33},{"not_picked":["Thunderclap","Clash+1","Armaments"],"picked":"SKIP","floor":35},{"not_picked":["Twin Strike+1","Heavy Blade+1"],"picked":"Shrug It Off","floor":37}],"player_experience":681604,"relics_obtained":[{"floor":7,"key":"Bronze Scales"},{"floor":9,"key":"Art of War"},{"floor":11,"key":"Frozen Egg 2"},{"floor":24,"key":"Pantograph"},{"floor":26,"key":"Bottled Tornado"},{"floor":43,"key":"Blue Candle"}],"event_choices":[{"damage_healed":0,"gold_gain":0,"player_choice":"Lose Max HP","damage_taken":0,"relics_obtained":["Golden Idol"],"max_hp_gain":0,"max_hp_loss":6,"event_name":"Golden Idol","floor":2,"gold_loss":0},{"damage_healed":0,"gold_gain":100,"player_choice":"Pray","damage_taken":0,"max_hp_gain":0,"max_hp_loss":0,"event_name":"Golden Shrine","floor":4,"gold_loss":0},{"cards_removed":["Strike_R"],"damage_healed":0,"gold_gain":0,"player_choice":"Card Removal","damage_taken":0,"max_hp_gain":0,"max_hp_loss":0,"event_name":"The Cleric","floor":10,"gold_loss":50},{"damage_healed":0,"gold_gain":0,"player_choice":"Entered Light","damage_taken":15,"max_hp_gain":0,"max_hp_loss":0,"event_name":"Shining Light","floor":14,"gold_loss":0,"cards_upgraded":["Body Slam","Strike_R"]},{"damage_healed":0,"gold_gain":0,"cards_transformed":["Strike_R","Defend_R"],"player_choice":"Became Test Subject","damage_taken":0,"max_hp_gain":0,"max_hp_loss":0,"event_name":"Drug Dealer","floor":19,"gold_loss":0,"cards_obtained":["Dual Wield","Dual Wield"]},{"damage_healed":0,"gold_gain":100,"player_choice":"Pray","damage_taken":0,"max_hp_gain":0,"max_hp_loss":0,"event_name":"Golden Shrine","floor":28,"gold_loss":0},{"damage_healed":0,"gold_gain":99,"player_choice":"Stole From Cult","damage_taken":0,"max_hp_gain":0,"max_hp_loss":0,"event_name":"Nest","floor":31,"gold_loss":0},{"cards_removed":["Strike_R"],"damage_healed":0,"gold_gain":0,"player_choice":"Upgrade and Remove","damage_taken":0,"max_hp_gain":0,"max_hp_loss":0,"event_name":"Designer","floor":36,"gold_loss":90,"cards_upgraded":["Rage"]},{"damage_healed":0,"gold_gain":75,"player_choice":"Touch","damage_taken":7,"max_hp_gain":0,"max_hp_loss":0,"event_name":"FaceTrader","floor":39,"gold_loss":0}],"is_beta":false,"boss_relics":[{"not_picked":["Eternal Feather","Runic Cube"],"picked":"Coffee Dripper"},{"not_picked":["Snecko Eye","Cursed Key"],"picked":"Mark of Pain"}],"items_purged_floors":[3,13,38],"is_endless":false,"potions_floor_spawned":[7,8,16,24,33],"killed_by":"4 Shapes","ascension_level":0}