{"gold_per_floor":[109,34,209,209,209,209,109,122,177,199,86,97,130,150,150,248,248,266,266,280,300,150,150,65,77,77,91,16,16],"floor_reached":29,"playtime":860,"items_purged":["Strike_B","Strike_B","Strike_B","Strike_B+1"],"score":225,"play_id":"9811c27d-b75d-4d07-89f0-c144aacb0580","local_time":"20190806213842","is_ascension_mode":false,"campfire_choices":[{"data":"Zap","floor":6,"key":"SMITH"},{"data":"Dualcast","floor":15,"key":"SMITH"},{"data":"Gash","floor":23,"key":"SMITH"}],"neow_cost":"NONE","seed_source_timestamp":132490498528056,"circlet_count":0,"master_deck":["Defend_B","Defend_B","Defend_B","Zap+1","Dualcast+1","Gash+1","Gash+1","Gash"],"relics":["Cracked Core","NeowsBlessing","DataDisk","MawBank","Whetstone","Blood Vial","Molten Egg 2"],"potions_floor_usage":[16,20,20,27],"damage_taken":[{"damage":0,"enemies":"Jaw Worm","floor":1,"turns":1},{"damage":0,"enemies":"2 Louse","floor":8,"turns":1},{"damage":0,"enemies":"Small Slimes","floor":10,"turns":1},{"damage":2,"enemies":"Blue Slaver","floor":12,"turns":3},{"damage":30,"enemies":"3 Sentries","floor":13,"turns":8},{"damage":0,"enemies":"2 Fungi Beasts","floor":14,"turns":3},{"damage":16,"enemies":"Hexaghost","floor":16,"turns":8},{"damage":22,"enemies":"Shell Parasite","floor":18,"turns":4},{"damage":0,"enemies":"Chosen","floor":20,"turns":3},{"damage":27,"enemies":"3 Cultists","floor":21,"turns":5},{"damage":12,"enemies":"Snecko","floor":25,"turns":6},{"damage":14,"enemies":"Cultist and Chosen","floor":27,"turns":6},{"damage":23,"enemies":"Snake Plant","floor":29,"turns":3}],"seed_played":"-8437971036473866910","potions_obtained":[{"floor":13,"key":"Weak Potion"},{"floor":16,"key":"Explosive Potion"},{"floor":18,"key":"SkillPotion"},{"floor":25,"key":"Regen Potion"},{"floor":27,"key":"SteroidPotion"}],"is_trial":false,"path_per_floor":["M","$","?","?","T","R","$","M","T","M","$","M","E","M","R","B",null,"M","?","M","M","$","R","?","M","T","M","?","M"],"character_chosen":"DEFECT","items_purchased":[],"campfire_rested":0,"item_purchase_floors":[],"current_hp_per_floor":[75,75,75,68,68,68,68,68,68,68,68,66,36,36,36,20,75,53,53,53,26,26,26,26,16,16,19,19,0],"gold":16,"neow_bonus":"THREE_ENEMY_KILL","is_prod":false,"is_daily":false,"chose_seed":false,"campfire_upgraded":3,"win_rate":0,"timestamp":1565152722,"path_taken":["M","$","?","?","?","R","?","M","T","M","$","M","E","M","R","BOSS","M","?","M","M","$","R","?","M","T","M","?","M"],"build_version":"2019-07-17","purchased_purges":4,"victory":false,"max_hp_per_floor":[75,75,75,75,75,75,75,75,75,75,75,75,75,75,75,75,75,75,75,75,75,75,75,75,75,75,75,75,75],"card_choices":[{"not_picked":["Barrage","Coolheaded"],"picked":"Gash","floor":1},{"not_picked":["Chaos","Steam","Conserve Battery"],"picked":"SKIP","floor":8},{"not_picked":["Genetic Algorithm","Leap"],"picked":"Gash","floor":10},{"not_picked":["Blizzard","Consume","Rebound"],"picked":"SKIP","floor":12},{"not_picked":["Blizzard","Consume","Rebound"],"picked":"SKIP","floor":12},{"not_picked":["Go for the Eyes","Stack","White Noise"],"picked":"SKIP","floor":13},{"not_picked":["Beam Cell","Steam Power"],"picked":"Gash","floor":14},{"not_picked":["Reinforced Body","Storm+1","Hello World"],"picked":"SKIP","floor":18},{"not_picked":["Reinforced Body","Storm+1","Hello World"],"picked":"SKIP","floor":18},{"not_picked":["Gash","Coolheaded+1","Lockon"],"picked":"SKIP","floor":20},{"not_picked":["Barrage","White Noise","Fusion"],"picked":"SKIP","floor":21},{"not_picked":["Sweeping Beam","Go for the Eyes","Conserve Battery"],"picked":"SKIP","floor":25},{"not_picked":["Beam Cell+1","Gash+1","Aggregate"],"picked":"SKIP","floor":27}],"player_experience":493941,"relics_obtained":[{"floor":5,"key":"DataDisk"},{"floor":9,"key":"MawBank"},{"floor":13,"key":"Whetstone"},{"floor":26,"key":"Molten Egg 2"}],"event_choices":[{"damage_healed":0,"gold_gain":175,"player_choice":"AGREE","damage_taken":0,"max_hp_gain":0,"max_hp_loss":0,"event_name":"Liars Game","floor":3,"gold_loss":0,"cards_obtained":["Doubt"]},{"cards_removed":["Doubt"],"damage_healed":0,"gold_gain":0,"player_choice":"Card Removal","damage_taken":7,"max_hp_gain":0,"max_hp_loss":0,"event_name":"Golden Wing","floor":4,"gold_loss":0},{"damage_healed":0,"gold_gain":0,"player_choice":"Ignored","damage_taken":0,"max_hp_gain":0,"max_hp_loss":0,"event_name":"Ghosts","floor":19,"gold_loss":0},{"damage_healed":0,"gold_gain":0,"player_choice":"Obtained Relic","damage_taken":0,"relics_obtained":["Blood Vial"],"max_hp_gain":0,"max_hp_loss":0,"event_name":"Addict","floor":24,"gold_loss":85},{"cards_removed":["Defend_B"],"damage_healed":0,"gold_gain":0,"player_choice":"Gave Gold","damage_taken":0,"max_hp_gain":0,"max_hp_loss":0,"event_name":"Beggar","floor":28,"gold_loss":75}],"is_beta":false,"boss_relics":[{"not_picked":["Runic Dome","Sozu","Nuclear Battery"]}],"items_purged_floors":[2,7,11,22],"is_endless":false,"potions_floor_spawned":[13,16,18,25,27],"killed_by":"Snake Plant","ascension_level":0}