{"gold_per_floor":[111,36,36,36,136,205,205,219,264,279,279,302,323,358,358,478,478,498,93,111,111,129,129],"floor_reached":23,"playtime":1341,"items_purged":["Strike_B"],"score":283,"play_id":"686cc229-c0ce-44bb-aab2-aa8896b2cd71","local_time":"20190811193357","is_ascension_mode":true,"campfire_choices":[{"data":"Streamline","floor":7,"key":"SMITH"},{"data":"Recycle","floor":11,"key":"SMITH"},{"floor":15,"key":"REST"}],"neow_cost":"NONE","seed_source_timestamp":88154754121400,"circlet_count":0,"master_deck":["Strike_B","Strike_B","Defend_B","Defend_B","Defend_B","Defend_B","Zap","Dualcast","FTL","Streamline+1","Gash","Recycle+1","Leap","FTL","Cold Snap","All For One","Redo","Coolheaded+1","Gash"],"relics":["Cracked Core","NeowsBlessing","Golden Idol","Tiny Chest","Bag of Preparation","Potion Belt","Philosopher\u0027s Stone","Oddly Smooth Stone","Ornamental Fan"],"potions_floor_usage":[13,16,20,23,23],"damage_taken":[{"damage":0,"enemies":"2 Louse","floor":1,"turns":1},{"damage":0,"enemies":"Lagavulin","floor":6,"turns":1},{"damage":0,"enemies":"Small Slimes","floor":8,"turns":1},{"damage":0,"enemies":"Cultist","floor":10,"turns":2},{"damage":0,"enemies":"3 Louse","floor":12,"turns":2},{"damage":25,"enemies":"Gremlin Gang","floor":13,"turns":4},{"damage":16,"enemies":"3 Sentries","floor":14,"turns":7},{"damage":35,"enemies":"Hexaghost","floor":16,"turns":10},{"damage":21,"enemies":"Shell Parasite","floor":18,"turns":5},{"damage":6,"enemies":"2 Thieves","floor":20,"turns":3},{"damage":16,"enemies":"Centurion and Healer","floor":22,"turns":8},{"damage":15,"enemies":"Slavers","floor":23,"turns":1}],"seed_played":"6322535417649335717","potions_obtained":[{"floor":10,"key":"SkillPotion"},{"floor":13,"key":"PowerPotion"},{"floor":14,"key":"SkillPotion"},{"floor":18,"key":"Fire Potion"},{"floor":20,"key":"Swift Potion"}],"is_trial":false,"path_per_floor":["M","$","?","?","?","E","R","M","T","M","R","M","M","E","R","B",null,"M","$","M","?","M","E"],"character_chosen":"DEFECT","items_purchased":["Oddly Smooth Stone","Ornamental Fan"],"campfire_rested":1,"item_purchase_floors":[19,19],"current_hp_per_floor":[75,75,75,57,57,57,57,57,57,57,57,57,32,16,38,3,57,36,36,30,30,14,0],"gold":129,"neow_bonus":"THREE_ENEMY_KILL","is_prod":false,"is_daily":false,"chose_seed":false,"campfire_upgraded":2,"win_rate":0,"timestamp":1565577237,"path_taken":["M","$","?","?","?","E","R","M","T","M","R","M","?","E","R","BOSS","M","$","M","?","?","E"],"build_version":"2019-07-17","purchased_purges":1,"victory":false,"max_hp_per_floor":[75,75,75,75,75,75,75,75,75,75,75,75,75,75,75,75,75,75,75,75,75,75,75],"card_choices":[{"not_picked":["Streamline","BootSequence"],"picked":"FTL","floor":1},{"not_picked":["Auto Shields","Melter"],"picked":"Streamline","floor":6},{"not_picked":["Sunder","Streamline"],"picked":"Gash","floor":8},{"not_picked":["Static Discharge","Aggregate"],"picked":"Recycle","floor":10},{"not_picked":["Turbo","BootSequence"],"picked":"Leap","floor":12},{"not_picked":["Fusion","Ball Lightning"],"picked":"FTL","floor":13},{"not_picked":["Chill","Static Discharge"],"picked":"Cold Snap","floor":14},{"not_picked":["Buffer","Biased Cognition"],"picked":"All For One","floor":16},{"not_picked":["Steam","Compile Driver+1"],"picked":"Redo","floor":18},{"not_picked":["Sweeping Beam+1","Stack"],"picked":"Coolheaded+1","floor":20},{"not_picked":["Rebound+1","Streamline"],"picked":"Gash","floor":22}],"player_experience":301855,"relics_obtained":[{"floor":6,"key":"Tiny Chest"},{"floor":9,"key":"Bag of Preparation"},{"floor":14,"key":"Potion Belt"}],"event_choices":[{"damage_healed":0,"gold_gain":0,"player_choice":"Leave","damage_taken":0,"max_hp_gain":0,"max_hp_loss":0,"event_name":"The Cleric","floor":3,"gold_loss":0},{"damage_healed":0,"gold_gain":0,"player_choice":"Take Damage","damage_taken":18,"relics_obtained":["Golden Idol"],"max_hp_gain":0,"max_hp_loss":0,"event_name":"Golden Idol","floor":4,"gold_loss":0},{"damage_healed":0,"gold_gain":100,"player_choice":"Pray","damage_taken":0,"max_hp_gain":0,"max_hp_loss":0,"event_name":"Golden Shrine","floor":5,"gold_loss":0},{"cards_removed":["Strike_B"],"damage_healed":0,"gold_gain":0,"player_choice":"Purged","damage_taken":0,"max_hp_gain":0,"max_hp_loss":0,"event_name":"Purifier","floor":21,"gold_loss":0}],"is_beta":false,"boss_relics":[{"not_picked":["Nuclear Battery","Fusion Hammer"],"picked":"Philosopher\u0027s Stone"}],"items_purged_floors":[2],"is_endless":false,"potions_floor_spawned":[10,13,14,18,20],"killed_by":"Slavers","ascension_level":5}