{"gold_per_floor":[119,44,61,71,71,71,96,96,96,113,98],"floor_reached":11,"playtime":883,"items_purged":["Strike_R"],"score":84,"play_id":"22d9c199-e10a-4689-b8fb-4558e4ae844f","local_time":"20190305224207","is_ascension_mode":true,"campfire_choices":[{"data":"Bash","floor":6,"key":"SMITH"},{"floor":8,"key":"DIG"}],"neow_cost":"NONE","seed_source_timestamp":415423184443137,"circlet_count":0,"master_deck":["Strike_R","Strike_R","Strike_R","Strike_R","Defend_R","Defend_R","Defend_R","Defend_R","Bash+1","Armaments","Spot Weakness","Evolve","Decay","Thunderclap","Disarm","Reaper"],"relics":["Burning Blood","Shovel","Paper Frog","Prayer Wheel"],"potions_floor_usage":[],"damage_taken":[{"damage":6,"enemies":"Cultist","floor":1,"turns":3},{"damage":8,"enemies":"Jaw Worm","floor":3,"turns":6},{"damage":4,"enemies":"2 Louse","floor":4,"turns":3},{"damage":44,"enemies":"3 Sentries","floor":7,"turns":10},{"damage":45,"enemies":"Large Slime","floor":10,"turns":9},{"damage":13,"enemies":"Exordium Thugs","floor":11,"turns":2}],"seed_played":"5944900235985648396","potions_obtained":[{"floor":10,"key":"Strength Potion"}],"is_trial":false,"path_per_floor":["M","$","M","M","?","R","E","R","T","M","M"],"character_chosen":"IRONCLAD","items_purchased":[],"campfire_rested":0,"item_purchase_floors":[],"current_hp_per_floor":[88,88,86,88,88,88,50,50,50,11,0],"gold":98,"neow_bonus":"TEN_PERCENT_HP_BONUS","is_prod":false,"is_daily":false,"chose_seed":false,"campfire_upgraded":1,"win_rate":0,"timestamp":1551854527,"path_taken":["M","$","?","M","?","R","E","R","T","?","M"],"build_version":"2019-01-23","purchased_purges":1,"victory":false,"max_hp_per_floor":[88,88,88,88,88,88,88,88,88,88,88],"card_choices":[{"not_picked":["Body Slam","Sword Boomerang"],"picked":"Armaments","floor":1},{"not_picked":["Armaments","Cleave"],"picked":"Spot Weakness","floor":3},{"not_picked":["Clash","Uppercut"],"picked":"Evolve","floor":4},{"not_picked":["Twin Strike","Shrug It Off"],"picked":"Thunderclap","floor":7},{"not_picked":["Sever Soul","Armaments"],"picked":"Disarm","floor":10},{"not_picked":["Cleave","Sword Boomerang"],"picked":"Reaper","floor":10}],"player_experience":86622,"relics_obtained":[{"floor":7,"key":"Shovel"},{"floor":8,"key":"Paper Frog"},{"floor":9,"key":"Prayer Wheel"}],"event_choices":[{"damage_healed":0,"gold_gain":0,"player_choice":"Cursed","damage_taken":0,"max_hp_gain":0,"max_hp_loss":0,"event_name":"Wheel of Change","floor":5,"gold_loss":0,"cards_obtained":["Decay"]}],"is_beta":false,"boss_relics":[],"items_purged_floors":[2],"is_endless":false,"potions_floor_spawned":[10],"killed_by":"Exordium Thugs","ascension_level":3}