{"gold_per_floor":[118,128,128,145,155,155,170,195,269,0,0,20,32,42,42,116,116,127,147,147,157,172,187,212,212,212,241,19,37,37,54,54,54],"floor_reached":33,"playtime":2639,"items_purged":["Strike_R"],"score":512,"play_id":"d1ab5ba2-857a-453b-8978-442f5ca45c09","local_time":"20190808233533","is_ascension_mode":true,"campfire_choices":[{"data":"Inflame","floor":6.0,"key":"SMITH"},{"floor":11,"key":"REST"},{"floor":15,"key":"REST"},{"floor":32,"key":"REST"}],"neow_cost":"NONE","seed_source_timestamp":0,"circlet_count":0,"master_deck":["AscendersBane","Strike_R","Strike_R","Strike_R","Defend_R","Defend_R","Defend_R","Defend_R","Bash","Feel No Pain","Inflame+1","Sword Boomerang","Combust","Cleave","Iron Wave","Evolve+1","Thunderclap","Heavy Blade","Anger","Fiend Fire","Cleave","Ghostly","Ghostly","Ghostly","Ghostly","Ghostly","Fire Breathing+1","Reckless Charge+1","Decay","Dark Embrace+1","Warcry+1","Corruption+1"],"special_seed":0,"relics":["Burning Blood","Ornamental Fan","Frozen Egg 2","Membership Card","Busted Crown","Unceasing Top","Paper Frog","Boot","ClockworkSouvenir","Blue Candle","Shuriken"],"potions_floor_usage":[13,16,19,24,27,31,31],"damage_taken":[{"damage":2.0,"enemies":"2 Louse","floor":1.0,"turns":3.0},{"damage":2.0,"enemies":"Jaw Worm","floor":2.0,"turns":4.0},{"damage":1.0,"enemies":"Cultist","floor":4.0,"turns":3.0},{"damage":29.0,"enemies":"Exordium Thugs","floor":5.0,"turns":7.0},{"damage":6.0,"enemies":"Blue Slaver","floor":7.0,"turns":6.0},{"damage":34,"enemies":"Lagavulin","floor":8,"turns":6},{"damage":34,"enemies":"Gremlin Gang","floor":12,"turns":4},{"damage":9,"enemies":"Exordium Wildlife","floor":13,"turns":5},{"damage":9,"enemies":"Red Slaver","floor":14,"turns":3},{"damage":31,"enemies":"Hexaghost","floor":16,"turns":9},{"damage":21,"enemies":"Spheric Guardian","floor":18,"turns":4},{"damage":26,"enemies":"2 Thieves","floor":19,"turns":3},{"damage":5,"enemies":"Cultist and Chosen","floor":21,"turns":5},{"damage":23,"enemies":"Snake Plant","floor":22,"turns":6},{"damage":4,"enemies":"Centurion and Healer","floor":23,"turns":6},{"damage":10,"enemies":"Book of Stabbing","floor":24,"turns":6},{"damage":4,"enemies":"Slavers","floor":27,"turns":3},{"damage":3,"enemies":"3 Cultists","floor":29,"turns":6},{"damage":19,"enemies":"Snake Plant","floor":31,"turns":2},{"damage":56,"enemies":"Automaton","floor":33,"turns":6}],"seed_played":"937975214068387956","potions_obtained":[{"floor":0.0,"key":"Dexterity Potion"},{"floor":0.0,"key":"AttackPotion"},{"floor":0.0,"key":"EntropicBrew"},{"floor":12,"key":"GamblersBrew"},{"floor":13,"key":"Weak Potion"},{"floor":16,"key":"Regen Potion"},{"floor":21,"key":"Energy Potion"},{"floor":23,"key":"SpeedPotion"},{"floor":24,"key":"Swift Potion"},{"floor":29,"key":"Strength Potion"}],"is_trial":false,"path_per_floor":["M","M","?","M","M","R","M","E","T","$","R","M","M","M","R","B",null,"M","M","?","M","M","M","E","?","T","E","$","M","T","M","R","B"],"character_chosen":"IRONCLAD","items_purchased":["Membership Card","Evolve+1","ClockworkSouvenir","Blue Candle"],"campfire_rested":3,"item_purchase_floors":[10,10,28,28],"current_hp_per_floor":[76,80,73,78,55,55,67,39,39,39,63,35,32,29,53,28,67,52,41,40,40,23,25,21,21,21,23,23,26,26,13,25,0],"gold":54,"neow_bonus":"THREE_SMALL_POTIONS","is_prod":false,"is_daily":false,"chose_seed":false,"campfire_upgraded":1,"win_rate":0,"timestamp":1565332533,"path_taken":["M","M","?","M","M","R","M","E","T","$","R","M","M","M","R","BOSS","M","M","?","M","M","M","E","?","T","E","$","?","?","M","R","BOSS"],"build_version":"2019-07-17","purchased_purges":1,"victory":false,"max_hp_per_floor":[80,80,80,80,80,80,80,80,80,80,80,80,80,80,80,80,80,80,80,40,40,40,40,40,40,40,40,40,40,40,40,40,40],"card_choices":[{"not_picked":["Anger","Wild Strike"],"picked":"Feel No Pain","floor":1.0},{"not_picked":["Warcry","Pummel"],"picked":"Inflame","floor":2.0},{"not_picked":["Clash","Metallicize"],"picked":"Sword Boomerang","floor":4.0},{"not_picked":["Exhume","Second Wind"],"picked":"Combust","floor":5.0},{"not_picked":["Flex","Clothesline"],"picked":"Cleave","floor":7},{"not_picked":["Armaments","Battle Trance"],"picked":"Iron Wave","floor":8},{"not_picked":["Sword Boomerang","Bloodletting"],"picked":"Thunderclap","floor":12},{"not_picked":["Sword Boomerang","Havoc"],"picked":"Heavy Blade","floor":13},{"not_picked":["Armaments","Cleave"],"picked":"Anger","floor":14},{"not_picked":["Exhume","Limit Break"],"picked":"Fiend Fire","floor":16},{"not_picked":[],"picked":"Cleave","floor":18},{"not_picked":["Clothesline"],"picked":"SKIP","floor":19},{"not_picked":["Perfected Strike"],"picked":"SKIP","floor":21},{"not_picked":[],"picked":"Fire Breathing+1","floor":22},{"not_picked":[],"picked":"Reckless Charge+1","floor":23},{"not_picked":["Anger"],"picked":"SKIP","floor":24},{"not_picked":[],"picked":"Dark Embrace+1","floor":27},{"not_picked":[],"picked":"Warcry+1","floor":29},{"not_picked":[],"picked":"Corruption+1","floor":31}],"player_experience":546746,"relics_obtained":[{"floor":8,"key":"Ornamental Fan"},{"floor":9,"key":"Frozen Egg 2"},{"floor":24,"key":"Unceasing Top"},{"floor":26,"key":"Paper Frog"},{"floor":27,"key":"Boot"},{"floor":30,"key":"Shuriken"}],"event_choices":[{"cards_removed":["Strike_R"],"damage_healed":0.0,"max_hp_gain":0.0,"max_hp_loss":0.0,"gold_gain":0.0,"event_name":"Golden Wing","player_choice":"Card Removal","floor":3.0,"gold_loss":0.0,"damage_taken":7.0},{"damage_healed":0,"gold_gain":0,"player_choice":"Became a Ghost","damage_taken":0,"max_hp_gain":0,"max_hp_loss":40,"event_name":"Ghosts","floor":20,"gold_loss":0,"cards_obtained":["Ghostly","Ghostly","Ghostly","Ghostly","Ghostly"]},{"damage_healed":0,"gold_gain":0,"player_choice":"Smashed Altar","damage_taken":0,"max_hp_gain":0,"max_hp_loss":0,"event_name":"Forgotten Altar","floor":25,"gold_loss":0,"cards_obtained":["Decay"]}],"is_beta":false,"boss_relics":[{"not_picked":["Calling Bell","Velvet Choker"],"picked":"Busted Crown"}],"items_purged_floors":[10],"is_endless":false,"potions_floor_spawned":[4,5,12,13,16,21,23,24,29],"killed_by":"Automaton","ascension_level":13}