{"gold_per_floor":[110,35,51,70,87,100,125,0,0,25,44,79,79,79],"floor_reached":14,"playtime":983,"items_purged":["Strike_G","Strike_G"],"score":117,"play_id":"11c7e55c-14f7-415d-a873-f2f18871e4be","local_time":"20190704102933","is_ascension_mode":true,"campfire_choices":[{"floor":13,"key":"REST"}],"neow_cost":"NONE","seed_source_timestamp":98155577177814,"circlet_count":0,"master_deck":["Strike_G+1","Strike_G","Defend_G","Defend_G","Defend_G","Defend_G","Survivor","Neutralize+1","Poisoned Stab","Cloak And Dagger","Infinite Blades","Caltrops","Catalyst","Poisoned Stab","Blur"],"relics":["Empty Cage","Whetstone","Unceasing Top","Orichalcum","Darkstone Periapt"],"potions_floor_usage":[7,12,14],"damage_taken":[{"damage":0,"enemies":"Cultist","floor":1,"turns":4},{"damage":1,"enemies":"2 Louse","floor":3,"turns":3},{"damage":1,"enemies":"Small Slimes","floor":4,"turns":4},{"damage":4,"enemies":"2 Fungi Beasts","floor":5,"turns":4},{"damage":13,"enemies":"3 Louse","floor":6,"turns":3},{"damage":8,"enemies":"Lagavulin","floor":7,"turns":7},{"damage":5,"enemies":"Looter","floor":11,"turns":3},{"damage":26,"enemies":"Gremlin Nob","floor":12,"turns":4},{"damage":34,"enemies":"3 Sentries","floor":14,"turns":5}],"seed_played":"-5026205727818891349","potions_obtained":[{"floor":4,"key":"GhostInAJar"},{"floor":6,"key":"Strength Potion"},{"floor":12,"key":"Dexterity Potion"}],"is_trial":false,"path_per_floor":["M","$","M","M","M","M","E","$","T","T","M","E","R","E"],"character_chosen":"THE_SILENT","items_purchased":["Poisoned Stab"],"campfire_rested":1,"item_purchase_floors":[8],"current_hp_per_floor":[70,70,69,68,64,51,43,43,43,43,38,12,33,0],"gold":79,"neow_bonus":"BOSS_RELIC","is_prod":false,"is_daily":false,"chose_seed":false,"campfire_upgraded":0,"win_rate":0,"timestamp":1562261373,"path_taken":["M","$","?","M","M","M","E","$","T","?","M","E","R","E"],"build_version":"2019-07-01","purchased_purges":2,"victory":false,"max_hp_per_floor":[70,70,70,70,70,70,70,70,70,70,70,70,70,70],"card_choices":[{"not_picked":["PiercingWail","Acrobatics"],"picked":"Poisoned Stab","floor":1},{"not_picked":["Acrobatics","Predator"],"picked":"Cloak And Dagger","floor":3},{"not_picked":["Dash","Terror"],"picked":"Infinite Blades","floor":4},{"not_picked":["Sucker Punch","Backflip"],"picked":"Caltrops","floor":5},{"not_picked":["Prepared","Deflect"],"picked":"Catalyst","floor":6},{"not_picked":["Cloak And Dagger","Flying Knee","Blade Dance"],"picked":"SKIP","floor":7},{"not_picked":["Dagger Spray","Expertise"],"picked":"Blur","floor":11},{"not_picked":["Prepared","Night Terror","Acrobatics"],"picked":"SKIP","floor":12}],"player_experience":161564,"relics_obtained":[{"floor":7,"key":"Whetstone"},{"floor":9,"key":"Unceasing Top"},{"floor":10,"key":"Orichalcum"},{"floor":12,"key":"Darkstone Periapt"}],"event_choices":[],"is_beta":false,"boss_relics":[],"items_purged_floors":[2,8],"is_endless":false,"potions_floor_spawned":[4,6,12],"killed_by":"3 Sentries","ascension_level":3}