{"gold_per_floor":[116,116,139,153,153,176,219,0,24,43,84,102,102,142,142,270,270,284,302,318,343,30,30,30,30,57,57,14,14,52,66,66,207,207,231,250,263,263,276,315,327,377,413,425,455,506,97,122,122,122],"floor_reached":51,"playtime":4534,"items_purged":["Strike_R","Strike_R"],"score":1000,"play_id":"95cbb239-7f2e-49ee-83af-893c161defbb","local_time":"20190703224309","is_ascension_mode":true,"campfire_choices":[{"data":"Armaments","floor":13,"key":"SMITH"},{"floor":15,"key":"REST"},{"data":"Armaments","floor":23,"key":"SMITH"},{"data":"Magnetism","floor":25,"key":"SMITH"},{"data":"Body Slam","floor":27,"key":"SMITH"},{"data":"True Grit","floor":32,"key":"SMITH"},{"data":"Seeing Red","floor":41,"key":"SMITH"},{"floor":44,"key":"RECALL"},{"data":"Inflame","floor":49,"key":"SMITH"}],"neow_cost":"CURSE","seed_source_timestamp":52205547379732,"circlet_count":0,"master_deck":["Strike_R","Strike_R","Strike_R","Defend_R","Defend_R","Defend_R","Defend_R","Bash","Dramatic Entrance","Good Instincts","Seeing Red+1","Body Slam+1","Armaments+1","Shockwave","Shockwave","Whirlwind","Flame Barrier","Blood for Blood","Immolate","Reaper","Blood for Blood+1","Shrug It Off","True Grit+1","Armaments+1","Feel No Pain","Magnetism+1","Fire Breathing","Ghostly","Ghostly","Ghostly","Ghostly","Ghostly","Fire Breathing","Berserk","Disarm","Body Slam+1","Metallicize","Berserk","Fire Breathing","Panache","Inflame+1"],"relics":["Burning Blood","Golden Idol","Potion Belt","Membership Card","PreservedInsect","Red Skull","Happy Flower","Coffee Dripper","Meat on the Bone","Smiling Mask","Blood Vial","Anchor","Runic Dome","MawBank","Question Card","Singing Bowl","Toy Ornithopter","Centennial Puzzle","Pen Nib"],"potions_floor_usage":[3,7,11,16,16,33,33,33,33,33,46,50,50,50,50],"damage_taken":[{"damage":2,"enemies":"Small Slimes","floor":1,"turns":3},{"damage":3,"enemies":"2 Louse","floor":3,"turns":2},{"damage":21,"enemies":"Jaw Worm","floor":4,"turns":5},{"damage":2,"enemies":"Looter","floor":6,"turns":3},{"damage":15,"enemies":"3 Sentries","floor":7,"turns":7},{"damage":8,"enemies":"Blue Slaver","floor":10,"turns":4},{"damage":15,"enemies":"Lagavulin","floor":11,"turns":5},{"damage":2,"enemies":"Exordium Thugs","floor":12,"turns":2},{"damage":16,"enemies":"Gremlin Nob","floor":14,"turns":3},{"damage":0,"enemies":"Slime Boss","floor":16,"turns":5},{"damage":24,"enemies":"Spheric Guardian","floor":18,"turns":4},{"damage":3,"enemies":"Chosen","floor":19,"turns":4},{"damage":18,"enemies":"Shelled Parasite and Fungi","floor":20,"turns":4},{"damage":0,"enemies":"3 Cultists","floor":21,"turns":3},{"damage":10,"enemies":"Book of Stabbing","floor":30,"turns":6},{"damage":7,"enemies":"Snecko","floor":31,"turns":4},{"damage":36,"enemies":"Champ","floor":33,"turns":15},{"damage":0,"enemies":"3 Darklings","floor":35,"turns":5},{"damage":1,"enemies":"Orb Walker","floor":36,"turns":4},{"damage":0,"enemies":"Jaw Worm Horde","floor":37,"turns":5},{"damage":2,"enemies":"4 Shapes","floor":39,"turns":6},{"damage":47,"enemies":"Reptomancer","floor":40,"turns":8},{"damage":10,"enemies":"Nemesis","floor":42,"turns":8},{"damage":24,"enemies":"Sphere and 2 Shapes","floor":45,"turns":6},{"damage":21,"enemies":"Giant Head","floor":46,"turns":10},{"damage":15,"enemies":"Spire Growth","floor":48,"turns":7},{"damage":31,"enemies":"Donu and Deca","floor":50,"turns":8}],"seed_played":"-5300617360575399625","potions_obtained":[{"floor":1,"key":"Poison Potion"},{"floor":4,"key":"AttackPotion"},{"floor":6,"key":"SteroidPotion"},{"floor":10,"key":"Fire Potion"},{"floor":12,"key":"Swift Potion"},{"floor":20,"key":"SkillPotion"},{"floor":21,"key":"SteroidPotion"},{"floor":31,"key":"SpeedPotion"},{"floor":33,"key":"FearPotion"},{"floor":37,"key":"Strength Potion"},{"floor":42,"key":"Energy Potion"},{"floor":45,"key":"Energy Potion"},{"floor":46,"key":"SpeedPotion"}],"is_trial":false,"path_per_floor":["M","?","M","M","?","M","E","$","T","M","E","M","R","E","R","B",null,"M","M","M","M","$","R","?","R","T","R","$","?","E","M","R","B",null,"M","M","M","?","M","E","R","E","T","R","M","E","$","M","R","B",null],"character_chosen":"IRONCLAD","items_purchased":["Membership Card","PowerPotion","Feel No Pain","Meat on the Bone","Magnetism","Dexterity Potion","Fire Breathing","Fire Potion","Panache","Toy Ornithopter","Centennial Puzzle","Pen Nib","Strength Potion"],"campfire_rested":1,"item_purchase_floors":[8,8,22,22,22,22,28,28,47,47,47,47,47],"current_hp_per_floor":[80,60,63,48,41,45,36,36,36,34,25,29,29,19,43,49,80,62,71,65,71,71,71,71,71,71,71,71,40,40,39,39,22,40,40,40,40,40,40,21,21,31,31,31,27,31,31,30,30,39],"gold":122,"neow_bonus":"RANDOM_COLORLESS_2","is_prod":false,"is_daily":false,"chose_seed":false,"campfire_upgraded":7,"win_rate":0,"timestamp":1562218989,"path_taken":["M","?","M","M","?","M","E","$","T","M","E","M","R","E","R","BOSS","M","M","M","M","$","R","?","R","T","R","$","?","E","M","R","BOSS","M","M","M","?","M","E","R","E","T","R","M","E","$","M","R","BOSS"],"build_version":"2019-07-01","purchased_purges":2,"victory":true,"max_hp_per_floor":[80,80,80,80,80,80,80,80,80,80,80,80,80,80,80,80,80,80,80,80,80,80,80,80,80,80,80,80,40,40,40,40,40,40,40,40,40,40,40,40,40,40,40,40,40,42,42,42,42,42],"card_choices":[{"not_picked":["Shockwave","Power Through"],"picked":"Seeing Red","floor":1},{"not_picked":["Corruption","Warcry"],"picked":"Body Slam","floor":3},{"not_picked":["Shrug It Off","Combust"],"picked":"Armaments","floor":4},{"not_picked":["Flex","Pummel"],"picked":"Shockwave","floor":6},{"not_picked":["Intimidate","Anger"],"picked":"Shockwave","floor":7},{"not_picked":["Sword Boomerang","Headbutt"],"picked":"Whirlwind","floor":10},{"not_picked":["Clothesline","Pommel Strike"],"picked":"Flame Barrier","floor":11},{"not_picked":["Iron Wave","Shrug It Off"],"picked":"Blood for Blood","floor":12},{"not_picked":["Clash","Bloodletting"],"picked":"Immolate","floor":14},{"not_picked":["Fiend Fire","Double Tap"],"picked":"Reaper","floor":16},{"not_picked":["Clash","Wild Strike+1"],"picked":"Blood for Blood+1","floor":18},{"not_picked":["Flex","Sword Boomerang"],"picked":"Shrug It Off","floor":19},{"not_picked":["Anger+1","Pommel Strike"],"picked":"True Grit","floor":20},{"not_picked":["Anger+1","Clothesline"],"picked":"Armaments","floor":21},{"not_picked":["Rampage","Wild Strike"],"picked":"Fire Breathing","floor":30},{"not_picked":["Shrug It Off","Headbutt+1","Clothesline"],"picked":"SKIP","floor":31},{"not_picked":["Offering","Brutality"],"picked":"Berserk","floor":33},{"not_picked":["Battle Trance","Searing Blow"],"picked":"Disarm","floor":35},{"not_picked":["Perfected Strike+1","Cleave"],"picked":"Body Slam+1","floor":36},{"not_picked":["Wild Strike+1","Cleave+1"],"picked":"Metallicize","floor":37},{"not_picked":["Perfected Strike","Clothesline","Wild Strike"],"picked":"SKIP","floor":39},{"not_picked":["Warcry+1","Twin Strike"],"picked":"Berserk","floor":40},{"not_picked":["Perfected Strike+1","Burning Pact","Corruption"],"picked":"SKIP","floor":42},{"not_picked":["Blood for Blood","Searing Blow+1","Clothesline+1"],"picked":"Fire Breathing","floor":45},{"not_picked":["Heavy Blade+1","Flex+1","Shrug It Off","Shockwave+1"],"picked":"Singing Bowl","floor":46},{"not_picked":["Anger+1","Intimidate+1","Battle Trance+1"],"picked":"Inflame","floor":48}],"player_experience":157030,"relics_obtained":[{"floor":7,"key":"Potion Belt"},{"floor":9,"key":"PreservedInsect"},{"floor":11,"key":"Red Skull"},{"floor":14,"key":"Happy Flower"},{"floor":26,"key":"Blood Vial"},{"floor":30,"key":"Anchor"},{"floor":40,"key":"MawBank"},{"floor":42,"key":"Question Card"},{"floor":46,"key":"Singing Bowl"}],"event_choices":[{"damage_healed":0,"gold_gain":0,"player_choice":"Take Damage","damage_taken":20,"relics_obtained":["Golden Idol"],"max_hp_gain":0,"max_hp_loss":0,"event_name":"Golden Idol","floor":2,"gold_loss":0},{"cards_removed":["Regret"],"damage_healed":0,"gold_gain":0,"player_choice":"Card Removal","damage_taken":7,"max_hp_gain":0,"max_hp_loss":0,"event_name":"Golden Wing","floor":5,"gold_loss":0},{"damage_healed":0,"gold_gain":0,"player_choice":"Opened","damage_taken":0,"relics_obtained":["Smiling Mask"],"max_hp_gain":0,"max_hp_loss":0,"event_name":"The Mausoleum","floor":24,"gold_loss":0},{"damage_healed":0,"gold_gain":0,"player_choice":"Became a Ghost","damage_taken":0,"max_hp_gain":0,"max_hp_loss":40,"event_name":"Ghosts","floor":29,"gold_loss":0,"cards_obtained":["Ghostly","Ghostly","Ghostly","Ghostly","Ghostly"]},{"damage_healed":0,"gold_gain":0,"player_choice":"Ignored","damage_taken":0,"max_hp_gain":0,"max_hp_loss":0,"event_name":"Tomb of Lord Red Mask","floor":38,"gold_loss":0}],"is_beta":false,"boss_relics":[{"not_picked":["Fusion Hammer","Busted Crown"],"picked":"Coffee Dripper"},{"not_picked":["Mark of Pain","Pandora\u0027s Box"],"picked":"Runic Dome"}],"items_purged_floors":[22,47],"is_endless":false,"potions_floor_spawned":[1,4,6,10,12,20,21,31,33,37,42,45,46],"ascension_level":3}