{"gold_per_floor":[99,99,99,99,54,54,54,54,54,54,54,54,54,54,54,54,54,54,54,54,54,54,54,54,54,54,54,54,54,54,54,54,54,54,54,54,54,54,54,54,54,54,54,54,54,54,54,54,54,54],"floor_reached":51,"playtime":5709,"items_purged":[],"score":919,"play_id":"780b247a-eb19-4835-a1aa-3ca8ada60296","local_time":"20190711000218","is_ascension_mode":true,"campfire_choices":[{"floor":15,"key":"REST"},{"data":"A Thousand Cuts","floor":23,"key":"SMITH"},{"floor":25,"key":"REST"},{"data":"Envenom","floor":30,"key":"SMITH"},{"data":"Caltrops","floor":32,"key":"SMITH"},{"data":"Caltrops","floor":40,"key":"SMITH"},{"floor":45,"key":"REST"},{"data":"Cloak And Dagger","floor":49,"key":"SMITH"}],"neow_cost":"NONE","seed_source_timestamp":193845592914221,"circlet_count":0,"master_deck":["Strike_G","Defend_G","Defend_G","Defend_G","Defend_G","Survivor","Neutralize+1","Cloak And Dagger+1","Blade Dance","Calculated Gamble","Cloak And Dagger+1","Footwork+1","Masterful Stab","A Thousand Cuts+1","Quick Slash","Caltrops+1","Choke","Envenom+1","Dash","Leg Sweep","Burst","Caltrops+1","Predator+1","Writhe","After Image+1","Footwork+1","Dagger Throw+1","Glass Knife+1","Dodge and Roll+1","Backstab+1","Escape Plan+1"],"relics":["Ectoplasm","Du-Vu Doll","Ninja Scroll","Lantern","Bag of Preparation","Mummified Hand","White Beast Statue","Dodecahedron","Frozen Egg 2","Mercury Hourglass","Centennial Puzzle","Astrolabe","The Specimen","Singing Bowl","Dream Catcher","Strawberry"],"potions_floor_usage":[8,12,12,16,16,18,19,20,22,24,33,41,42,44,44,46,46,50,50,50],"damage_taken":[{"damage":3,"enemies":"Jaw Worm","floor":1,"turns":5},{"damage":0,"enemies":"Small Slimes","floor":2,"turns":3},{"damage":0,"enemies":"Cultist","floor":4,"turns":4},{"damage":6,"enemies":"Looter","floor":5,"turns":4},{"damage":14,"enemies":"3 Sentries","floor":6,"turns":11},{"damage":0,"enemies":"Blue Slaver","floor":7,"turns":4},{"damage":1,"enemies":"Lagavulin","floor":8,"turns":9},{"damage":0,"enemies":"3 Sentries","floor":10,"turns":5},{"damage":12,"enemies":"Lagavulin","floor":12,"turns":5},{"damage":0,"enemies":"Red Slaver","floor":13,"turns":2},{"damage":0,"enemies":"Looter","floor":14,"turns":1},{"damage":14,"enemies":"The Guardian","floor":16,"turns":8},{"damage":0,"enemies":"3 Byrds","floor":18,"turns":4},{"damage":0,"enemies":"Shell Parasite","floor":19,"turns":4},{"damage":16,"enemies":"Shelled Parasite and Fungi","floor":20,"turns":4},{"damage":23,"enemies":"Cultist and Chosen","floor":22,"turns":5},{"damage":3,"enemies":"Slavers","floor":24,"turns":3},{"damage":0,"enemies":"Gremlin Leader","floor":27,"turns":5},{"damage":34,"enemies":"Automaton","floor":33,"turns":9},{"damage":0,"enemies":"3 Shapes","floor":35,"turns":3},{"damage":0,"enemies":"3 Darklings","floor":38,"turns":3},{"damage":1,"enemies":"2 Orb Walkers","floor":41,"turns":3},{"damage":6,"enemies":"Nemesis","floor":42,"turns":5},{"damage":6,"enemies":"Giant Head","floor":44,"turns":6},{"damage":1,"enemies":"Transient","floor":46,"turns":5},{"damage":0,"enemies":"Maw","floor":47,"turns":6},{"damage":0,"enemies":"4 Shapes","floor":48,"turns":3},{"damage":18,"enemies":"Awakened One","floor":50,"turns":11}],"seed_played":"-2681253502757172061","potions_obtained":[{"floor":2,"key":"Energy Potion"},{"floor":7,"key":"Weak Potion"},{"floor":8,"key":"AttackPotion"},{"floor":10,"key":"Energy Potion"},{"floor":13,"key":"Energy Potion"},{"floor":14,"key":"SkillPotion"},{"floor":18,"key":"Weak Potion"},{"floor":19,"key":"Swift Potion"},{"floor":20,"key":"Fruit Juice"},{"floor":22,"key":"Regen Potion"},{"floor":24,"key":"Strength Potion"},{"floor":27,"key":"PowerPotion"},{"floor":33,"key":"Fire Potion"},{"floor":35,"key":"Poison Potion"},{"floor":41,"key":"FearPotion"},{"floor":42,"key":"Dexterity Potion"},{"floor":44,"key":"FearPotion"},{"floor":46,"key":"Swift Potion"},{"floor":47,"key":"Ancient Potion"},{"floor":48,"key":"PowerPotion"}],"is_trial":false,"path_per_floor":["M","M","?","M","M","E","M","E","T","E","?","E","M","M","R","B",null,"M","M","M","?","M","R","E","R","T","E","$","?","R","?","R","B",null,"M","?","$","M","?","R","?","E","T","E","R","M","M","M","R","B",null],"character_chosen":"THE_SILENT","items_purchased":[],"campfire_rested":3,"item_purchase_floors":[],"current_hp_per_floor":[67,67,67,67,61,47,47,46,46,46,32,20,20,20,41,27,70,70,70,54,54,36,36,45,67,67,67,67,67,67,53,53,19,80,80,80,80,80,76,76,75,69,69,72,87,88,90,92,92,74],"gold":54,"neow_bonus":"BOSS_RELIC","is_prod":false,"is_daily":false,"chose_seed":false,"campfire_upgraded":5,"win_rate":0,"timestamp":1562828538,"path_taken":["M","M","?","M","M","E","M","E","T","E","?","E","M","M","R","BOSS","M","M","M","?","?","R","E","R","T","E","$","?","R","?","R","BOSS","M","?","$","?","?","R","?","E","T","E","R","M","M","M","R","BOSS"],"build_version":"2019-07-05","purchased_purges":0,"victory":true,"max_hp_per_floor":[70,70,70,70,70,70,70,70,70,70,70,70,70,70,70,70,70,70,70,70,70,75,75,75,75,75,75,75,75,75,80,80,80,80,80,80,80,80,76,76,76,76,76,85,87,89,91,93,93,93],"card_choices":[{"not_picked":["Acrobatics","Dagger Spray"],"picked":"Cloak And Dagger","floor":1},{"not_picked":["Distraction","Endless Agony"],"picked":"Blade Dance","floor":2},{"not_picked":["Riddle With Holes","Eviscerate"],"picked":"Calculated Gamble","floor":4},{"not_picked":["Reflex","PiercingWail"],"picked":"Cloak And Dagger","floor":5},{"not_picked":["Flying Knee","Outmaneuver"],"picked":"Footwork","floor":6},{"not_picked":["Blur","Flechettes"],"picked":"Masterful Stab","floor":7},{"not_picked":["Poisoned Stab","Blade Dance"],"picked":"A Thousand Cuts","floor":8},{"not_picked":["Poisoned Stab","Slice"],"picked":"Quick Slash","floor":10},{"not_picked":["Blade Dance","Endless Agony"],"picked":"Caltrops","floor":12},{"not_picked":["Noxious Fumes","Quick Slash"],"picked":"Choke","floor":13},{"not_picked":["Prepared","PiercingWail","Sucker Punch"],"picked":"SKIP","floor":14},{"not_picked":["Wraith Form v2","A Thousand Cuts"],"picked":"Envenom","floor":16},{"not_picked":["Backflip","Deadly Poison"],"picked":"Dash","floor":18},{"not_picked":["Setup+1","Eviscerate","Acrobatics"],"picked":"SKIP","floor":19},{"not_picked":["Skewer","Calculated Gamble"],"picked":"Leg Sweep","floor":20},{"not_picked":["Infinite Blades","Noxious Fumes+1"],"picked":"Caltrops","floor":22},{"not_picked":["Dodge and Roll","Choke","Heel Hook"],"picked":"SKIP","floor":24},{"not_picked":["Quick Slash","Backflip"],"picked":"Predator+1","floor":27},{"not_picked":["Corpse Explosion","Storm of Steel"],"picked":"After Image+1","floor":33},{"not_picked":["Leg Sweep+1","Deflect","Underhanded Strike"],"picked":"SKIP","floor":35},{"not_picked":["Prepared","Sucker Punch+1"],"picked":"Dodge and Roll+1","floor":38},{"not_picked":["Outmaneuver","Bane"],"picked":"Backstab+1","floor":41},{"not_picked":["Riddle With Holes+1","Dodge and Roll+1"],"picked":"Escape Plan+1","floor":42},{"not_picked":["Tactician+1","Glass Knife","Dodge and Roll+1"],"picked":"Singing Bowl","floor":44},{"not_picked":["Deflect+1","Bane","Well Laid Plans+1"],"picked":"Singing Bowl","floor":45},{"not_picked":["Dagger Throw","Quick Slash+1","Prepared"],"picked":"Singing Bowl","floor":46},{"not_picked":["Doppelganger","Calculated Gamble","Blade Dance+1"],"picked":"Singing Bowl","floor":47},{"not_picked":["Backstab","Concentrate+1","Sucker Punch"],"picked":"Singing Bowl","floor":48}],"player_experience":247186,"relics_obtained":[{"floor":6,"key":"Du-Vu Doll"},{"floor":8,"key":"Ninja Scroll"},{"floor":9,"key":"Lantern"},{"floor":10,"key":"Bag of Preparation"},{"floor":12,"key":"Mummified Hand"},{"floor":24,"key":"Dodecahedron"},{"floor":26,"key":"Frozen Egg 2"},{"floor":27,"key":"Mercury Hourglass"},{"floor":41,"key":"The Specimen"},{"floor":42,"key":"Singing Bowl"},{"floor":43,"key":"Dream Catcher"},{"floor":44,"key":"Strawberry"}],"event_choices":[{"damage_healed":0,"gold_gain":0,"player_choice":"Grow","damage_taken":0,"max_hp_gain":0,"max_hp_loss":0,"event_name":"Living Wall","floor":3,"gold_loss":0,"cards_upgraded":["Neutralize"]},{"damage_healed":0,"gold_gain":0,"player_choice":"Entered Light","damage_taken":14,"max_hp_gain":0,"max_hp_loss":0,"event_name":"Shining Light","floor":11,"gold_loss":0,"cards_upgraded":["Footwork","Cloak And Dagger"]},{"damage_healed":0,"gold_gain":0,"cards_transformed":["Strike_G"],"player_choice":"Transformed","damage_taken":0,"max_hp_gain":0,"max_hp_loss":0,"event_name":"Transmorgrifier","floor":21,"gold_loss":0,"cards_obtained":["Burst"]},{"damage_healed":0,"gold_gain":0,"player_choice":"Opened","damage_taken":0,"relics_obtained":["Centennial Puzzle"],"max_hp_gain":0,"max_hp_loss":0,"event_name":"The Mausoleum","floor":29,"gold_loss":0,"cards_obtained":["Writhe"]},{"damage_healed":0,"gold_gain":0,"player_choice":"Shed Blood","damage_taken":19,"max_hp_gain":5,"max_hp_loss":0,"event_name":"Forgotten Altar","floor":31,"gold_loss":0},{"cards_removed":["Strike_G"],"damage_healed":0,"gold_gain":0,"player_choice":"Purged","damage_taken":0,"max_hp_gain":0,"max_hp_loss":0,"event_name":"Purifier","floor":36,"gold_loss":0},{"damage_healed":0,"gold_gain":0,"player_choice":"Max HP","damage_taken":0,"max_hp_gain":0,"max_hp_loss":4,"event_name":"Winding Halls","floor":39,"gold_loss":0},{"damage_healed":0,"gold_gain":0,"player_choice":"Fight","damage_taken":0,"max_hp_gain":0,"max_hp_loss":0,"event_name":"Mysterious Sphere","floor":41,"gold_loss":0}],"is_beta":false,"boss_relics":[{"not_picked":["Runic Dome","Tiny House"],"picked":"White Beast Statue"},{"not_picked":["Coffee Dripper","Empty Cage"],"picked":"Astrolabe"}],"items_purged_floors":[],"is_endless":false,"potions_floor_spawned":[2,7,8,10,13,14,18,19,20,22,24,27,33,35,38,41,42,44,46,47,48],"ascension_level":3}