{"gold_per_floor":[116,6,6,16,27,27,37,68,68,68,123,140,154,168,168,265,265,283,302,319,319,331,331,357,373,398,432,445,445,457,353,353,454,454,481,315,334,347,347,347,96,96,122,2,13,25,25,39,39,39],"floor_reached":51,"playtime":8344,"items_purged":["Parasite","Pain","Normality"],"score":820,"play_id":"fe9f8fc5-add6-4241-a5d7-ee8f75a824e8","local_time":"20190629010448","is_ascension_mode":false,"campfire_choices":[{"data":"Well Laid Plans","floor":6,"key":"SMITH"},{"floor":10,"key":"REST"},{"data":"Footwork","floor":15,"key":"SMITH"},{"data":"After Image","floor":23,"key":"SMITH"},{"data":"Bite","floor":29,"key":"SMITH"},{"data":"Bite","floor":32,"key":"SMITH"},{"data":"Bite","floor":40,"key":"SMITH"},{"floor":42,"key":"REST"},{"data":"Neutralize","floor":47,"key":"SMITH"},{"data":"Prepared","floor":49,"key":"SMITH"}],"neow_cost":"CURSE","seed_source_timestamp":0,"circlet_count":0,"master_deck":["Defend_G","Defend_G","Defend_G","Defend_G","Survivor","Neutralize+1","Dagger Throw","Well Laid Plans+1","Slice","Leg Sweep+1","Poisoned Stab","Heel Hook","Poisoned Stab","Dodge and Roll+1","Bane","Footwork+1","After Image+1","Footwork+1","Corpse Explosion+1","Dagger Spray+1","Bane","Slice+1","Bite","Bite","Bite+1","Bite+1","Bite+1","Dash+1","Deadly Poison+1","Parasite","Deflect+1","Noxious Fumes","Parasite","Prepared+1","Flash of Steel","Escape Plan","Terror+1","Poisoned Stab+1","Crippling Poison+1"],"special_seed":0,"relics":["Ring of the Snake","Unceasing Top","FossilizedHelix","Dodecahedron","Pantograph","Astrolabe","Mummified Hand","Blood Vial","Boot","Potion Belt","Calling Bell","MawBank","Ninja Scroll","Mango","War Paint"],"potions_floor_usage":[8,12,20,24,25,27,33,33,50,50,50,50,50],"damage_taken":[{"damage":1.0,"enemies":"Cultist","floor":1.0,"turns":5.0},{"damage":0.0,"enemies":"2 Louse","floor":4.0,"turns":3.0},{"damage":0.0,"enemies":"Small Slimes","floor":5.0,"turns":3.0},{"damage":1,"enemies":"Exordium Wildlife","floor":7,"turns":3},{"damage":12,"enemies":"Lagavulin","floor":8,"turns":7},{"damage":0,"enemies":"Lagavulin Event","floor":11,"turns":6},{"damage":0,"enemies":"Exordium Thugs","floor":12,"turns":4},{"damage":0,"enemies":"Large Slime","floor":13,"turns":4},{"damage":0,"enemies":"3 Louse","floor":14,"turns":4},{"damage":18,"enemies":"Slime Boss","floor":16,"turns":14},{"damage":0,"enemies":"Chosen","floor":18,"turns":5},{"damage":0,"enemies":"Spheric Guardian","floor":19,"turns":5},{"damage":0,"enemies":"Shelled Parasite and Fungi","floor":20,"turns":5},{"damage":0,"enemies":"Sentry and Sphere","floor":22,"turns":6},{"damage":0,"enemies":"Book of Stabbing","floor":24,"turns":6},{"damage":5,"enemies":"Snake Plant","floor":25,"turns":5},{"damage":0,"enemies":"Gremlin Leader","floor":27,"turns":6},{"damage":0,"enemies":"Shelled Parasite and Fungi","floor":28,"turns":6},{"damage":0,"enemies":"Centurion and Healer","floor":30,"turns":5},{"damage":0,"enemies":"Collector","floor":33,"turns":12},{"damage":21,"enemies":"Orb Walker","floor":35,"turns":6},{"damage":0,"enemies":"3 Shapes","floor":37,"turns":5},{"damage":31,"enemies":"Writhing Mass","floor":38,"turns":6},{"damage":0,"enemies":"Transient","floor":45,"turns":5},{"damage":0,"enemies":"3 Darklings","floor":46,"turns":6},{"damage":0,"enemies":"4 Shapes","floor":48,"turns":5},{"damage":43,"enemies":"Awakened One","floor":50,"turns":15}],"seed_played":"7054644545046482312","potions_obtained":[{"floor":1.0,"key":"SneckoOil"},{"floor":5,"key":"Poison Potion"},{"floor":11,"key":"SkillPotion"},{"floor":13,"key":"GhostInAJar"},{"floor":18,"key":"Dexterity Potion"},{"floor":20,"key":"PowerPotion"},{"floor":27,"key":"Regen Potion"},{"floor":28,"key":"Block Potion"},{"floor":30,"key":"Energy Potion"},{"floor":46,"key":"Strength Potion"}],"is_trial":false,"path_per_floor":["M","$","?","M","M","R","M","E","T","R","?","M","M","M","R","B",null,"M","M","M","?","M","R","E","M","T","E","M","R","M","?","R","B",null,"M","$","M","M","?","R","$","R","T","$","M","M","R","M","R","B",null],"character_chosen":"THE_SILENT","items_purchased":["Well Laid Plans","Noxious Fumes","Regen Potion","Poison Potion","Escape Plan","PowerPotion"],"campfire_rested":2,"item_purchase_floors":[2,36,41,41,44,44],"current_hp_per_floor":[69,67,60,60,60,60,59,47,47,67,67,67,67,67,67,49,67,67,67,67,46,46,46,46,43,43,46,46,46,46,46,46,46,60,43,43,55,36,36,36,36,54,54,54,60,60,60,60,60,49],"gold":39,"neow_bonus":"ONE_RARE_RELIC","is_prod":false,"is_daily":false,"chose_seed":false,"campfire_upgraded":8,"win_rate":0.0,"timestamp":1561795488,"path_taken":["M","$","?","M","M","R","M","E","T","R","?","M","M","M","R","BOSS","M","M","M","?","M","R","E","M","T","E","M","R","M","?","R","BOSS","M","$","M","M","?","R","$","R","T","$","M","M","R","M","R","BOSS"],"build_version":"2019-01-23","purchased_purges":3,"victory":true,"max_hp_per_floor":[70,67,67,67,67,67,67,67,67,67,67,67,67,67,67,67,67,67,67,67,46,46,46,46,46,46,46,46,46,46,46,46,46,60,60,60,60,60,60,60,60,60,60,60,60,60,60,60,60,60],"card_choices":[{"not_picked":["Outmaneuver","Sucker Punch"],"picked":"Dagger Throw","floor":1.0},{"not_picked":["Infinite Blades","PiercingWail"],"picked":"Slice","floor":4.0},{"not_picked":["Phantasmal Killer","Reflex"],"picked":"Leg Sweep","floor":5},{"not_picked":["Backflip","Dodge and Roll"],"picked":"Poisoned Stab","floor":7},{"not_picked":["Infinite Blades","Bouncing Flask"],"picked":"Heel Hook","floor":8},{"not_picked":["Outmaneuver","Dodge and Roll"],"picked":"Poisoned Stab","floor":11},{"not_picked":["Terror","Poisoned Stab"],"picked":"Dodge and Roll","floor":12},{"not_picked":["A Thousand Cuts","Dagger Spray"],"picked":"Bane","floor":13},{"not_picked":["Flying Knee","Poisoned Stab"],"picked":"Footwork","floor":14},{"not_picked":["Night Terror","Doppelganger"],"picked":"After Image","floor":16},{"not_picked":["Backflip","Riddle With Holes+1"],"picked":"Bane","floor":18},{"not_picked":["Bane","Finisher"],"picked":"Slice+1","floor":19},{"not_picked":["Blade Dance","Slice","Finisher"],"picked":"SKIP","floor":20},{"not_picked":["Sucker Punch","Night Terror","Blade Dance"],"picked":"SKIP","floor":22},{"not_picked":["Endless Agony","Dodge and Roll"],"picked":"Dash+1","floor":24},{"not_picked":["Underhanded Strike","Blade Dance+1","Quick Slash"],"picked":"SKIP","floor":25},{"not_picked":["Dagger Spray+1","Backflip","Sucker Punch"],"picked":"SKIP","floor":27},{"not_picked":["Backflip","Dagger Throw"],"picked":"Deadly Poison+1","floor":28},{"not_picked":["Leg Sweep","Acrobatics","PiercingWail"],"picked":"SKIP","floor":30},{"not_picked":["Escape Plan","Bane"],"picked":"Deflect+1","floor":35},{"not_picked":["Outmaneuver","Blade Dance+1","Sucker Punch"],"picked":"SKIP","floor":37},{"not_picked":["Blur","Slice"],"picked":"Prepared","floor":38},{"not_picked":["Chrysalis","Trip"],"picked":"Flash of Steel","floor":39},{"not_picked":["Quick Slash","Riddle With Holes+1"],"picked":"Terror+1","floor":45},{"not_picked":["Slice+1","Sucker Punch+1"],"picked":"Poisoned Stab+1","floor":46},{"not_picked":["Leg Sweep","Quick Slash+1"],"picked":"Crippling Poison+1","floor":48}],"player_experience":42238,"relics_obtained":[{"floor":8,"key":"FossilizedHelix"},{"floor":9,"key":"Dodecahedron"},{"floor":24,"key":"Mummified Hand"},{"floor":26,"key":"Blood Vial"},{"floor":27,"key":"Boot"},{"floor":34,"key":"MawBank"},{"floor":34,"key":"Ninja Scroll"},{"floor":34,"key":"Mango"},{"floor":43,"key":"War Paint"}],"event_choices":[{"cards_removed":["Strike_G"],"damage_healed":0.0,"max_hp_gain":0.0,"max_hp_loss":0.0,"gold_gain":0.0,"event_name":"Golden Wing","player_choice":"Card Removal","floor":3.0,"gold_loss":0.0,"damage_taken":7.0},{"damage_healed":0,"gold_gain":0,"player_choice":"Searched \u00272\u0027 times","damage_taken":0,"relics_obtained":["Pantograph"],"max_hp_gain":0,"max_hp_loss":0,"event_name":"Dead Adventurer","floor":11,"gold_loss":0},{"damage_healed":0,"gold_gain":0,"player_choice":"Became a vampire","damage_taken":0,"max_hp_gain":0,"max_hp_loss":21,"event_name":"Vampires","floor":21,"gold_loss":0,"cards_obtained":["Bite","Bite","Bite","Bite","Bite"]},{"damage_healed":0,"gold_gain":0,"player_choice":"Paid Gold","damage_taken":0,"relics_obtained":["Potion Belt"],"max_hp_gain":0,"max_hp_loss":0,"event_name":"WeMeetAgain","floor":31,"gold_loss":104},{"damage_healed":0,"gold_gain":0,"player_choice":"Memory 1","damage_taken":0,"max_hp_gain":0,"max_hp_loss":0,"event_name":"SensoryStone","floor":39,"gold_loss":0}],"is_beta":false,"boss_relics":[{"not_picked":["Busted Crown","WristBlade"],"picked":"Astrolabe"},{"not_picked":["Runic Pyramid","Lizard Tail"],"picked":"Calling Bell"}],"items_purged_floors":[2,36,41],"is_endless":false,"potions_floor_spawned":[1,5,11,13,18,20,27,28,30,46,48],"ascension_level":0}