{"gold_per_floor":[15,15,25,25,44,44,76,76,76,76,151,182,194,255,267,379,391,415,438,28,28,28,55,55,82,82,92,109,109,119,147,147,248,248,259,277,297,372,391,391,446,476,500,500,513,532,5,5,5,5],"floor_reached":51,"playtime":5008,"items_purged":["Hyperbeam"],"score":1020,"play_id":"95aab8d2-77aa-453c-be6d-97e0e9735274","local_time":"20190804142406","is_ascension_mode":true,"campfire_choices":[{"data":"Zap","floor":6,"key":"SMITH"},{"data":"Redo","floor":8,"key":"SMITH"},{"data":"Hologram","floor":10,"key":"SMITH"},{"data":"Dualcast","floor":13,"key":"SMITH"},{"floor":15,"key":"REST"},{"floor":24,"key":"REST"},{"floor":29,"key":"REST"},{"data":"Buffer","floor":32,"key":"SMITH"},{"data":"Sunder","floor":40,"key":"SMITH"},{"floor":44,"key":"REST"},{"floor":49,"key":"REST"}],"neow_cost":"NO_GOLD","seed_source_timestamp":971434121611267,"circlet_count":0,"master_deck":["Strike_B+1","Strike_B+1","Strike_B+1","Defend_B+1","Defend_B+1","Defend_B+1","Defend_B+1","Zap+1","Dualcast+1","Hologram+1","Redo+1","Scrape","Steam","Melter","Coolheaded","Rebound","Doom and Gloom","Sunder+1","Conserve Battery+1","Leap+1","Streamline+1","Thunder Strike","Buffer+1","Fission","Streamline+1","Force Field+1","Creative AI","Storm+1","Consume","Storm","Madness","Madness","Defragment+1"],"relics":["Cracked Core","Turnip","Ginger","MawBank","Lantern","Snecko Eye","Blood Vial","Centennial Puzzle","The Courier","Dream Catcher","Regal Pillow","Singing Bowl","Omamori","Cursed Key","Torii","Kunai","DataDisk","Pen Nib","Art of War"],"potions_floor_usage":[16,18,23,25,31,33,35,36,42,50,50],"damage_taken":[{"damage":1,"enemies":"Cultist","floor":1,"turns":4},{"damage":9,"enemies":"2 Louse","floor":3,"turns":2},{"damage":9,"enemies":"Jaw Worm","floor":5,"turns":3},{"damage":26,"enemies":"Lagavulin","floor":7,"turns":6},{"damage":16,"enemies":"Gremlin Nob","floor":12,"turns":3},{"damage":48,"enemies":"Hexaghost","floor":16,"turns":11},{"damage":41,"enemies":"2 Thieves","floor":18,"turns":4},{"damage":14,"enemies":"3 Byrds","floor":19,"turns":4},{"damage":11,"enemies":"Book of Stabbing","floor":23,"turns":4},{"damage":2,"enemies":"Gremlin Leader","floor":25,"turns":4},{"damage":2,"enemies":"Snake Plant","floor":27,"turns":3},{"damage":14,"enemies":"Snecko","floor":28,"turns":4},{"damage":0,"enemies":"Chosen and Byrds","floor":30,"turns":4},{"damage":16,"enemies":"Book of Stabbing","floor":31,"turns":5},{"damage":26,"enemies":"Automaton","floor":33,"turns":10},{"damage":6,"enemies":"Orb Walker","floor":35,"turns":3},{"damage":4,"enemies":"3 Darklings","floor":36,"turns":3},{"damage":0,"enemies":"Sphere and 2 Shapes","floor":37,"turns":4},{"damage":4,"enemies":"4 Shapes","floor":39,"turns":1},{"damage":11,"enemies":"2 Orb Walkers","floor":41,"turns":6},{"damage":40,"enemies":"Giant Head","floor":42,"turns":8},{"damage":16,"enemies":"Writhing Mass","floor":45,"turns":6},{"damage":0,"enemies":"Transient","floor":46,"turns":5},{"damage":39,"enemies":"Donu and Deca","floor":50,"turns":6}],"seed_played":"-6517877847451790164","potions_obtained":[{"floor":12,"key":"Regen Potion"},{"floor":16,"key":"Regen Potion"},{"floor":19,"key":"Poison Potion"},{"floor":27,"key":"Explosive Potion"},{"floor":30,"key":"SpeedPotion"},{"floor":33,"key":"AttackPotion"},{"floor":35,"key":"Energy Potion"},{"floor":41,"key":"GamblersBrew"},{"floor":46,"key":"Poison Potion"}],"is_trial":false,"path_per_floor":["M","?","M","?","M","R","E","R","T","R","?","E","R","T","R","B",null,"M","M","$","?","?","E","R","E","T","M","M","R","M","E","R","B",null,"M","M","M","?","M","R","?","E","T","R","M","M","$","?","R","B",null],"character_chosen":"DEFECT","items_purchased":["Sunder","Blood Vial","Centennial Puzzle","Explosive Potion","Pen Nib","Art of War","Consume","Storm","FocusPotion","SkillPotion"],"campfire_rested":5,"item_purchase_floors":[20,20,20,20,47,47,47,47,47,47],"current_hp_per_floor":[67,67,58,85,76,76,50,50,50,50,39,23,23,23,48,15,68,39,25,25,25,25,16,41,41,41,43,31,72,76,62,62,38,76,74,72,74,65,65,65,58,20,20,63,51,55,55,43,87,50],"gold":5,"neow_bonus":"THREE_RARE_CARDS","is_prod":false,"is_daily":false,"chose_seed":false,"campfire_upgraded":6,"win_rate":0,"timestamp":1564953846,"path_taken":["M","?","M","?","?","R","E","R","T","R","?","E","R","?","R","BOSS","M","M","$","?","?","E","R","E","T","M","M","R","M","E","R","BOSS","M","M","M","?","?","R","?","E","T","R","M","M","$","?","R","BOSS"],"build_version":"2019-07-17","purchased_purges":1,"victory":true,"max_hp_per_floor":[75,75,75,85,85,85,85,85,85,85,85,85,85,85,85,85,85,85,85,85,85,85,85,85,85,85,87,87,87,89,89,89,89,89,91,91,91,91,93,93,95,95,95,95,97,99,99,99,99,99],"card_choices":[{"not_picked":["Biased Cognition","Reboot"],"picked":"Echo Form","floor":0},{"not_picked":["Beam Cell","Rebound"],"picked":"Hologram","floor":1},{"not_picked":["Beam Cell","Doom and Gloom"],"picked":"Scrape","floor":3},{"not_picked":["Rip and Tear","Sweeping Beam"],"picked":"Steam","floor":5},{"not_picked":["Rebound","Turbo"],"picked":"Melter","floor":7},{"not_picked":["Lockon","Compile Driver"],"picked":"Coolheaded","floor":12},{"not_picked":["Echo Form","Buffer"],"picked":"Hyperbeam","floor":16},{"not_picked":["Hologram","Redo"],"picked":"Rebound","floor":18},{"not_picked":["Conserve Battery","Barrage"],"picked":"Doom and Gloom","floor":19},{"not_picked":["Blizzard","Biased Cognition"],"picked":"Conserve Battery+1","floor":23},{"not_picked":["Scrape","Stack"],"picked":"Leap+1","floor":24},{"not_picked":["Stack+1","Compile Driver","Melter"],"picked":"SKIP","floor":25},{"not_picked":["Cold Snap+1","Redo","Turbo"],"picked":"Singing Bowl","floor":27},{"not_picked":["Hologram","Steam"],"picked":"Streamline+1","floor":28},{"not_picked":["Leap","Redo+1"],"picked":"Thunder Strike","floor":29},{"not_picked":["FTL","Leap","Barrage"],"picked":"Singing Bowl","floor":30},{"not_picked":["Cold Snap","Go for the Eyes"],"picked":"Buffer","floor":31},{"not_picked":["Thunder Strike","Multi-Cast"],"picked":"Fission","floor":33},{"not_picked":["Turbo","Redo","Blizzard+1"],"picked":"Singing Bowl","floor":35},{"not_picked":["Coolheaded","Chill+1"],"picked":"Streamline+1","floor":36},{"not_picked":["Rip and Tear","Coolheaded"],"picked":"Force Field+1","floor":37},{"not_picked":["Ball Lightning+1","Beam Cell","Leap"],"picked":"Singing Bowl","floor":39},{"not_picked":["Hologram+1","Gash+1","Compile Driver+1"],"picked":"Singing Bowl","floor":41},{"not_picked":["Compile Driver","Hologram"],"picked":"Creative AI","floor":42},{"not_picked":["FTL+1","Chaos"],"picked":"Storm+1","floor":44},{"not_picked":["Leap+1","Stack+1","Self Repair"],"picked":"Singing Bowl","floor":45},{"not_picked":["Conserve Battery+1","Gash+1","Rip and Tear"],"picked":"Singing Bowl","floor":46},{"not_picked":["Doom and Gloom","Go for the Eyes+1"],"picked":"Defragment+1","floor":49}],"player_experience":460658,"relics_obtained":[{"floor":7,"key":"Turnip"},{"floor":9,"key":"Ginger"},{"floor":12,"key":"MawBank"},{"floor":14,"key":"Lantern"},{"floor":23,"key":"Dream Catcher"},{"floor":25,"key":"Regal Pillow"},{"floor":26,"key":"Singing Bowl"},{"floor":31,"key":"Omamori"},{"floor":41,"key":"Torii"},{"floor":42,"key":"Kunai"},{"floor":43,"key":"DataDisk"}],"event_choices":[{"damage_healed":0,"gold_gain":0,"cards_transformed":["Strike_B"],"player_choice":"Change","damage_taken":0,"max_hp_gain":0,"max_hp_loss":0,"event_name":"Living Wall","floor":2,"gold_loss":0,"cards_obtained":["Redo"]},{"cards_removed":["Echo Form"],"damage_healed":17,"gold_gain":0,"player_choice":"Offered Rare","damage_taken":0,"max_hp_gain":10,"max_hp_loss":0,"event_name":"Bonfire Elementals","floor":4,"gold_loss":0},{"damage_healed":0,"gold_gain":75,"player_choice":"Gather Gold","damage_taken":11,"max_hp_gain":0,"max_hp_loss":0,"event_name":"World of Goop","floor":11,"gold_loss":0},{"damage_healed":0,"gold_gain":0,"player_choice":"Opened","damage_taken":0,"relics_obtained":["The Courier"],"max_hp_gain":0,"max_hp_loss":0,"event_name":"The Mausoleum","floor":21,"gold_loss":0},{"damage_healed":0,"gold_gain":0,"player_choice":"Simplicity","damage_taken":0,"max_hp_gain":0,"max_hp_loss":0,"event_name":"Back to Basics","floor":22,"gold_loss":0,"cards_upgraded":["Strike_B","Strike_B","Strike_B","Defend_B","Defend_B","Defend_B","Defend_B"]},{"damage_healed":0,"gold_gain":75,"player_choice":"Touch","damage_taken":9,"max_hp_gain":0,"max_hp_loss":0,"event_name":"FaceTrader","floor":38,"gold_loss":0},{"damage_healed":0,"gold_gain":0,"player_choice":"Fight","damage_taken":0,"max_hp_gain":0,"max_hp_loss":0,"event_name":"Mysterious Sphere","floor":41,"gold_loss":0},{"damage_healed":0,"gold_gain":0,"player_choice":"Embrace Madness","damage_taken":12,"max_hp_gain":0,"max_hp_loss":0,"event_name":"Winding Halls","floor":48,"gold_loss":0,"cards_obtained":["Madness","Madness"]}],"is_beta":false,"boss_relics":[{"not_picked":["FrozenCore","Sozu"],"picked":"Snecko Eye"},{"not_picked":["Coffee Dripper","Lizard Tail"],"picked":"Cursed Key"}],"items_purged_floors":[47],"is_endless":false,"potions_floor_spawned":[12,16,19,27,30,33,35,41,46],"ascension_level":8}