{"gold_per_floor":[115,46,46,46,12,12,37,49,72,87,87,119,119,154,154,257,257,269,184,184,283,303,330,330,348,348,348,348],"floor_reached":28,"playtime":990,"items_purged":[],"score":443,"play_id":"77533fa3-4843-4ce2-9c24-2782a7421adb","local_time":"20181022150609","is_ascension_mode":true,"campfire_choices":[{"data":"Defragment","floor":6.0,"key":"SMITH"},{"data":"Chaos","floor":11.0,"key":"SMITH"},{"data":"Sunder","floor":13.0,"key":"SMITH"},{"data":"Reinforced Body","floor":15.0,"key":"SMITH"},{"floor":24,"key":"REST"},{"floor":27,"key":"REST"}],"neow_cost":"NONE","seed_source_timestamp":0,"circlet_count":0,"master_deck":["Strike_B","Strike_B","Strike_B","Strike_B+1","Defend_B","Defend_B","Defend_B","Defend_B","Zap+1","AscendersBane","Reinforced Body+1","Defragment+1","Sunder+1","Chaos+1","Machine Learning","Tempest","Gash+1","Auto Shields","BootSequence"],"special_seed":0,"relics":["Cracked Core","NeowsBlessing","Juzu Bracelet","Lantern","Orichalcum","Molten Egg 2","Fusion Hammer","Frozen Egg 2","Thread and Needle","Toxic Egg 2"],"potions_floor_usage":[22,23],"damage_taken":[{"damage":0.0,"enemies":"Jaw Worm","floor":1.0,"turns":1.0},{"damage":0.0,"enemies":"Lagavulin","floor":7.0,"turns":1.0},{"damage":0.0,"enemies":"Small Slimes","floor":8.0,"turns":1.0},{"damage":0.0,"enemies":"Cultist","floor":10.0,"turns":3.0},{"damage":13.0,"enemies":"Gremlin Nob","floor":12.0,"turns":4.0},{"damage":6.0,"enemies":"Lagavulin","floor":14.0,"turns":7.0},{"damage":9.0,"enemies":"Hexaghost","floor":16.0,"turns":9.0},{"damage":7,"enemies":"Chosen","floor":18,"turns":4},{"damage":29,"enemies":"2 Thieves","floor":22,"turns":4},{"damage":23,"enemies":"Book of Stabbing","floor":23,"turns":4},{"damage":4,"enemies":"Centurion and Healer","floor":25,"turns":6},{"damage":67,"enemies":"Slavers","floor":28,"turns":6}],"seed_played":"-1811420699428870663","potions_obtained":[{"floor":10.0,"key":"FairyPotion"},{"floor":12.0,"key":"LiquidBronze"},{"floor":16.0,"key":"SteroidPotion"},{"floor":25,"key":"FairyPotion"}],"is_trial":false,"path_per_floor":["M","$","?","?","$","R","E","M","T","M","R","E","R","E","R","B",null,"M","?","?","?","M","E","R","M","T","R"],"character_chosen":"DEFECT","items_purchased":["Defragment","Sunder"],"campfire_rested":2,"item_purchase_floors":[2,5],"current_hp_per_floor":[68,68,53,53,53,53,53,53,53,53,53,40,40,34,34,25,63,56,56,56,56,27,4,26,22,22,44,0],"gold":348,"neow_bonus":"THREE_ENEMY_KILL","is_prod":false,"is_daily":false,"chose_seed":false,"campfire_upgraded":4,"win_rate":0,"timestamp":1540235169,"path_taken":["M","$","?","?","$","R","E","M","T","M","R","E","R","E","R","BOSS","M","?","?","?","M","E","R","M","T","R","E"],"build_version":"2018-10-18","purchased_purges":0,"victory":false,"max_hp_per_floor":[75,75,75,75,75,75,75,75,75,75,75,75,75,75,75,75,75,75,75,75,75,75,75,75,75,75,75,75],"card_choices":[{"not_picked":["Sweeping Beam","Stack"],"picked":"Reinforced Body","floor":1.0},{"not_picked":["Stack","Compile Driver","Streamline"],"picked":"SKIP","floor":7.0},{"not_picked":["Rebound","Hologram","Turbo"],"picked":"SKIP","floor":8.0},{"not_picked":["Ball Lightning","Steam"],"picked":"Chaos","floor":10.0},{"not_picked":["Force Field","Sweeping Beam","Cold Snap"],"picked":"SKIP","floor":12.0},{"not_picked":["Steam","Rebound","Aggregate"],"picked":"SKIP","floor":14.0},{"not_picked":["Fission","Hyperbeam+1"],"picked":"Machine Learning","floor":16.0},{"not_picked":["Loop","Ball Lightning+1"],"picked":"Tempest","floor":18},{"not_picked":["Stack","Sweeping Beam+1"],"picked":"Gash+1","floor":22},{"not_picked":["White Noise","Rebound+1"],"picked":"Auto Shields","floor":23},{"not_picked":["Darkness","Sweeping Beam+1"],"picked":"BootSequence","floor":25}],"player_experience":539172,"relics_obtained":[{"floor":7.0,"key":"Juzu Bracelet"},{"floor":9.0,"key":"Lantern"},{"floor":12.0,"key":"Orichalcum"},{"floor":14.0,"key":"Molten Egg 2"},{"floor":23,"key":"Thread and Needle"},{"floor":26,"key":"Toxic Egg 2"}],"event_choices":[{"damage_healed":0.0,"max_hp_gain":0.0,"max_hp_loss":0.0,"gold_gain":0.0,"event_name":"Shining Light","player_choice":"Entered Light","floor":3.0,"gold_loss":0.0,"damage_taken":15.0,"cards_upgraded":["Zap","Strike_B"]},{"cards_removed":["Dualcast"],"damage_healed":0.0,"max_hp_gain":0.0,"max_hp_loss":0.0,"gold_gain":0.0,"event_name":"Purifier","player_choice":"Purged","floor":4.0,"gold_loss":0.0,"damage_taken":0.0},{"damage_healed":0,"gold_gain":0,"player_choice":"Obtained Relic","damage_taken":0,"relics_obtained":["Frozen Egg 2"],"max_hp_gain":0,"max_hp_loss":0,"event_name":"Addict","floor":19,"gold_loss":85},{"damage_healed":0,"gold_gain":0,"player_choice":"Ignored","damage_taken":0,"max_hp_gain":0,"max_hp_loss":0,"event_name":"The Mausoleum","floor":20,"gold_loss":0},{"damage_healed":0,"gold_gain":99,"player_choice":"Stole From Cult","damage_taken":0,"max_hp_gain":0,"max_hp_loss":0,"event_name":"Nest","floor":21,"gold_loss":0}],"is_beta":false,"boss_relics":[{"not_picked":["Runic Pyramid","Snecko Eye"],"picked":"Fusion Hammer"}],"items_purged_floors":[],"is_endless":false,"potions_floor_spawned":[10,12,16,25],"killed_by":"Slavers","ascension_level":12}