{"gold_per_floor":[117,117,292,310,327,356,356,375,375,392,357,377,377,435,435,435],"floor_reached":16,"playtime":1329,"items_purged":[],"score":158,"play_id":"8ff99d4f-3be0-4231-82df-10809adca07f","local_time":"20190728144540","is_ascension_mode":true,"campfire_choices":[{"floor":7,"key":"REST"},{"floor":13,"key":"REST"},{"floor":15,"key":"REST"}],"neow_cost":"NONE","seed_source_timestamp":371624512015829,"circlet_count":0,"master_deck":["AscendersBane","Strike_R","Strike_R","Strike_R","Strike_R","Strike_R","Defend_R","Defend_R","Defend_R","Defend_R","Bash","Seeing Red","Doubt","Thunderclap","Twin Strike","True Grit","Shockwave","Iron Wave","Shrug It Off","Iron Wave"],"relics":["Runic Pyramid","Sundial","Dodecahedron","Frozen Egg 2"],"potions_floor_usage":[6,6,12,16],"damage_taken":[{"damage":10,"enemies":"2 Louse","floor":1,"turns":3},{"damage":6,"enemies":"Jaw Worm","floor":4,"turns":5},{"damage":10,"enemies":"Small Slimes","floor":5,"turns":3},{"damage":54,"enemies":"Gremlin Nob","floor":6,"turns":5},{"damage":3,"enemies":"2 Fungi Beasts","floor":8,"turns":4},{"damage":13,"enemies":"Large Slime","floor":10,"turns":9},{"damage":9,"enemies":"Blue Slaver","floor":12,"turns":5},{"damage":34,"enemies":"Gremlin Nob","floor":14,"turns":5},{"damage":63,"enemies":"The Guardian","floor":16,"turns":22}],"seed_played":"-1388534179166782338","potions_obtained":[{"floor":1,"key":"FearPotion"},{"floor":4,"key":"Regen Potion"},{"floor":10,"key":"Regen Potion"},{"floor":14,"key":"Ancient Potion"}],"is_trial":false,"path_per_floor":["M","?","?","M","M","E","R","M","T","M","?","M","R","?","R","B"],"character_chosen":"IRONCLAD","items_purchased":[],"campfire_rested":3,"item_purchase_floors":[],"current_hp_per_floor":[62,67,67,61,51,11,36,33,33,20,41,46,71,37,62,0],"gold":435,"neow_bonus":"BOSS_RELIC","is_prod":false,"is_daily":false,"chose_seed":false,"campfire_upgraded":0,"win_rate":0,"timestamp":1564350340,"path_taken":["M","?","?","M","?","E","R","M","T","M","?","M","R","?","R","BOSS"],"build_version":"2019-07-17","purchased_purges":0,"victory":false,"max_hp_per_floor":[80,85,85,85,85,85,85,85,85,85,85,85,85,85,85,85],"card_choices":[{"not_picked":["Clash","Clothesline"],"picked":"Seeing Red","floor":1},{"not_picked":["Headbutt","Twin Strike"],"picked":"Thunderclap","floor":4},{"not_picked":["Perfected Strike","Pommel Strike"],"picked":"Twin Strike","floor":5},{"not_picked":["Twin Strike","Clothesline"],"picked":"True Grit","floor":6},{"not_picked":["Uppercut","Thunderclap"],"picked":"Shockwave","floor":8},{"not_picked":["Thunderclap","Whirlwind"],"picked":"Iron Wave","floor":10},{"not_picked":["Shockwave","Cleave"],"picked":"Shrug It Off","floor":12},{"not_picked":["Battle Trance","Pommel Strike"],"picked":"Iron Wave","floor":14}],"player_experience":406767,"relics_obtained":[{"floor":6,"key":"Sundial"},{"floor":9,"key":"Dodecahedron"}],"event_choices":[{"damage_healed":0,"gold_gain":0,"player_choice":"Donut","damage_taken":0,"max_hp_gain":5,"max_hp_loss":0,"event_name":"Big Fish","floor":2,"gold_loss":0},{"damage_healed":0,"gold_gain":175,"player_choice":"AGREE","damage_taken":0,"max_hp_gain":0,"max_hp_loss":0,"event_name":"Liars Game","floor":3,"gold_loss":0,"cards_obtained":["Doubt"]},{"damage_healed":21,"gold_gain":0,"player_choice":"Healed","damage_taken":0,"max_hp_gain":0,"max_hp_loss":0,"event_name":"The Cleric","floor":11,"gold_loss":35},{"damage_healed":0,"gold_gain":0,"player_choice":"Searched \u00272\u0027 times","damage_taken":0,"relics_obtained":["Frozen Egg 2"],"max_hp_gain":0,"max_hp_loss":0,"event_name":"Dead Adventurer","floor":14,"gold_loss":0}],"is_beta":false,"boss_relics":[],"items_purged_floors":[],"is_endless":false,"potions_floor_spawned":[1,4,10,14],"killed_by":"The Guardian","ascension_level":11}