{"gold_per_floor":[109,34,34,34,54,79,79,79,152,168,199,219,230,265,265,362,362,374,82,82,94,94,129,144,173,173,204,204,19,19,19,19,120,120,138,0,14,14,32,62,78,108,108,108,136,136,151,164,164,164],"floor_reached":50,"playtime":2877,"items_purged":["Strike_R","Strike_R"],"score":790,"play_id":"6ba69e5c-c0d8-45c0-b2b9-eb6f31ed4e2c","local_time":"20190707112700","is_ascension_mode":true,"campfire_choices":[{"data":"Rage","floor":7,"key":"SMITH"},{"data":"True Grit","floor":15,"key":"SMITH"},{"data":"Seeing Red","floor":28,"key":"SMITH"},{"floor":32,"key":"REST"},{"data":"Immolate","floor":46,"key":"SMITH"},{"data":"Bludgeon","floor":49,"key":"SMITH"}],"neow_cost":"TEN_PERCENT_HP_LOSS","seed_source_timestamp":151790050481656,"circlet_count":0,"master_deck":["Strike_R+1","Strike_R+1","Defend_R","Defend_R","Bash","Cleave","Uppercut","Rage+1","Immolate+1","True Grit+1","Spot Weakness+1","Anger","Seeing Red+1","Metallicize","Bludgeon+1","Thunderclap","Warcry+1","Inflame+1","Sentinel+1","Evolve+1","Metallicize+1","Sentinel+1","Necronomicurse","Juggernaut","Entrench+1","Decay","Perfected Strike","Feel No Pain+1"],"relics":["Burning Blood","NlothsMask","Whetstone","Smiling Mask","Meat on the Bone","Philosopher\u0027s Stone","Gremlin Horn","PreservedInsect","Vajra","Kunai","Blue Candle","Strawberry","Necronomicon","Busted Crown","Red Mask","Pocketwatch","Dream Catcher","Bag of Preparation","War Paint"],"potions_floor_usage":[21,23,23,23,33,41,41,42,42],"damage_taken":[{"damage":4,"enemies":"Jaw Worm","floor":1,"turns":4},{"damage":5,"enemies":"Cultist","floor":5,"turns":5},{"damage":22,"enemies":"Gremlin Nob","floor":6,"turns":4},{"damage":0,"enemies":"2 Louse","floor":10,"turns":1},{"damage":13,"enemies":"3 Sentries","floor":11,"turns":4},{"damage":0,"enemies":"Lots of Slimes","floor":12,"turns":1},{"damage":10,"enemies":"Exordium Wildlife","floor":13,"turns":3},{"damage":20,"enemies":"Lagavulin","floor":14,"turns":4},{"damage":15,"enemies":"Slime Boss","floor":16,"turns":8},{"damage":0,"enemies":"Chosen","floor":18,"turns":3},{"damage":0,"enemies":"Spheric Guardian","floor":21,"turns":3},{"damage":19,"enemies":"Slavers","floor":23,"turns":4},{"damage":24,"enemies":"Shelled Parasite and Fungi","floor":24,"turns":4},{"damage":23,"enemies":"Gremlin Leader","floor":25,"turns":4},{"damage":0,"enemies":"Slavers","floor":27,"turns":1},{"damage":42,"enemies":"Champ","floor":33,"turns":9},{"damage":4,"enemies":"3 Shapes","floor":35,"turns":4},{"damage":25,"enemies":"3 Darklings","floor":37,"turns":4},{"damage":6,"enemies":"4 Shapes","floor":39,"turns":4},{"damage":0,"enemies":"Reptomancer","floor":40,"turns":2},{"damage":20,"enemies":"Writhing Mass","floor":41,"turns":5},{"damage":8,"enemies":"Nemesis","floor":42,"turns":5},{"damage":5,"enemies":"Giant Head","floor":45,"turns":4},{"damage":0,"enemies":"Jaw Worm Horde","floor":47,"turns":1},{"damage":8,"enemies":"Maw","floor":48,"turns":6},{"damage":76,"enemies":"Time Eater","floor":50,"turns":4}],"seed_played":"-2951162393611273748","potions_obtained":[{"floor":5,"key":"FearPotion"},{"floor":14,"key":"Dexterity Potion"},{"floor":16,"key":"Fire Potion"},{"floor":21,"key":"Block Potion"},{"floor":25,"key":"AttackPotion"},{"floor":33,"key":"GamblersBrew"},{"floor":37,"key":"Weak Potion"},{"floor":40,"key":"FearPotion"},{"floor":41,"key":"SpeedPotion"}],"is_trial":false,"path_per_floor":["M","$","?","?","M","E","R","?","T","M","E","M","M","E","R","B",null,"M","$","$","M","?","E","M","E","T","E","R","$","?","?","R","B",null,"M","?","M","?","M","E","M","E","T","?","E","R","M","M","R","B"],"character_chosen":"IRONCLAD","items_purchased":["Gremlin Horn","Strawberry","Sentinel"],"campfire_rested":1,"item_purchase_floors":[19,29,29],"current_hp_per_floor":[72,72,72,72,72,56,56,56,56,62,55,61,57,43,43,46,72,72,72,72,72,72,59,53,48,48,54,54,61,45,45,68,44,79,79,79,60,60,60,66,52,50,50,50,51,51,57,55,55,0],"gold":164,"neow_bonus":"REMOVE_TWO","is_prod":false,"is_daily":false,"chose_seed":false,"campfire_upgraded":5,"win_rate":0,"timestamp":1562524020,"path_taken":["M","$","?","?","?","E","R","?","T","M","E","M","M","E","R","BOSS","M","?","$","M","?","E","?","E","T","E","R","$","?","?","R","BOSS","M","?","M","?","?","E","M","E","T","?","E","R","M","M","R","BOSS"],"build_version":"2019-07-05","purchased_purges":2,"victory":false,"max_hp_per_floor":[72,72,72,72,72,72,72,72,72,72,72,72,72,72,72,72,72,72,72,72,72,72,72,72,72,72,72,72,79,79,79,79,79,79,79,79,79,79,79,79,79,79,79,79,79,79,79,79,79,79],"card_choices":[{"not_picked":["Headbutt","Hemokinesis"],"picked":"Cleave","floor":1},{"not_picked":["Twin Strike","Seeing Red"],"picked":"Uppercut","floor":5},{"not_picked":["Fire Breathing","Body Slam"],"picked":"Rage","floor":6},{"not_picked":["Metallicize","Perfected Strike"],"picked":"True Grit","floor":10},{"not_picked":["Perfected Strike","Thunderclap"],"picked":"Spot Weakness","floor":11},{"not_picked":["Sword Boomerang","Entrench"],"picked":"Anger","floor":12},{"not_picked":["True Grit","Bludgeon"],"picked":"Seeing Red","floor":13},{"not_picked":["Iron Wave","Searing Blow"],"picked":"Metallicize","floor":14},{"not_picked":["Barricade","Immolate"],"picked":"Bludgeon","floor":16},{"not_picked":["Twin Strike+1","True Grit"],"picked":"Thunderclap","floor":18},{"not_picked":["Twin Strike","Rage"],"picked":"Warcry+1","floor":21},{"not_picked":["Body Slam","Blood for Blood+1"],"picked":"Inflame+1","floor":23},{"not_picked":["Havoc","Clothesline+1"],"picked":"Sentinel+1","floor":24},{"not_picked":["Immolate","Offering"],"picked":"Evolve+1","floor":25},{"not_picked":["Pummel","Body Slam"],"picked":"Metallicize+1","floor":27},{"not_picked":["Bludgeon","Reaper"],"picked":"Juggernaut","floor":33},{"not_picked":[],"picked":"Entrench+1","floor":35},{"not_picked":["Twin Strike+1"],"picked":"SKIP","floor":37},{"not_picked":["Sentinel"],"picked":"SKIP","floor":39},{"not_picked":["Anger"],"picked":"SKIP","floor":40},{"not_picked":["Battle Trance"],"picked":"SKIP","floor":41},{"not_picked":["Twin Strike+1"],"picked":"SKIP","floor":42},{"not_picked":[],"picked":"Feel No Pain+1","floor":45},{"not_picked":["Perfected Strike+1"],"picked":"SKIP","floor":47},{"not_picked":["Flex"],"picked":"SKIP","floor":48}],"player_experience":217412,"relics_obtained":[{"floor":6,"key":"Whetstone"},{"floor":11,"key":"Smiling Mask"},{"floor":14,"key":"Meat on the Bone"},{"floor":23,"key":"PreservedInsect"},{"floor":25,"key":"Vajra"},{"floor":26,"key":"Kunai"},{"floor":27,"key":"Blue Candle"},{"floor":30,"key":"Necronomicon"},{"floor":40,"key":"Pocketwatch"},{"floor":42,"key":"Dream Catcher"},{"floor":43,"key":"Bag of Preparation"},{"floor":45,"key":"War Paint"}],"event_choices":[{"damage_healed":0,"gold_gain":0,"player_choice":"Ignored","damage_taken":0,"max_hp_gain":0,"max_hp_loss":0,"event_name":"Liars Game","floor":3,"gold_loss":0},{"damage_healed":0,"gold_gain":0,"player_choice":"Trade","damage_taken":0,"relics_obtained":["NlothsMask"],"max_hp_gain":0,"max_hp_loss":0,"event_name":"FaceTrader","floor":4,"gold_loss":0},{"damage_healed":0,"gold_gain":0,"player_choice":"2 cards matched","damage_taken":0,"max_hp_gain":0,"max_hp_loss":0,"event_name":"Match and Keep!","floor":8,"gold_loss":0,"cards_obtained":["Immolate","Bash"]},{"damage_healed":0,"gold_gain":0,"player_choice":"2 cards matched","damage_taken":0,"max_hp_gain":0,"max_hp_loss":0,"event_name":"Match and Keep!","floor":8,"gold_loss":0,"cards_obtained":["Immolate","Bash"]},{"cards_removed":["Bash"],"damage_healed":0,"gold_gain":0,"player_choice":"Card Removal","damage_taken":0,"max_hp_gain":0,"max_hp_loss":0,"event_name":"Wheel of Change","floor":22,"gold_loss":0},{"damage_healed":0,"gold_gain":0,"player_choice":"Obtained Book","damage_taken":16,"max_hp_gain":0,"max_hp_loss":0,"event_name":"Cursed Tome","floor":30,"gold_loss":0},{"damage_healed":0,"gold_gain":0,"player_choice":"Ignored","damage_taken":0,"max_hp_gain":0,"max_hp_loss":0,"event_name":"Vampires","floor":31,"gold_loss":0},{"damage_healed":0,"gold_gain":0,"player_choice":"Paid","damage_taken":0,"relics_obtained":["Red Mask"],"max_hp_gain":0,"max_hp_loss":0,"event_name":"Tomb of Lord Red Mask","floor":36,"gold_loss":138},{"damage_healed":0,"gold_gain":0,"player_choice":"Cursed","damage_taken":0,"max_hp_gain":0,"max_hp_loss":0,"event_name":"Wheel of Change","floor":38,"gold_loss":0,"cards_obtained":["Decay"]},{"damage_healed":0,"gold_gain":0,"cards_transformed":["Defend_R"],"player_choice":"Transformed","damage_taken":0,"max_hp_gain":0,"max_hp_loss":0,"event_name":"Transmorgrifier","floor":44,"gold_loss":0,"cards_obtained":["Perfected Strike"]}],"is_beta":false,"boss_relics":[{"not_picked":["Astrolabe","Pandora\u0027s Box"],"picked":"Philosopher\u0027s Stone"},{"not_picked":["Lizard Tail","Calling Bell"],"picked":"Busted Crown"}],"items_purged_floors":[2,19],"is_endless":false,"potions_floor_spawned":[5,14,16,21,25,33,37,40,41],"killed_by":"Time Eater","ascension_level":4}