{"gold_per_floor":[113,113,188,37,57,91,103,103,103,115,115,134,134,190,190,190],"floor_reached":16,"playtime":1567,"items_purged":[],"score":160,"play_id":"6ede41b9-e60a-4cb6-8bda-ea0785e785ad","local_time":"20190307132115","is_ascension_mode":true,"campfire_choices":[{"data":"Burst","floor":8,"key":"SMITH"},{"data":"All Out Attack","floor":13,"key":"SMITH"},{"data":"Deadly Poison","floor":15,"key":"SMITH"}],"neow_cost":"NONE","seed_source_timestamp":88727324422224,"circlet_count":0,"master_deck":["Defend_G","Defend_G","Defend_G","Defend_G","Defend_G","Strike_G","Strike_G","Strike_G","Strike_G","Strike_G","Survivor","Neutralize+1","Deadly Poison+1","Unload","Blur","Deflect","Burst+1","Cloak And Dagger","All Out Attack+1","Noxious Fumes"],"relics":["Ring of the Snake","Singing Bowl","Anchor","Mercury Hourglass","Tiny Chest"],"potions_floor_usage":[10,16],"damage_taken":[{"damage":0,"enemies":"Cultist","floor":1,"turns":4},{"damage":0,"enemies":"Small Slimes","floor":5,"turns":3},{"damage":16,"enemies":"Lagavulin","floor":6,"turns":9},{"damage":0,"enemies":"Jaw Worm","floor":7,"turns":4},{"damage":0,"enemies":"Exordium Thugs","floor":10,"turns":3},{"damage":0,"enemies":"Looter","floor":12,"turns":3},{"damage":21,"enemies":"Gremlin Nob","floor":14,"turns":5},{"damage":22,"enemies":"The Guardian","floor":16,"turns":5}],"seed_played":"7916231655119185356","potions_obtained":[{"floor":7,"key":"Fire Potion"},{"floor":10,"key":"Fire Potion"},{"floor":14,"key":"Weak Potion"}],"is_trial":false,"path_per_floor":["M","?","?","$","M","E","M","R","T","M","?","M","R","E","R","B"],"character_chosen":"THE_SILENT","items_purchased":["Unload","Blur"],"campfire_rested":0,"item_purchase_floors":[4,4],"current_hp_per_floor":[63,68,57,57,57,41,41,41,41,41,41,43,43,22,22,0],"gold":190,"neow_bonus":"UPGRADE_CARD","is_prod":false,"is_daily":false,"chose_seed":false,"campfire_upgraded":3,"win_rate":0,"timestamp":1551982875,"path_taken":["M","?","?","?","?","E","M","R","T","M","?","M","R","E","R","BOSS"],"build_version":"2019-01-23","purchased_purges":0,"victory":false,"max_hp_per_floor":[70,75,75,75,75,75,75,75,75,75,75,77,77,77,77,77],"card_choices":[{"not_picked":["Blade Dance","Flying Knee"],"picked":"Deadly Poison","floor":1},{"not_picked":["Underhanded Strike","Dagger Throw"],"picked":"Deflect","floor":5},{"not_picked":["Dagger Spray","Crippling Poison"],"picked":"Burst","floor":6},{"not_picked":["Concentrate","Dodge and Roll"],"picked":"Cloak And Dagger","floor":7},{"not_picked":["Finisher","Underhanded Strike"],"picked":"All Out Attack","floor":10},{"not_picked":["Deflect","Cloak And Dagger","Poisoned Stab"],"picked":"Singing Bowl","floor":12},{"not_picked":["Eviscerate","Tools of the Trade"],"picked":"Noxious Fumes","floor":14}],"player_experience":746986,"relics_obtained":[{"floor":6,"key":"Singing Bowl"},{"floor":9,"key":"Anchor"},{"floor":14,"key":"Tiny Chest"}],"event_choices":[{"damage_healed":0,"gold_gain":0,"player_choice":"Donut","damage_taken":0,"max_hp_gain":5,"max_hp_loss":0,"event_name":"Big Fish","floor":2,"gold_loss":0},{"damage_healed":0,"gold_gain":75,"player_choice":"Gather Gold","damage_taken":11,"max_hp_gain":0,"max_hp_loss":0,"event_name":"World of Goop","floor":3,"gold_loss":0},{"damage_healed":0,"gold_gain":0,"player_choice":"Gave Potion","damage_taken":0,"relics_obtained":["Mercury Hourglass"],"max_hp_gain":0,"max_hp_loss":0,"event_name":"WeMeetAgain","floor":11,"gold_loss":0}],"is_beta":false,"boss_relics":[],"items_purged_floors":[],"is_endless":false,"potions_floor_spawned":[7,10,14],"killed_by":"The Guardian","ascension_level":9}