{"gold_per_floor":[112,112,132,150,325,350,350,350,377,377,400,441,391,391,391,517,517,535,118,132,150,150,150,2,33,33,53,71,71,71,90,90,209,209,225,225,558,10,20,20],"floor_reached":40,"playtime":3083,"items_purged":["Strike_R","Doubt"],"score":584,"play_id":"de830df6-c6a2-41d1-82ae-dea5ffba7f8e","local_time":"20190809212818","is_ascension_mode":true,"campfire_choices":[{"data":"Havoc","floor":7,"key":"SMITH"},{"data":"True Grit","floor":10,"key":"SMITH"},{"data":"Armaments","floor":15,"key":"SMITH"},{"floor":23,"key":"REST"},{"floor":29,"key":"REST"},{"floor":32,"key":"REST"}],"neow_cost":"NONE","seed_source_timestamp":340254619445212,"circlet_count":0,"master_deck":["Strike_R","Defend_R","Bash","Cleave","True Grit+1","Disarm","Havoc+1","Intimidate","Armaments+1","Double Tap","Shrug It Off+1","Offering+1","Uppercut+1","Iron Wave+1","Metallicize","Spot Weakness","Feed","Rampage","Carnage","Blood for Blood","Pommel Strike","Demon Form","Ghostly Armor+1","Madness","Madness","Rampage+1"],"relics":["Burning Blood","PreservedInsect","NlothsMask","Anchor","Strawberry","Omamori","Astrolabe","Ornamental Fan","Bottled Lightning","Pear","Velvet Choker","Dead Branch","Pantograph"],"potions_floor_usage":[6,6,16,25,35,35,40,40],"damage_taken":[{"damage":12,"enemies":"Jaw Worm","floor":1,"turns":3},{"damage":5,"enemies":"Cultist","floor":3,"turns":4},{"damage":0,"enemies":"Small Slimes","floor":4,"turns":3},{"damage":21,"enemies":"Gremlin Nob","floor":6,"turns":4},{"damage":10,"enemies":"2 Fungi Beasts","floor":11,"turns":4},{"damage":10,"enemies":"3 Sentries","floor":12,"turns":5},{"damage":27,"enemies":"The Guardian","floor":16,"turns":14},{"damage":18,"enemies":"Spheric Guardian","floor":18,"turns":4},{"damage":14,"enemies":"Chosen","floor":20,"turns":7},{"damage":42,"enemies":"Sentry and Sphere","floor":21,"turns":8},{"damage":7,"enemies":"Gremlin Leader","floor":25,"turns":7},{"damage":24,"enemies":"Chosen and Byrds","floor":27,"turns":7},{"damage":18,"enemies":"3 Cultists","floor":28,"turns":5},{"damage":6,"enemies":"Snake Plant","floor":31,"turns":6},{"damage":65,"enemies":"Automaton","floor":33,"turns":10},{"damage":25,"enemies":"3 Shapes","floor":35,"turns":4},{"damage":26,"enemies":"3 Darklings","floor":39,"turns":7},{"damage":37,"enemies":"Nemesis","floor":40,"turns":6}],"seed_played":"742095073112376769","potions_obtained":[{"floor":3,"key":"SkillPotion"},{"floor":4,"key":"Poison Potion"},{"floor":12,"key":"GamblersBrew"},{"floor":20,"key":"SpeedPotion"},{"floor":28,"key":"Fire Potion"},{"floor":33,"key":"Regen Potion"},{"floor":39,"key":"SkillPotion"}],"is_trial":false,"path_per_floor":["M","?","M","M","?","E","R","?","T","R","M","E","?","T","R","B",null,"M","$","M","M","?","R","$","E","T","M","M","R","?","M","R","B",null,"M","?","?","$","M","E"],"character_chosen":"IRONCLAD","items_purchased":["Metallicize","Ornamental Fan","PowerPotion","Dead Branch","Pantograph"],"campfire_rested":3,"item_purchase_floors":[19,19,24,38,38],"current_hp_per_floor":[66,66,67,73,73,58,58,58,58,58,54,57,57,57,57,36,70,58,58,50,14,14,38,38,37,47,29,17,44,44,44,71,12,71,64,53,53,53,36,0],"gold":20,"neow_bonus":"RANDOM_COMMON_RELIC","is_prod":false,"is_daily":false,"chose_seed":false,"campfire_upgraded":3,"win_rate":0,"timestamp":1565411298,"path_taken":["M","?","M","?","?","E","R","?","T","R","M","E","?","?","R","BOSS","M","$","M","M","?","R","$","E","T","M","M","R","?","M","R","BOSS","M","?","?","$","M","E"],"build_version":"2019-07-17","purchased_purges":2,"victory":false,"max_hp_per_floor":[80,80,80,80,80,80,80,74,74,74,74,81,81,81,81,81,81,81,81,81,81,81,81,81,81,91,91,91,91,91,91,91,91,91,91,91,91,91,94,94],"card_choices":[{"not_picked":["Ghostly Armor","Pummel"],"picked":"Cleave","floor":1},{"not_picked":["Cleave","Clash"],"picked":"True Grit","floor":3},{"not_picked":["Perfected Strike","Body Slam"],"picked":"Disarm","floor":4},{"not_picked":["Thunderclap","Fiend Fire"],"picked":"Havoc","floor":6},{"not_picked":["Clash","True Grit"],"picked":"Intimidate","floor":11},{"not_picked":["Cleave","Headbutt"],"picked":"Armaments","floor":12},{"not_picked":["Berserk","Barricade"],"picked":"Double Tap","floor":16},{"not_picked":["Clothesline","Body Slam"],"picked":"Iron Wave+1","floor":18},{"not_picked":["Anger","Twin Strike"],"picked":"Spot Weakness","floor":20},{"not_picked":["Thunderclap","Armaments"],"picked":"Feed","floor":21},{"not_picked":["Thunderclap+1","Clothesline+1","Wild Strike"],"picked":"SKIP","floor":25},{"not_picked":["Burning Pact","Clothesline","Body Slam"],"picked":"SKIP","floor":27},{"not_picked":["Perfected Strike+1","Wild Strike+1"],"picked":"Blood for Blood","floor":28},{"not_picked":["Pummel","Heavy Blade"],"picked":"Pommel Strike","floor":31},{"not_picked":["Exhume","Berserk"],"picked":"Demon Form","floor":33},{"not_picked":["Wild Strike+1","Twin Strike+1"],"picked":"Ghostly Armor+1","floor":35},{"not_picked":["Pummel","Warcry"],"picked":"Rampage+1","floor":39}],"player_experience":263017,"relics_obtained":[{"floor":6,"key":"Anchor"},{"floor":12,"key":"Strawberry"},{"floor":14,"key":"Omamori"},{"floor":25,"key":"Bottled Lightning"},{"floor":26,"key":"Pear"}],"event_choices":[{"damage_healed":0,"gold_gain":0,"player_choice":"Trade","damage_taken":0,"relics_obtained":["NlothsMask"],"max_hp_gain":0,"max_hp_loss":0,"event_name":"FaceTrader","floor":2,"gold_loss":0},{"damage_healed":0,"gold_gain":175,"player_choice":"AGREE","damage_taken":0,"max_hp_gain":0,"max_hp_loss":0,"event_name":"Liars Game","floor":5,"gold_loss":0,"cards_obtained":["Doubt"]},{"damage_healed":0,"gold_gain":0,"player_choice":"Lose Max HP","damage_taken":0,"relics_obtained":["Golden Idol"],"max_hp_gain":0,"max_hp_loss":6,"event_name":"Golden Idol","floor":8,"gold_loss":0},{"cards_removed":["Defend_R"],"damage_healed":0,"gold_gain":0,"player_choice":"Card Removal","damage_taken":0,"max_hp_gain":0,"max_hp_loss":0,"event_name":"The Cleric","floor":13,"gold_loss":50},{"damage_healed":0,"gold_gain":0,"cards_transformed":["Strike_R","Defend_R"],"player_choice":"Became Test Subject","damage_taken":0,"max_hp_gain":0,"max_hp_loss":0,"event_name":"Drug Dealer","floor":22,"gold_loss":0,"cards_obtained":["Rampage","Carnage"]},{"damage_healed":0,"gold_gain":0,"player_choice":"Ignored","damage_taken":0,"max_hp_gain":0,"max_hp_loss":0,"event_name":"Ghosts","floor":30,"gold_loss":0},{"damage_healed":0,"gold_gain":0,"player_choice":"Embrace Madness","damage_taken":11,"max_hp_gain":0,"max_hp_loss":0,"event_name":"Winding Halls","floor":36,"gold_loss":0,"cards_obtained":["Madness","Madness"]},{"damage_healed":0,"gold_gain":333,"player_choice":"Gave Idol","damage_taken":0,"max_hp_gain":0,"max_hp_loss":0,"event_name":"The Moai Head","floor":37,"relics_lost":["Golden Idol"],"gold_loss":0}],"is_beta":false,"boss_relics":[{"not_picked":["Lizard Tail","Black Star"],"picked":"Astrolabe"},{"not_picked":["Orrery","Runic Dome"],"picked":"Velvet Choker"}],"items_purged_floors":[19,24],"is_endless":false,"potions_floor_spawned":[3,4,12,20,28,33,39],"killed_by":"Nemesis","ascension_level":7}