{"gold_per_floor":[13,13,26,36,36,36,36,36,91,109,109,109,123,9,9,138,138,152,170,70,95,95],"floor_reached":22,"playtime":1593,"items_purged":["Regret","Defend_R"],"score":194,"play_id":"a87eb845-3031-457a-ae68-f717098df76c","local_time":"20190630131153","is_ascension_mode":true,"campfire_choices":[{"data":"Seeing Red","floor":6,"key":"SMITH"},{"data":"Iron Wave","floor":8,"key":"SMITH"},{"data":"Armaments","floor":11,"key":"SMITH"},{"data":"Clothesline","floor":15,"key":"SMITH"}],"neow_cost":"NO_GOLD","seed_source_timestamp":364053717401024,"circlet_count":0,"master_deck":["Strike_R+1","Strike_R","Strike_R","Strike_R","Defend_R","Defend_R","Bash","Iron Wave+1","Anger+1","Seeing Red+1","Armaments+1","Clothesline+1","Power Through","Double Tap","Inflame","Armaments","Reckless Charge","Thunderclap","Shrug It Off","Ghostly Armor+1","Cleave","Twin Strike+1"],"relics":["Burning Blood","Matryoshka","Bag of Preparation","Bag of Marbles","Boot","Golden Idol","Orrery"],"potions_floor_usage":[16,16,18,22,22],"damage_taken":[{"damage":1,"enemies":"2 Louse","floor":1,"turns":3},{"damage":7,"enemies":"Small Slimes","floor":3,"turns":4},{"damage":7,"enemies":"Jaw Worm","floor":4,"turns":2},{"damage":2,"enemies":"2 Fungi Beasts","floor":10,"turns":3},{"damage":1,"enemies":"3 Louse","floor":13,"turns":2},{"damage":32,"enemies":"Hexaghost","floor":16,"turns":8},{"damage":25,"enemies":"3 Byrds","floor":18,"turns":6},{"damage":12,"enemies":"2 Thieves","floor":19,"turns":3},{"damage":35,"enemies":"3 Cultists","floor":21,"turns":5},{"damage":27,"enemies":"Snake Plant","floor":22,"turns":3}],"seed_played":"-5396690363441828060","potions_obtained":[{"floor":10,"key":"Energy Potion"},{"floor":13,"key":"SteroidPotion"},{"floor":16,"key":"BloodPotion"},{"floor":19,"key":"FearPotion"},{"floor":21,"key":"Poison Potion"}],"is_trial":false,"path_per_floor":["M","?","M","M","?","R","?","R","T","M","R","?","M","$","R","B",null,"M","M","$","M","M"],"character_chosen":"IRONCLAD","items_purchased":["Power Through"],"campfire_rested":0,"item_purchase_floors":[14],"current_hp_per_floor":[80,73,72,71,71,71,55,55,55,59,59,59,64,64,64,38,74,62,56,56,27,0],"gold":95,"neow_bonus":"REMOVE_TWO","is_prod":false,"is_daily":false,"chose_seed":false,"campfire_upgraded":4,"win_rate":0,"timestamp":1561925513,"path_taken":["M","?","M","M","?","R","?","R","T","M","R","?","?","$","R","BOSS","M","M","$","M","M"],"build_version":"2019-01-23","purchased_purges":2,"victory":false,"max_hp_per_floor":[80,80,80,80,80,80,80,80,80,80,80,74,74,74,74,74,74,74,74,74,74,74],"card_choices":[{"not_picked":["Body Slam","Carnage"],"picked":"Iron Wave","floor":1},{"not_picked":["Heavy Blade","Combust"],"picked":"Anger","floor":3},{"not_picked":["Reckless Charge","Warcry"],"picked":"Seeing Red","floor":4},{"not_picked":["Heavy Blade","Power Through"],"picked":"Armaments","floor":10},{"not_picked":["Evolve","Armaments"],"picked":"Clothesline","floor":13},{"not_picked":["Limit Break","Bludgeon"],"picked":"Double Tap","floor":16},{"not_picked":["Whirlwind","Power Through"],"picked":"Inflame","floor":17},{"not_picked":["Shrug It Off","Heavy Blade"],"picked":"Armaments","floor":17},{"not_picked":["Armaments","Body Slam"],"picked":"Reckless Charge","floor":17},{"not_picked":["Wild Strike","Combust"],"picked":"Thunderclap","floor":17},{"not_picked":["Carnage","Warcry"],"picked":"Shrug It Off","floor":17},{"not_picked":["Feel No Pain","Twin Strike"],"picked":"Ghostly Armor+1","floor":18},{"not_picked":["Rage","Flame Barrier"],"picked":"Cleave","floor":19},{"not_picked":["Anger","Body Slam"],"picked":"Twin Strike+1","floor":21}],"player_experience":88299,"relics_obtained":[{"floor":9,"key":"Bag of Marbles"},{"floor":9,"key":"Boot"}],"event_choices":[{"damage_healed":0,"gold_gain":0,"player_choice":"Success","damage_taken":7,"relics_obtained":["Matryoshka"],"max_hp_gain":0,"max_hp_loss":0,"event_name":"Scrap Ooze","floor":2,"gold_loss":0},{"damage_healed":0,"gold_gain":0,"player_choice":"Box","damage_taken":0,"relics_obtained":["Bag of Preparation"],"max_hp_gain":0,"max_hp_loss":0,"event_name":"Big Fish","floor":5,"gold_loss":0,"cards_obtained":["Regret"]},{"damage_healed":0,"gold_gain":0,"player_choice":"Entered Light","damage_taken":16,"max_hp_gain":0,"max_hp_loss":0,"event_name":"Shining Light","floor":7,"gold_loss":0,"cards_upgraded":["Anger","Strike_R"]},{"damage_healed":0,"gold_gain":0,"player_choice":"Lose Max HP","damage_taken":0,"relics_obtained":["Golden Idol"],"max_hp_gain":0,"max_hp_loss":6,"event_name":"Golden Idol","floor":12,"gold_loss":0}],"is_beta":false,"boss_relics":[{"not_picked":["Runic Pyramid","Runic Dome"],"picked":"Orrery"}],"items_purged_floors":[14,20],"is_endless":false,"potions_floor_spawned":[10,13,16,19,21],"killed_by":"Snake Plant","ascension_level":2}