{"path_per_floor":["M","?","?","?","M","E","R","E","T","E","R","?","M","M","R","B",null,"M","T","$","?","M","E","R","M","T"],"character_chosen":"IRONCLAD","items_purchased":["Vajra"],"gold_per_floor":[114,189,189,139,150,176,176,209,209,243,243,343,353,367,367,469,469,451,474,251,251,268,293,293,313,313],"floor_reached":27,"campfire_rested":0,"playtime":1619,"current_hp_per_floor":[78,67,67,67,73,79,79,79,79,52,52,52,55,61,61,48,72,57,57,57,57,50,31,31,12,12],"items_purged":["Strike_R"],"gold":313,"score":370,"play_id":"15d90cd0-aa05-4ebd-b103-9d75dbf721f8","is_prod":false,"is_daily":false,"is_ascension_mode":true,"campfire_upgraded":4,"path_taken":["M","?","?","?","?","E","R","E","T","E","R","?","M","?","R","BOSS","M","?","$","?","M","E","R","M","T","M"],"build_version":"2018-02-15-PROD1","purchased_purges":1,"victory":false,"master_deck":["Strike_R+1","Strike_R+1","Strike_R","Defend_R","Defend_R","Defend_R","Defend_R","Bash+1","Inflame+1","True Grit+1","Shrug It Off+1","Inflame","Twin Strike","Brutality","Pommel Strike+1","Heavy Blade","Evolve+1"],"max_hp_per_floor":[80,80,80,80,80,80,80,80,80,80,80,80,80,80,80,80,80,80,80,80,80,80,80,80,80,80],"relics":["Burning Blood","NeowsBlessing","Pantograph","Ancient Tea Set","Frozen Eye","Lantern","Runic Cube","Whetstone","Vajra","Mercury Hourglass","Singing Bowl"],"card_choices":[{"not_picked":["Searing Blow","Sword Boomerang"],"picked":"Inflame"},{"not_picked":["Shockwave","Rupture"],"picked":"True Grit"},{"not_picked":["Iron Wave","Clothesline"],"picked":"Shrug It Off"},{"not_picked":["Clash","Shrug It Off"],"picked":"Inflame"},{"not_picked":["Rampage","Clothesline"],"picked":"Twin Strike"},{"not_picked":["Exhume","Bludgeon"],"picked":"Brutality"},{"not_picked":["Thunderclap","Sword Boomerang"],"picked":"Pommel Strike"},{"not_picked":["Armaments","Clothesline"],"picked":"Heavy Blade"},{"not_picked":["Havoc","Sword Boomerang"],"picked":"Evolve"}],"player_experience":229432,"potions_floor_usage":[23,23],"damage_taken":[{"damage":0.0,"enemies":"Cultist","floor":1.0,"turns":1.0},{"damage":0.0,"enemies":"Small Slimes","floor":5.0,"turns":1.0},{"damage":0.0,"enemies":"Lagavulin","floor":6.0,"turns":1.0},{"damage":6.0,"enemies":"3 Sentries","floor":8.0,"turns":8.0},{"damage":33.0,"enemies":"Gremlin Nob","floor":10.0,"turns":5.0},{"damage":3.0,"enemies":"Blue Slaver","floor":13.0,"turns":4.0},{"damage":0.0,"enemies":"3 Louse","floor":14.0,"turns":2.0},{"damage":38.0,"enemies":"Slime Boss","floor":16.0,"turns":8.0},{"damage":21.0,"enemies":"2 Thieves","floor":18.0,"turns":4.0},{"damage":22.0,"enemies":"Shell Parasite","floor":22.0,"turns":5.0},{"damage":25,"enemies":"Book of Stabbing","floor":23,"turns":5},{"damage":25,"enemies":"Cultist and Chosen","floor":25,"turns":5},{"damage":13,"enemies":"Snake Plant","floor":27,"turns":2}],"event_choices":[{"event_name":"World of Goop","player_choice":"Gather Gold","floor":2.0,"damage_taken":0.0},{"event_name":"Living Wall","player_choice":"Grow","floor":3.0,"damage_taken":0.0},{"event_name":"The Cleric","player_choice":"Card Removal","floor":4.0,"damage_taken":0.0},{"event_name":"Golden Shrine","player_choice":"Pray","floor":12.0,"damage_taken":0.0},{"event_name":"Vampires","player_choice":"Ignored","floor":21.0,"damage_taken":0.0}],"boss_relics":[],"potions_floor_spawned":[1,5,10,14,22],"seed_played":"2008647516957327626","killed_by":"Snake Plant","ascension_level":7,"is_trial":false}