{"gold_per_floor":[118,118,118,118,134,162,162,174,174,174,174,194,194,237,237,335,335,350,350,350,1,20,20,20,20,68,101,101,120,120,134,134,208,208,223,275,3,3,3,3,20,20,20,34,52,52,69,12,12,12],"floor_reached":51,"playtime":2715,"items_purged":["Writhe"],"score":1330,"play_id":"22cc017e-4e67-44f5-8e2a-28583c026177","local_time":"20190703162824","is_ascension_mode":true,"campfire_choices":[{"data":"Cloak And Dagger","floor":7.0,"key":"SMITH"},{"data":"Blade Dance","floor":11.0,"key":"SMITH"},{"floor":15.0,"key":"REST"},{"data":"A Thousand Cuts","floor":23,"key":"SMITH"},{"data":"Well Laid Plans","floor":25,"key":"SMITH"},{"data":"Dodge and Roll","floor":28,"key":"SMITH"},{"floor":32,"key":"REST"},{"floor":40,"key":"REST"},{"floor":46,"key":"REST"},{"floor":49,"key":"RECALL"}],"neow_cost":"NONE","seed_source_timestamp":0,"circlet_count":0,"master_deck":["AscendersBane","Defend_G","Defend_G","Defend_G","Defend_G","Defend_G","Strike_G","Strike_G","Strike_G","Strike_G","Survivor","Neutralize+1","Cloak And Dagger+1","All Out Attack+1","Blade Dance+1","Slice+1","A Thousand Cuts+1","Well Laid Plans+1","Dodge and Roll+1","Footwork","Calculated Gamble","After Image+1","Acrobatics+1"],"special_seed":0,"relics":["Ring of the Snake","Mercury Hourglass","Turnip","Ornamental Fan","Bloody Idol","Bag of Preparation","Busted Crown","Lantern","Kunai","Pen Nib","Smiling Mask","Question Card","Fusion Hammer","Nunchaku","Singing Bowl","Gremlin Horn","Sundial"],"potions_floor_usage":[18,29,29,36,50,50],"damage_taken":[{"damage":5.0,"enemies":"2 Louse","floor":1.0,"turns":4.0},{"damage":1.0,"enemies":"Small Slimes","floor":5.0,"turns":3.0},{"damage":5.0,"enemies":"3 Sentries","floor":6.0,"turns":4.0},{"damage":0.0,"enemies":"Cultist","floor":8.0,"turns":3.0},{"damage":0.0,"enemies":"Blue Slaver","floor":12.0,"turns":2.0},{"damage":13.0,"enemies":"Gremlin Nob","floor":14.0,"turns":4.0},{"damage":17,"enemies":"The Guardian","floor":16,"turns":14},{"damage":10,"enemies":"2 Thieves","floor":18,"turns":3},{"damage":0,"enemies":"3 Byrds","floor":22,"turns":2},{"damage":23,"enemies":"Book of Stabbing","floor":27,"turns":5},{"damage":10,"enemies":"Snake Plant","floor":29,"turns":3},{"damage":7,"enemies":"Cultist and Chosen","floor":31,"turns":7},{"damage":4,"enemies":"Collector","floor":33,"turns":10},{"damage":6,"enemies":"Orb Walker","floor":35,"turns":4},{"damage":20,"enemies":"2 Orb Walkers","floor":36,"turns":5},{"damage":3,"enemies":"3 Darklings","floor":41,"turns":6},{"damage":0,"enemies":"Transient","floor":44,"turns":6},{"damage":14,"enemies":"Writhing Mass","floor":45,"turns":8},{"damage":0,"enemies":"4 Shapes","floor":47,"turns":5},{"damage":7,"enemies":"Donu and Deca","floor":50,"turns":16}],"seed_played":"3439422374963397277","potions_obtained":[{"floor":1.0,"key":"Explosive Potion"},{"floor":12.0,"key":"PowerPotion"},{"floor":16,"key":"AttackPotion"},{"floor":18,"key":"LiquidBronze"},{"floor":27,"key":"FearPotion"},{"floor":31,"key":"Ancient Potion"},{"floor":33,"key":"Block Potion"},{"floor":36,"key":"Strength Potion"}],"is_trial":false,"path_per_floor":["M","?","?","?","M","E","R","M","T","?","R","M","?","E","R","B",null,"M","?","?","$","M","R","?","R","T","E","R","M","?","M","R","B",null,"M","?","$","?","?","R","M","T","T","M","M","R","M","$","R","B",null],"character_chosen":"THE_SILENT","items_purchased":["Kunai","Singing Bowl","SpeedPotion"],"campfire_rested":4,"item_purchase_floors":[21,37,48],"current_hp_per_floor":[54,54,47,47,46,41,41,41,41,21,21,21,21,8,26,9,47,37,37,37,37,42,42,42,42,47,29,29,24,24,22,40,41,55,54,39,39,39,39,57,61,61,61,64,57,66,66,66,66,59],"gold":12,"neow_bonus":"UPGRADE_CARD","is_prod":false,"is_daily":false,"chose_seed":false,"campfire_upgraded":5,"win_rate":0,"timestamp":1562185704,"path_taken":["M","?","?","?","?","E","R","M","T","?","R","M","?","E","R","BOSS","M","?","?","$","M","R","?","R","T","E","R","M","?","?","R","BOSS","M","?","$","?","?","R","?","?","T","M","?","R","M","$","R","BOSS"],"build_version":"2019-07-01","purchased_purges":1,"victory":true,"max_hp_per_floor":[66,66,66,66,66,66,66,66,66,66,66,66,60,60,60,60,60,60,60,60,60,60,60,60,60,60,60,60,60,60,60,60,60,60,60,60,60,60,60,60,62,62,62,64,66,66,66,66,66,66],"card_choices":[{"not_picked":["Accuracy","Dodge and Roll"],"picked":"Cloak And Dagger","floor":1.0},{"not_picked":["Masterful Stab","Eviscerate"],"picked":"All Out Attack","floor":5.0},{"not_picked":["Deflect","Dagger Throw"],"picked":"Blade Dance","floor":6.0},{"not_picked":["Blade Dance","Flying Knee"],"picked":"Slice","floor":8.0},{"not_picked":["Noxious Fumes","Eviscerate","Prepared"],"picked":"SKIP","floor":12.0},{"not_picked":["Doppelganger","All Out Attack"],"picked":"Dagger Spray","floor":14.0},{"not_picked":["Envenom","Bullet Time"],"picked":"A Thousand Cuts","floor":16},{"not_picked":[],"picked":"Well Laid Plans","floor":18},{"not_picked":["Sucker Punch"],"picked":"SKIP","floor":22},{"not_picked":[],"picked":"Dodge and Roll","floor":27},{"not_picked":["Expertise"],"picked":"Footwork","floor":29},{"not_picked":["Setup"],"picked":"Calculated Gamble","floor":31},{"not_picked":["A Thousand Cuts"],"picked":"After Image","floor":33},{"not_picked":["Quick Slash","Deadly Poison+1"],"picked":"SKIP","floor":35},{"not_picked":["Predator","Bane"],"picked":"Singing Bowl","floor":41},{"not_picked":["Cloak And Dagger","Poisoned Stab"],"picked":"Singing Bowl","floor":44},{"not_picked":["Quick Slash","Expertise"],"picked":"Singing Bowl","floor":45},{"not_picked":["Flechettes"],"picked":"Acrobatics+1","floor":47}],"player_experience":850685,"relics_obtained":[{"floor":6.0,"key":"Turnip"},{"floor":9.0,"key":"Ornamental Fan"},{"floor":14.0,"key":"Bag of Preparation"},{"floor":26,"key":"Smiling Mask"},{"floor":27,"key":"Question Card"},{"floor":36,"key":"Nunchaku"},{"floor":42,"key":"Gremlin Horn"},{"floor":43,"key":"Sundial"}],"event_choices":[{"damage_healed":0.0,"max_hp_gain":0.0,"max_hp_loss":0.0,"gold_gain":0.0,"event_name":"Big Fish","player_choice":"Box","floor":2.0,"gold_loss":0.0,"damage_taken":0.0,"relics_obtained":["Mercury Hourglass"],"cards_obtained":["Regret"]},{"cards_removed":["Regret"],"damage_healed":0.0,"max_hp_gain":0.0,"max_hp_loss":0.0,"gold_gain":0.0,"event_name":"Golden Wing","player_choice":"Card Removal","floor":3.0,"gold_loss":0.0,"damage_taken":7.0},{"cards_removed":["Strike_G"],"damage_healed":0.0,"max_hp_gain":0.0,"max_hp_loss":0.0,"gold_gain":0.0,"event_name":"Purifier","player_choice":"Purged","floor":4.0,"gold_loss":0.0,"damage_taken":0.0},{"damage_healed":0.0,"max_hp_gain":0.0,"max_hp_loss":0.0,"gold_gain":0.0,"event_name":"Shining Light","player_choice":"Entered Light","floor":10.0,"gold_loss":0.0,"damage_taken":20.0,"cards_upgraded":["All Out Attack","Slice"]},{"damage_healed":0.0,"max_hp_gain":0.0,"max_hp_loss":6.0,"gold_gain":0.0,"event_name":"Golden Idol","player_choice":"Lose Max HP","floor":13.0,"gold_loss":0.0,"damage_taken":0.0,"relics_obtained":["Golden Idol"]},{"damage_healed":0,"gold_gain":0,"player_choice":"Gave Idol","damage_taken":0,"relics_obtained":["Bloody Idol"],"max_hp_gain":0,"max_hp_loss":0,"event_name":"Forgotten Altar","floor":19,"relics_lost":["Golden Idol"],"gold_loss":0},{"damage_healed":0,"gold_gain":0,"player_choice":"Opened","damage_taken":0,"relics_obtained":["Lantern"],"max_hp_gain":0,"max_hp_loss":0,"event_name":"The Mausoleum","floor":20,"gold_loss":0,"cards_obtained":["Writhe"]},{"damage_healed":0,"gold_gain":0,"player_choice":"Stole Relic","damage_taken":0,"relics_obtained":["Pen Nib"],"max_hp_gain":0,"max_hp_loss":0,"event_name":"Addict","floor":24,"gold_loss":0,"cards_obtained":["Shame"]},{"cards_removed":["Shame"],"damage_healed":0,"gold_gain":0,"player_choice":"Removed Curses","damage_taken":0,"max_hp_gain":0,"max_hp_loss":0,"event_name":"Fountain of Cleansing","floor":30,"gold_loss":0},{"damage_healed":0,"gold_gain":0,"player_choice":"Fight","damage_taken":0,"max_hp_gain":0,"max_hp_loss":0,"event_name":"Mysterious Sphere","floor":36,"gold_loss":0},{"cards_removed":["Dagger Spray"],"damage_healed":0,"gold_gain":0,"player_choice":"Removed Attack","damage_taken":0,"max_hp_gain":0,"max_hp_loss":0,"event_name":"Falling","floor":38,"gold_loss":0},{"damage_healed":0,"gold_gain":0,"player_choice":"Forge","damage_taken":0,"max_hp_gain":0,"max_hp_loss":0,"event_name":"Accursed Blacksmith","floor":39,"gold_loss":0,"cards_upgraded":["After Image"]}],"is_beta":false,"boss_relics":[{"not_picked":["White Beast Statue","Velvet Choker"],"picked":"Busted Crown"},{"not_picked":["Eternal Feather","Empty Cage"],"picked":"Fusion Hammer"}],"items_purged_floors":[21],"is_endless":false,"potions_floor_spawned":[1,12,16,18,27,31,33,36,41],"ascension_level":18}