{"gold_per_floor":[17,17,17,17,17,17,17,51,98,118,118,131,165,240,240,365,365,379,379,379,394,412,412,412],"floor_reached":24,"playtime":2005,"items_purged":[],"score":232,"play_id":"6ff2c8d7-1ea4-4bda-b8eb-7ce117898578","local_time":"20190704112453","is_ascension_mode":true,"campfire_choices":[{"data":"Endless Agony","floor":6,"key":"SMITH"},{"floor":11,"key":"REST"},{"floor":15,"key":"REST"},{"floor":23,"key":"REST"}],"neow_cost":"NO_GOLD","seed_source_timestamp":100453993165294,"circlet_count":0,"master_deck":["Strike_G","Strike_G","Strike_G","Strike_G","Defend_G","Defend_G","Defend_G","Defend_G","Survivor","Neutralize","Discovery+1","Blind","Dodge and Roll","Endless Agony+1","Quick Slash","Blur","Flying Knee","Outmaneuver","Burst","RitualDagger","Well Laid Plans"],"relics":["Ring of the Snake","Bloody Idol","Regal Pillow","Orichalcum","Smiling Mask","Cursed Key"],"potions_floor_usage":[22,22,24],"damage_taken":[{"damage":0,"enemies":"Jaw Worm","floor":1,"turns":4},{"damage":20,"enemies":"Gremlin Nob","floor":8,"turns":5},{"damage":5,"enemies":"Small Slimes","floor":10,"turns":3},{"damage":0,"enemies":"2 Louse","floor":12,"turns":2},{"damage":12,"enemies":"3 Sentries","floor":13,"turns":12},{"damage":8,"enemies":"The Guardian","floor":16,"turns":17},{"damage":13,"enemies":"Shell Parasite","floor":18,"turns":6},{"damage":34,"enemies":"3 Byrds","floor":21,"turns":10},{"damage":3,"enemies":"Snecko","floor":22,"turns":6},{"damage":65,"enemies":"Book of Stabbing","floor":24,"turns":7}],"seed_played":"8669455180754446300","potions_obtained":[{"floor":10,"key":"Ancient Potion"},{"floor":16,"key":"GamblersBrew"},{"floor":18,"key":"Poison Potion"}],"is_trial":false,"path_per_floor":["M","$","?","?","?","R","?","E","T","M","R","M","E","?","R","B",null,"M","?","?","M","M","R","E"],"character_chosen":"THE_SILENT","items_purchased":[],"campfire_rested":3,"item_purchase_floors":[],"current_hp_per_floor":[70,70,53,46,46,46,46,26,26,21,57,57,45,34,70,62,70,57,51,51,22,24,60,0],"gold":412,"neow_bonus":"RANDOM_COLORLESS_2","is_prod":false,"is_daily":false,"chose_seed":false,"campfire_upgraded":1,"win_rate":0,"timestamp":1562264693,"path_taken":["M","$","?","?","?","R","?","E","T","?","R","M","E","?","R","BOSS","M","?","?","M","M","R","E"],"build_version":"2019-07-01","purchased_purges":0,"victory":false,"max_hp_per_floor":[70,70,70,70,70,70,70,70,70,70,70,70,70,70,70,70,70,70,70,70,70,70,70,70],"card_choices":[{"not_picked":["Catalyst","Deflect"],"picked":"Dodge and Roll","floor":1},{"not_picked":["Dodge and Roll","Predator"],"picked":"Quick Slash","floor":8},{"not_picked":["Dodge and Roll","Backstab"],"picked":"Blur","floor":10},{"not_picked":["Finisher","Backstab"],"picked":"Flying Knee","floor":12},{"not_picked":["Catalyst","Finisher"],"picked":"Outmaneuver","floor":13},{"not_picked":["Malaise","Wraith Form v2"],"picked":"Burst","floor":16},{"not_picked":["PiercingWail","Backflip","Underhanded Strike"],"picked":"SKIP","floor":18},{"not_picked":["Dodge and Roll","Quick Slash+1"],"picked":"Well Laid Plans","floor":21},{"not_picked":["Expertise","Quick Slash","PiercingWail"],"picked":"SKIP","floor":22}],"player_experience":163715,"relics_obtained":[{"floor":8,"key":"Regal Pillow"},{"floor":9,"key":"Orichalcum"},{"floor":13,"key":"Smiling Mask"}],"event_choices":[{"damage_healed":0,"gold_gain":0,"player_choice":"Take Damage","damage_taken":17,"relics_obtained":["Golden Idol"],"max_hp_gain":0,"max_hp_loss":0,"event_name":"Golden Idol","floor":3,"gold_loss":0},{"cards_removed":["Defend_G"],"damage_healed":0,"gold_gain":0,"player_choice":"Card Removal","damage_taken":7,"max_hp_gain":0,"max_hp_loss":0,"event_name":"Golden Wing","floor":4,"gold_loss":0},{"damage_healed":0,"gold_gain":0,"cards_transformed":["Strike_G"],"player_choice":"Change","damage_taken":0,"max_hp_gain":0,"max_hp_loss":0,"event_name":"Living Wall","floor":5,"gold_loss":0,"cards_obtained":["Endless Agony"]},{"damage_healed":0,"gold_gain":0,"player_choice":"Forge","damage_taken":0,"max_hp_gain":0,"max_hp_loss":0,"event_name":"Accursed Blacksmith","floor":7,"gold_loss":0,"cards_upgraded":["Discovery"]},{"damage_healed":0,"gold_gain":75,"player_choice":"Gather Gold","damage_taken":11,"max_hp_gain":0,"max_hp_loss":0,"event_name":"World of Goop","floor":14,"gold_loss":0},{"damage_healed":0,"gold_gain":0,"player_choice":"Joined the Cult","damage_taken":6,"max_hp_gain":0,"max_hp_loss":0,"event_name":"Nest","floor":19,"gold_loss":0,"cards_obtained":["RitualDagger"]},{"damage_healed":0,"gold_gain":0,"player_choice":"Gave Idol","damage_taken":0,"relics_obtained":["Bloody Idol"],"max_hp_gain":0,"max_hp_loss":0,"event_name":"Forgotten Altar","floor":20,"relics_lost":["Golden Idol"],"gold_loss":0}],"is_beta":false,"boss_relics":[{"not_picked":["Tiny House","Runic Dome"],"picked":"Cursed Key"}],"items_purged_floors":[],"is_endless":false,"potions_floor_spawned":[10,16,18],"killed_by":"Book of Stabbing","ascension_level":3}