{"gold_per_floor":[213,213,228,66,241,273,273,292,292,292],"floor_reached":10,"playtime":465,"items_purged":[],"score":86,"play_id":"a4565a76-0d67-4695-837f-82c1d7b56158","local_time":"20190725211538","is_ascension_mode":true,"campfire_choices":[{"floor":7,"key":"REST"}],"neow_cost":"NONE","seed_source_timestamp":136686092573627,"circlet_count":0,"master_deck":["Strike_G","Strike_G","Strike_G","Strike_G","Strike_G","Defend_G","Defend_G","Defend_G","Defend_G","Defend_G","Survivor","Neutralize","Deadly Poison","Accuracy","Panacea","Doubt","Infinite Blades","Flying Knee"],"relics":["Ring of the Snake","Shovel","Bottled Flame"],"potions_floor_usage":[10],"damage_taken":[{"damage":0,"enemies":"Cultist","floor":1,"turns":4},{"damage":1,"enemies":"2 Louse","floor":3,"turns":3},{"damage":56,"enemies":"3 Sentries","floor":6,"turns":13},{"damage":5,"enemies":"Jaw Worm","floor":8,"turns":4},{"damage":39,"enemies":"Gremlin Nob","floor":10,"turns":4}],"seed_played":"5956543976845241335","potions_obtained":[{"floor":8,"key":"Strength Potion"}],"is_trial":false,"path_per_floor":["M","?","M","$","?","E","R","M","T","E"],"character_chosen":"THE_SILENT","items_purchased":["Accuracy","Panacea"],"campfire_rested":1,"item_purchase_floors":[4,4],"current_hp_per_floor":[63,68,67,67,67,11,32,27,27,0],"gold":292,"neow_bonus":"HUNDRED_GOLD","is_prod":false,"is_daily":false,"chose_seed":false,"campfire_upgraded":0,"win_rate":0,"timestamp":1564114538,"path_taken":["M","?","M","?","?","E","R","M","T","E"],"build_version":"2019-07-17","purchased_purges":0,"victory":false,"max_hp_per_floor":[70,70,70,70,70,70,70,70,70,70],"card_choices":[{"not_picked":["Underhanded Strike","Bouncing Flask"],"picked":"Dagger Spray","floor":1},{"not_picked":["Acrobatics","Backflip"],"picked":"Deadly Poison","floor":3},{"not_picked":["Prepared","Backstab"],"picked":"Infinite Blades","floor":6},{"not_picked":["Sucker Punch","Poisoned Stab"],"picked":"Flying Knee","floor":8}],"player_experience":392276,"relics_obtained":[{"floor":6,"key":"Shovel"},{"floor":9,"key":"Bottled Flame"}],"event_choices":[{"cards_removed":["Dagger Spray"],"damage_healed":5,"gold_gain":0,"player_choice":"Offered Common","damage_taken":0,"max_hp_gain":0,"max_hp_loss":0,"event_name":"Bonfire Elementals","floor":2,"gold_loss":0},{"cards_removed":["Dagger Spray"],"damage_healed":5,"gold_gain":0,"player_choice":"Offered Special","damage_taken":0,"max_hp_gain":0,"max_hp_loss":0,"event_name":"Bonfire Elementals","floor":2,"gold_loss":0},{"damage_healed":0,"gold_gain":175,"player_choice":"AGREE","damage_taken":0,"max_hp_gain":0,"max_hp_loss":0,"event_name":"Liars Game","floor":5,"gold_loss":0,"cards_obtained":["Doubt"]}],"is_beta":false,"boss_relics":[],"items_purged_floors":[],"is_endless":false,"potions_floor_spawned":[8],"killed_by":"Gremlin Nob","ascension_level":6}