{"gold_per_floor":[109,109,128,141,166,206,171,207,256,291,291,309,34,53,53,173,173,163,183,183,183,201,239,239,262,262,0,41,66,91,110,110,241,241,260,260,283,301,319,319,319],"floor_reached":41,"playtime":4845,"items_purged":["Strike_G","Expertise"],"score":773,"play_id":"75b0f622-0c90-4516-a909-30510917b618","local_time":"20190808022855","is_ascension_mode":true,"campfire_choices":[{"floor":15.0,"key":"REST"},{"floor":24,"key":"REST"},{"floor":32,"key":"REST"},{"data":"Tools of the Trade","floor":40,"key":"SMITH"}],"neow_cost":"NONE","seed_source_timestamp":232133078882956,"circlet_count":0,"master_deck":["AscendersBane","Survivor","Neutralize","Caltrops","Slice","Backflip","Tools of the Trade","Cloak And Dagger","Dagger Spray","Underhanded Strike","Backflip","Underhanded Strike","Adrenaline","Leg Sweep","Dagger Spray","Expertise","Backflip","Deflect","Footwork","Night Terror+1","Bouncing Flask","Reflex","Underhanded Strike","Prepared","Flying Knee","Caltrops","Underhanded Strike","A Thousand Cuts","Flying Knee","Masterful Stab","Tools of the Trade+1","Malaise","Noxious Fumes+1","PiercingWail+1","Underhanded Strike+1"],"special_seed":0,"relics":["Ring of the Snake","Golden Idol","FossilizedHelix","Darkstone Periapt","Happy Flower","Ancient Tea Set","Dream Catcher","Bag of Preparation","Pandora\u0027s Box","Nilry\u0027s Codex","Omamori","Anchor","Bronze Scales","Potion Belt","White Beast Statue"],"potions_floor_usage":[22,22,29,31,33,35,37,38,39,41],"damage_taken":[{"damage":1.0,"enemies":"Small Slimes","floor":1.0,"turns":4.0},{"damage":0.0,"enemies":"2 Louse","floor":3.0,"turns":2.0},{"damage":5.0,"enemies":"Jaw Worm","floor":4.0,"turns":5.0},{"damage":0.0,"enemies":"2 Fungi Beasts","floor":5.0,"turns":4.0},{"damage":6.0,"enemies":"3 Sentries","floor":6.0,"turns":12.0},{"damage":30.0,"enemies":"Lagavulin","floor":8.0,"turns":11.0},{"damage":15.0,"enemies":"3 Sentries","floor":10.0,"turns":9.0},{"damage":12.0,"enemies":"Exordium Thugs","floor":12.0,"turns":5.0},{"damage":0.0,"enemies":"Gremlin Gang","floor":14.0,"turns":5.0},{"damage":4.0,"enemies":"The Guardian","floor":16.0,"turns":15.0},{"damage":0.0,"enemies":"2 Thieves","floor":18.0,"turns":4.0},{"damage":0.0,"enemies":"Chosen","floor":19.0,"turns":5.0},{"damage":0,"enemies":"Centurion and Healer","floor":22,"turns":5},{"damage":29,"enemies":"Gremlin Leader","floor":23,"turns":9},{"damage":17,"enemies":"Snake Plant","floor":25,"turns":5},{"damage":0,"enemies":"Book of Stabbing","floor":28,"turns":6},{"damage":14,"enemies":"Cultist and Chosen","floor":29,"turns":6},{"damage":0,"enemies":"Sentry and Sphere","floor":31,"turns":4},{"damage":20,"enemies":"Collector","floor":33,"turns":10},{"damage":0,"enemies":"3 Shapes","floor":35,"turns":5},{"damage":9,"enemies":"3 Darklings","floor":37,"turns":4},{"damage":12,"enemies":"Writhing Mass","floor":38,"turns":6},{"damage":0,"enemies":"Maw","floor":39,"turns":7},{"damage":34,"enemies":"Transient","floor":41,"turns":5}],"seed_played":"3799057011125803459","potions_obtained":[{"floor":0.0,"key":"Poison Potion"},{"floor":0.0,"key":"SteroidPotion"},{"floor":0.0,"key":"Regen Potion"},{"floor":3.0,"key":"EssenceOfSteel"},{"floor":4.0,"key":"Swift Potion"},{"floor":5.0,"key":"Dexterity Potion"},{"floor":12.0,"key":"SpeedPotion"},{"floor":18.0,"key":"Strength Potion"},{"floor":19.0,"key":"SpeedPotion"},{"floor":29,"key":"Block Potion"},{"floor":31,"key":"Swift Potion"},{"floor":33,"key":"SteroidPotion"},{"floor":35,"key":"Explosive Potion"},{"floor":37,"key":"Strength Potion"},{"floor":38,"key":"Swift Potion"},{"floor":39,"key":"Poison Potion"}],"is_trial":false,"path_per_floor":["M","?","M","M","M","E","?","E","T","E","?","M","$","M","R","B",null,"M","M","?","?","M","E","R","M","T","$","E","M","T","M","R","B",null,"M","?","M","M","M","R","M"],"character_chosen":"THE_SILENT","items_purchased":["Weak Potion","Bag of Preparation","Caltrops","EssenceOfSteel","Underhanded Strike"],"campfire_rested":3,"item_purchase_floors":[13,13,27,27,27],"current_hp_per_floor":[62,45,45,54,54,48,65,35,35,20,17,5,5,5,26,22,58,58,58,42,42,42,13,34,17,17,17,17,3,3,3,24,4,54,54,54,45,33,33,33,0],"gold":319,"neow_bonus":"THREE_SMALL_POTIONS","is_prod":false,"is_daily":false,"chose_seed":false,"campfire_upgraded":1,"win_rate":0,"timestamp":1565256535,"path_taken":["M","?","M","M","M","E","?","E","T","E","?","M","$","M","R","BOSS","M","M","?","?","M","E","R","M","T","$","E","?","?","?","R","BOSS","M","?","M","M","M","R","M"],"build_version":"2019-07-17","purchased_purges":2,"victory":false,"max_hp_per_floor":[70,70,70,70,70,70,70,70,70,70,70,70,70,70,70,70,70,70,70,70,70,70,70,70,70,70,70,70,70,70,70,70,70,70,70,70,70,70,70,70,70],"card_choices":[{"not_picked":["Expertise","Choke"],"picked":"Caltrops","floor":1.0},{"not_picked":["Riddle With Holes","Masterful Stab"],"picked":"Slice","floor":3.0},{"not_picked":["Accuracy","Predator"],"picked":"Backflip","floor":4.0},{"not_picked":["Finisher","Endless Agony"],"picked":"Tools of the Trade","floor":5.0},{"not_picked":["Outmaneuver","Slice"],"picked":"Cloak And Dagger","floor":6.0},{"not_picked":["Quick Slash","Burst"],"picked":"Dagger Spray","floor":8.0},{"not_picked":["Catalyst","Backstab"],"picked":"Underhanded Strike","floor":10.0},{"not_picked":["Endless Agony","Bouncing Flask"],"picked":"Backflip","floor":12.0},{"not_picked":["Deflect","Dagger Spray","Bane"],"picked":"SKIP","floor":14.0},{"not_picked":["Sucker Punch","Cloak And Dagger"],"picked":"Underhanded Strike","floor":15.0},{"not_picked":["Doppelganger","Glass Knife"],"picked":"Adrenaline","floor":16.0},{"not_picked":["Skewer","Endless Agony"],"picked":"Reflex","floor":18.0},{"not_picked":["Deadly Poison","Dagger Throw"],"picked":"Underhanded Strike","floor":19.0},{"not_picked":["Skewer","Expertise","Cloak And Dagger"],"picked":"SKIP","floor":22},{"not_picked":["Finisher+1","Endless Agony"],"picked":"Prepared","floor":23},{"not_picked":["Dodge and Roll","Calculated Gamble"],"picked":"Flying Knee","floor":24},{"not_picked":["Dagger Spray","Poisoned Stab","Acrobatics+1"],"picked":"SKIP","floor":25},{"not_picked":["Poisoned Stab","Prepared"],"picked":"A Thousand Cuts","floor":28},{"not_picked":["Acrobatics","Quick Slash"],"picked":"Flying Knee","floor":29},{"not_picked":["Bane","Riddle With Holes"],"picked":"Masterful Stab","floor":31},{"not_picked":["Crippling Poison","Poisoned Stab"],"picked":"Tools of the Trade","floor":32},{"not_picked":["Tools of the Trade","Grand Finale"],"picked":"Malaise","floor":33},{"not_picked":["Dash+1","Backflip"],"picked":"Noxious Fumes+1","floor":35},{"not_picked":["Outmaneuver+1","Deadly Poison"],"picked":"PiercingWail+1","floor":37},{"not_picked":["Slice+1","Sucker Punch+1"],"picked":"Underhanded Strike+1","floor":38},{"not_picked":["Calculated Gamble+1","Dagger Throw+1","Deflect"],"picked":"SKIP","floor":39}],"player_experience":524401,"relics_obtained":[{"floor":6.0,"key":"FossilizedHelix"},{"floor":8.0,"key":"Darkstone Periapt"},{"floor":9.0,"key":"Happy Flower"},{"floor":10.0,"key":"Ancient Tea Set"},{"floor":20.0,"key":"Nilry\u0027s Codex"},{"floor":23,"key":"Omamori"},{"floor":26,"key":"Anchor"},{"floor":28,"key":"Bronze Scales"},{"floor":30,"key":"Potion Belt"}],"event_choices":[{"damage_healed":0.0,"max_hp_gain":0.0,"max_hp_loss":0.0,"gold_gain":0.0,"event_name":"Golden Idol","player_choice":"Take Damage","floor":2.0,"gold_loss":0.0,"damage_taken":17.0,"relics_obtained":["Golden Idol"]},{"damage_healed":17.0,"max_hp_gain":0.0,"max_hp_loss":0.0,"gold_gain":0.0,"event_name":"The Cleric","player_choice":"Healed","floor":7.0,"gold_loss":35.0,"damage_taken":0.0},{"damage_healed":0.0,"max_hp_gain":0.0,"max_hp_loss":0.0,"gold_gain":0.0,"event_name":"Scrap Ooze","player_choice":"Success","floor":11.0,"gold_loss":0.0,"damage_taken":3.0,"relics_obtained":["Dream Catcher"]},{"damage_healed":0.0,"max_hp_gain":0.0,"max_hp_loss":0.0,"gold_gain":0.0,"event_name":"Cursed Tome","player_choice":"Obtained Book","floor":20.0,"gold_loss":0.0,"damage_taken":16.0},{"damage_healed":0.0,"max_hp_gain":0.0,"max_hp_loss":0.0,"gold_gain":0.0,"event_name":"Upgrade Shrine","player_choice":"Upgraded","floor":21.0,"gold_loss":0.0,"damage_taken":0.0,"cards_upgraded":["Night Terror"]},{"damage_healed":0,"gold_gain":0,"player_choice":"Ignored","damage_taken":0,"max_hp_gain":0,"max_hp_loss":0,"event_name":"Tomb of Lord Red Mask","floor":36,"gold_loss":0}],"is_beta":false,"boss_relics":[{"not_picked":["Black Star","Astrolabe"],"picked":"Pandora\u0027s Box"},{"not_picked":["Eternal Feather","Ring of the Serpent"],"picked":"White Beast Statue"}],"items_purged_floors":[13,27],"is_endless":false,"potions_floor_spawned":[3,4,5,12,18,19,29,31,33,35,37,38,39],"killed_by":"Transient","ascension_level":10}