{"gold_per_floor":[116,131,151,226,242,242,274,274,324,324,342,362,372,392,392,489,489,506,605,139,139,64,64,74,74,99,110,140,140,40,59,59,59],"floor_reached":33,"playtime":3568,"items_purged":["Defend_R","Strike_R"],"score":269,"play_id":"31a6c81e-f9e4-44b4-8032-e98c7d8e2205","local_time":"20190814111028","is_ascension_mode":false,"campfire_choices":[{"data":"Bash","floor":6,"key":"SMITH"},{"floor":8,"key":"REST"},{"data":"Flame Barrier","floor":10,"key":"SMITH"},{"floor":15,"key":"REST"},{"data":"Power Through","floor":23,"key":"SMITH"},{"floor":29,"key":"REST"},{"floor":32,"key":"REST"}],"neow_cost":"NONE","seed_source_timestamp":233806249202000,"circlet_count":0,"master_deck":["Strike_R","Strike_R","Strike_R","Strike_R","Bash+1","Flame Barrier+1","Metallicize","Pummel","Rampage","Feed","Shrug It Off","True Grit","Pummel","Power Through+1","Shrug It Off","Searing Blow","Flame Barrier","Ghostly Armor"],"relics":["Busted Crown","Dodecahedron","Omamori","Velvet Choker","Brimstone","Centennial Puzzle","Pen Nib","Nunchaku"],"potions_floor_usage":[11,14,16,16,16,24,27,27],"damage_taken":[{"damage":2,"enemies":"Jaw Worm","floor":1,"turns":3},{"damage":0,"enemies":"Cultist","floor":2,"turns":2},{"damage":2,"enemies":"2 Louse","floor":3,"turns":2},{"damage":2,"enemies":"2 Fungi Beasts","floor":5,"turns":4},{"damage":12,"enemies":"3 Sentries","floor":7,"turns":12},{"damage":0,"enemies":"Large Slime","floor":11,"turns":6},{"damage":5,"enemies":"Exordium Thugs","floor":12,"turns":4},{"damage":0,"enemies":"Blue Slaver","floor":13,"turns":4},{"damage":16,"enemies":"Gremlin Gang","floor":14,"turns":4},{"damage":18,"enemies":"The Guardian","floor":16,"turns":9},{"damage":11,"enemies":"2 Thieves","floor":18,"turns":5},{"damage":5,"enemies":"Chosen","floor":24,"turns":2},{"damage":0,"enemies":"Snake Plant","floor":27,"turns":3},{"damage":11,"enemies":"Slavers","floor":28,"turns":5},{"damage":0,"enemies":"3 Cultists","floor":31,"turns":3},{"damage":122,"enemies":"Collector","floor":33,"turns":7}],"seed_played":"5193919199333599988","potions_obtained":[{"floor":2,"key":"Weak Potion"},{"floor":3,"key":"GamblersBrew"},{"floor":7,"key":"Fire Potion"},{"floor":11,"key":"Dexterity Potion"},{"floor":14,"key":"SpeedPotion"},{"floor":16,"key":"GamblersBrew"},{"floor":18,"key":"AttackPotion"},{"floor":24,"key":"SteroidPotion"}],"is_trial":false,"path_per_floor":["M","M","M","?","M","R","E","R","T","R","M","M","M","M","R","B",null,"M","?","$","?","?","R","M","?","T","M","E","R","$","M","R","B"],"character_chosen":"IRONCLAD","items_purchased":["Brimstone","EssenceOfSteel","True Grit","Pummel"],"campfire_rested":4,"item_purchase_floors":[20,20,20,20],"current_hp_per_floor":[78,78,76,68,66,66,54,78,78,78,78,73,73,57,80,62,80,72,72,72,72,72,72,67,67,67,67,56,80,80,83,86,0],"gold":59,"neow_bonus":"BOSS_RELIC","is_prod":false,"is_daily":false,"chose_seed":false,"campfire_upgraded":3,"win_rate":0.0,"timestamp":1565795428,"path_taken":["M","M","M","?","M","R","E","R","T","R","M","?","M","M","R","BOSS","M","?","$","?","?","R","M","?","T","M","E","R","$","M","R","BOSS"],"build_version":"2019-07-17","purchased_purges":2,"victory":false,"max_hp_per_floor":[80,80,80,80,80,80,80,80,80,80,80,80,80,80,80,80,80,83,83,83,83,83,83,83,83,83,83,83,83,83,86,86,86],"card_choices":[{"not_picked":["Clothesline"],"picked":"SKIP","floor":1},{"not_picked":["Clash"],"picked":"SKIP","floor":2},{"not_picked":[],"picked":"Flame Barrier","floor":3},{"not_picked":[],"picked":"Metallicize","floor":5},{"not_picked":["Double Tap"],"picked":"SKIP","floor":7},{"not_picked":[],"picked":"Pummel","floor":11},{"not_picked":["Ghostly Armor"],"picked":"SKIP","floor":12},{"not_picked":[],"picked":"Rampage","floor":13},{"not_picked":["Infernal Blade"],"picked":"SKIP","floor":14},{"not_picked":[],"picked":"Feed","floor":16},{"not_picked":[],"picked":"Shrug It Off","floor":18},{"not_picked":[],"picked":"Searing Blow","floor":24},{"not_picked":["Pummel"],"picked":"SKIP","floor":27},{"not_picked":[],"picked":"Flame Barrier","floor":28},{"not_picked":[],"picked":"Ghostly Armor","floor":31}],"player_experience":44460,"relics_obtained":[{"floor":7,"key":"Dodecahedron"},{"floor":9,"key":"Omamori"},{"floor":26,"key":"Pen Nib"},{"floor":28,"key":"Nunchaku"}],"event_choices":[{"damage_healed":0,"gold_gain":75,"player_choice":"Touch","damage_taken":8,"max_hp_gain":0,"max_hp_loss":0,"event_name":"FaceTrader","floor":4,"gold_loss":0},{"damage_healed":0,"gold_gain":99,"player_choice":"Stole From Cult","damage_taken":0,"max_hp_gain":0,"max_hp_loss":0,"event_name":"Nest","floor":19,"gold_loss":0},{"damage_healed":0,"gold_gain":0,"cards_transformed":["Defend_R","Defend_R"],"player_choice":"Became Test Subject","damage_taken":0,"max_hp_gain":0,"max_hp_loss":0,"event_name":"Drug Dealer","floor":21,"gold_loss":0,"cards_obtained":["Power Through","Shrug It Off"]},{"cards_removed":["Defend_R"],"damage_healed":0,"gold_gain":0,"player_choice":"Gave Gold","damage_taken":0,"max_hp_gain":0,"max_hp_loss":0,"event_name":"Beggar","floor":22,"gold_loss":75},{"damage_healed":0,"gold_gain":0,"player_choice":"Opened","damage_taken":0,"relics_obtained":["Centennial Puzzle"],"max_hp_gain":0,"max_hp_loss":0,"event_name":"The Mausoleum","floor":25,"gold_loss":0}],"is_beta":false,"boss_relics":[{"not_picked":["Orrery","Lizard Tail"],"picked":"Velvet Choker"}],"items_purged_floors":[20,30],"is_endless":false,"potions_floor_spawned":[2,3,7,11,14,16,18,24],"killed_by":"Collector","ascension_level":0}