{"gold_per_floor":[115,115,125,145,145,176,176,187,187,204,222,249,249,265,265,384,384,405,405,429,238,163,207,207,56,81,102,102,123,139,174,174,302,302,315,71,71,404,404,404,126,126,152,152,2,37,51,69,69,69],"floor_reached":51,"playtime":4315,"items_purged":["Strike_G","Strike_G","Strike_G","Expertise"],"score":715,"play_id":"dd6a389d-f2ae-4923-a050-a0ff074b7118","local_time":"20190302200952","is_ascension_mode":false,"campfire_choices":[{"data":"Catalyst","floor":7,"key":"SMITH"},{"floor":15,"key":"REST"},{"floor":24,"key":"REST"},{"floor":32,"key":"REST"},{"data":"Crippling Poison","floor":40,"key":"SMITH"},{"data":"Noxious Fumes","floor":42,"key":"SMITH"},{"data":"Dark Shackles","floor":44,"key":"SMITH"},{"floor":49,"key":"REST"}],"neow_cost":"NONE","seed_source_timestamp":143290485695854,"circlet_count":0,"master_deck":["Defend_G","Defend_G","Defend_G","Defend_G","Defend_G","Survivor","Neutralize","Deadly Poison","Catalyst+1","Deadly Poison","Prepared","Escape Plan","Leg Sweep","Corpse Explosion","Crippling Poison","Crippling Poison+1","Noxious Fumes+1","Neutralize","Dark Shackles+1","Prepared","Distraction","Escape Plan","Malaise","Night Terror","Prepared+1"],"relics":["Ring of the Snake","Dodecahedron","Matryoshka","Anchor","Darkstone Periapt","Odd Mushroom","Lizard Tail","Vajra","Snake Skull","PreservedInsect","Orichalcum","Dream Catcher","Philosopher\u0027s Stone","Happy Flower","Strawberry","Dead Branch"],"potions_floor_usage":[12,12],"damage_taken":[{"damage":1,"enemies":"Jaw Worm","floor":1,"turns":7},{"damage":2,"enemies":"Small Slimes","floor":3,"turns":5},{"damage":2,"enemies":"2 Louse","floor":4,"turns":3},{"damage":17,"enemies":"Lagavulin","floor":6,"turns":7},{"damage":20,"enemies":"Exordium Thugs","floor":8,"turns":4},{"damage":2,"enemies":"Looter","floor":10,"turns":3},{"damage":6,"enemies":"Lots of Slimes","floor":11,"turns":5},{"damage":4,"enemies":"The Mushroom Lair","floor":12,"turns":5},{"damage":4,"enemies":"Large Slime","floor":14,"turns":8},{"damage":12,"enemies":"The Guardian","floor":16,"turns":10},{"damage":0,"enemies":"Shell Parasite","floor":18,"turns":4},{"damage":0,"enemies":"3 Byrds","floor":20,"turns":3},{"damage":35,"enemies":"Gremlin Leader","floor":23,"turns":5},{"damage":16,"enemies":"Snake Plant","floor":27,"turns":4},{"damage":0,"enemies":"Sentry and Sphere","floor":29,"turns":4},{"damage":3,"enemies":"Centurion and Healer","floor":30,"turns":5},{"damage":17,"enemies":"Slavers","floor":31,"turns":6},{"damage":32,"enemies":"Collector","floor":33,"turns":6},{"damage":0,"enemies":"Orb Walker","floor":35,"turns":4},{"damage":28,"enemies":"Reptomancer","floor":46,"turns":4},{"damage":4,"enemies":"3 Darklings","floor":47,"turns":3},{"damage":0,"enemies":"Sphere and 2 Shapes","floor":48,"turns":2},{"damage":21,"enemies":"Time Eater","floor":50,"turns":8}],"seed_played":"-5784996165845891803","potions_obtained":[{"floor":8,"key":"AttackPotion"},{"floor":10,"key":"Block Potion"},{"floor":12,"key":"Strength Potion"},{"floor":14,"key":"Weak Potion"},{"floor":27,"key":"Poison Potion"},{"floor":35,"key":"SkillPotion"}],"is_trial":false,"path_per_floor":["M","?","M","M","?","E","R","M","T","M","M","?","?","M","R","B",null,"M","?","M","$","?","E","R","$","T","M","?","M","M","E","R","B",null,"M","$","?","?","?","R","$","R","T","R","$","E","M","M","R","B",null],"character_chosen":"THE_SILENT","items_purchased":["Crippling Poison","Noxious Fumes","Snake Skull","Happy Flower","Night Terror"],"campfire_rested":4,"item_purchase_floors":[21,21,25,36,41],"current_hp_per_floor":[76,76,74,72,69,52,52,32,32,30,24,20,20,16,37,25,71,71,71,71,71,71,36,57,57,57,41,41,41,38,21,42,10,71,71,71,67,67,67,67,67,67,74,74,74,46,42,42,64,43],"gold":69,"neow_bonus":"TEN_PERCENT_HP_BONUS","is_prod":false,"is_daily":false,"chose_seed":false,"campfire_upgraded":4,"win_rate":0.0,"timestamp":1551586192,"path_taken":["M","?","M","M","?","E","R","M","T","M","M","?","?","M","R","BOSS","M","?","M","$","?","E","R","$","T","?","?","?","M","E","R","BOSS","M","$","?","?","?","R","$","R","T","R","?","E","?","M","R","BOSS"],"build_version":"2019-01-23","purchased_purges":4,"victory":true,"max_hp_per_floor":[77,77,77,77,77,77,77,77,77,77,77,77,71,71,71,71,71,71,71,71,71,71,71,71,71,71,71,71,71,71,71,71,71,71,71,71,67,67,67,67,67,67,74,74,74,74,74,74,74,74],"card_choices":[{"not_picked":["Dodge and Roll","Finisher"],"picked":"Deadly Poison","floor":1},{"not_picked":["Dash","Dagger Spray","Deflect"],"picked":"SKIP","floor":3},{"not_picked":["Outmaneuver","Infinite Blades"],"picked":"Catalyst","floor":4},{"not_picked":["Underhanded Strike","A Thousand Cuts"],"picked":"Deadly Poison","floor":6},{"not_picked":["Eviscerate","Noxious Fumes"],"picked":"Prepared","floor":8},{"not_picked":["Bane","Eviscerate"],"picked":"Escape Plan","floor":10},{"not_picked":["Calculated Gamble","Sucker Punch","Flying Knee"],"picked":"SKIP","floor":11},{"not_picked":["Infinite Blades","Skewer"],"picked":"Leg Sweep","floor":12},{"not_picked":["Dagger Spray","Underhanded Strike","Deflect"],"picked":"SKIP","floor":14},{"not_picked":["Night Terror","Adrenaline"],"picked":"Corpse Explosion","floor":16},{"not_picked":["Deflect","Dagger Spray","Flying Knee"],"picked":"SKIP","floor":18},{"not_picked":["Dagger Spray","Dagger Throw","Deflect"],"picked":"SKIP","floor":20},{"not_picked":["Slice","Flying Knee","Predator+1"],"picked":"SKIP","floor":23},{"not_picked":["Flying Knee","Dash+1","All Out Attack+1"],"picked":"SKIP","floor":27},{"not_picked":["Flying Knee+1","Slice"],"picked":"Prepared","floor":29},{"not_picked":["Quick Slash","Dagger Throw","Masterful Stab"],"picked":"SKIP","floor":30},{"not_picked":["Slice","Finisher"],"picked":"Distraction","floor":31},{"not_picked":["Underhanded Strike","Flying Knee"],"picked":"Escape Plan","floor":32},{"not_picked":["Die Die Die","Phantasmal Killer"],"picked":"Malaise","floor":33},{"not_picked":["Slice+1","Dagger Spray+1","PiercingWail"],"picked":"SKIP","floor":35},{"not_picked":["Prepared","Dagger Throw+1","Glass Knife"],"picked":"SKIP","floor":46},{"not_picked":["Dash+1","Sucker Punch+1","Dagger Spray"],"picked":"SKIP","floor":47},{"not_picked":["Endless Agony+1","Poisoned Stab+1","Wraith Form v2"],"picked":"SKIP","floor":48},{"not_picked":["Dagger Throw","Blade Dance"],"picked":"Prepared+1","floor":49}],"player_experience":52536,"relics_obtained":[{"floor":6,"key":"Matryoshka"},{"floor":9,"key":"Anchor"},{"floor":9,"key":"Darkstone Periapt"},{"floor":12,"key":"Odd Mushroom"},{"floor":23,"key":"Vajra"},{"floor":26,"key":"PreservedInsect"},{"floor":26,"key":"Orichalcum"},{"floor":31,"key":"Dream Catcher"},{"floor":43,"key":"Strawberry"},{"floor":46,"key":"Dead Branch"}],"event_choices":[{"cards_removed":["Strike_G"],"damage_healed":0,"gold_gain":0,"player_choice":"Forget","damage_taken":0,"max_hp_gain":0,"max_hp_loss":0,"event_name":"Living Wall","floor":2,"gold_loss":0},{"damage_healed":0,"gold_gain":0,"player_choice":"Success","damage_taken":3,"relics_obtained":["Dodecahedron"],"max_hp_gain":0,"max_hp_loss":0,"event_name":"Scrap Ooze","floor":5,"gold_loss":0},{"damage_healed":0,"gold_gain":0,"player_choice":"Fought Mushrooms","damage_taken":0,"max_hp_gain":0,"max_hp_loss":0,"event_name":"Mushrooms","floor":12,"gold_loss":0},{"damage_healed":0,"gold_gain":0,"player_choice":"Lose Max HP","damage_taken":0,"relics_obtained":["Golden Idol"],"max_hp_gain":0,"max_hp_loss":6,"event_name":"Golden Idol","floor":13,"gold_loss":0},{"damage_healed":0,"gold_gain":0,"player_choice":"Read","damage_taken":0,"max_hp_gain":0,"max_hp_loss":0,"event_name":"The Library","floor":19,"gold_loss":0,"cards_obtained":["Crippling Poison"]},{"cards_removed":["Strike_G"],"damage_healed":0,"gold_gain":0,"player_choice":"Gave Gold","damage_taken":0,"max_hp_gain":0,"max_hp_loss":0,"event_name":"Beggar","floor":22,"gold_loss":75},{"damage_healed":0,"gold_gain":0,"player_choice":"3 cards matched","damage_taken":0,"max_hp_gain":0,"max_hp_loss":0,"event_name":"Match and Keep!","floor":28,"gold_loss":0,"cards_obtained":["Neutralize","Dark Shackles","Expertise"]},{"damage_healed":0,"gold_gain":0,"player_choice":"Max HP","damage_taken":0,"max_hp_gain":0,"max_hp_loss":4,"event_name":"Winding Halls","floor":37,"gold_loss":0},{"damage_healed":0,"gold_gain":333,"player_choice":"Gave Idol","damage_taken":0,"max_hp_gain":0,"max_hp_loss":0,"event_name":"The Moai Head","floor":38,"relics_lost":["Golden Idol"],"gold_loss":0},{"damage_healed":0,"gold_gain":0,"player_choice":"Ignored","damage_taken":0,"max_hp_gain":0,"max_hp_loss":0,"event_name":"Tomb of Lord Red Mask","floor":39,"gold_loss":0}],"is_beta":false,"boss_relics":[{"not_picked":["Calling Bell","Fusion Hammer"],"picked":"Lizard Tail"},{"not_picked":["Tiny House","Black Star"],"picked":"Philosopher\u0027s Stone"}],"items_purged_floors":[21,36,41,45],"is_endless":false,"potions_floor_spawned":[8,10,12,14,27,29,30,33,35,48],"ascension_level":0}