{"gold_per_floor":[114,132,207,224,224,224,264,264,264,278,106,106,149,149,149,273,273,294,314,338,362,382,382],"floor_reached":23,"playtime":2378,"items_purged":["Regret"],"score":254,"play_id":"b5110ee7-8a26-4416-87c5-8f1d7993ffe8","local_time":"20190713003206","is_ascension_mode":true,"campfire_choices":[{"data":"Havoc","floor":6,"key":"SMITH"},{"floor":8,"key":"REST"},{"data":"Limit Break","floor":12,"key":"SMITH"},{"data":"Inflame","floor":15,"key":"SMITH"}],"neow_cost":"CURSE","seed_source_timestamp":371778464985445,"circlet_count":0,"master_deck":["Strike_R","Strike_R","Strike_R","Strike_R","Strike_R+1","Defend_R","Defend_R","Defend_R","Defend_R","Bash","Inflame+1","Havoc+1","Disarm","Limit Break+1","Heavy Blade+1","Shrug It Off","Ghostly Armor","Berserk","Armaments+1","Metallicize","Power Through","Evolve","Iron Wave+1"],"relics":["Black Blood","Dead Branch","Golden Idol","Question Card","Sundial","Whetstone","Bird Faced Urn"],"potions_floor_usage":[2,7,13,18,20],"damage_taken":[{"damage":19,"enemies":"Cultist","floor":1,"turns":5},{"damage":8,"enemies":"Small Slimes","floor":2,"turns":4},{"damage":9,"enemies":"Jaw Worm","floor":4,"turns":3},{"damage":24,"enemies":"3 Sentries","floor":7,"turns":5},{"damage":19,"enemies":"Gremlin Gang","floor":10,"turns":4},{"damage":12,"enemies":"Gremlin Nob","floor":13,"turns":3},{"damage":15,"enemies":"Hexaghost","floor":16,"turns":6},{"damage":9,"enemies":"Shell Parasite","floor":18,"turns":6},{"damage":7,"enemies":"Spheric Guardian","floor":19,"turns":5},{"damage":15,"enemies":"Snecko","floor":20,"turns":7},{"damage":32,"enemies":"Snake Plant","floor":21,"turns":6},{"damage":34,"enemies":"Sentry and Sphere","floor":22,"turns":9},{"damage":51,"enemies":"Slavers","floor":23,"turns":3}],"seed_played":"3141736339827476290","potions_obtained":[{"floor":1,"key":"Poison Potion"},{"floor":2,"key":"PowerPotion"},{"floor":16,"key":"Weak Potion"},{"floor":18,"key":"SpeedPotion"}],"is_trial":false,"path_per_floor":["M","M","?","M","?","R","E","R","T","M","$","R","E","T","R","B",null,"M","M","M","M","M","E"],"character_chosen":"IRONCLAD","items_purchased":["Shrug It Off","AttackPotion"],"campfire_rested":1,"item_purchase_floors":[11,11],"current_hp_per_floor":[67,65,54,51,51,51,33,55,55,42,42,42,36,36,36,29,63,68,74,69,51,33,0],"gold":382,"neow_bonus":"ONE_RARE_RELIC","is_prod":false,"is_daily":false,"chose_seed":false,"campfire_upgraded":3,"win_rate":0,"timestamp":1563003126,"path_taken":["M","M","?","M","?","R","E","R","T","M","$","R","E","?","R","BOSS","M","?","M","M","M","E"],"build_version":"2019-07-05","purchased_purges":1,"victory":false,"max_hp_per_floor":[80,80,80,80,74,74,74,74,74,74,74,74,74,74,74,74,74,74,74,74,74,74,74],"card_choices":[{"not_picked":["Rage","Twin Strike"],"picked":"Inflame","floor":1},{"not_picked":["Perfected Strike","Clothesline"],"picked":"Havoc","floor":2},{"not_picked":["Sword Boomerang","Flex"],"picked":"Disarm","floor":4},{"not_picked":["Anger","Intimidate"],"picked":"Limit Break","floor":7},{"not_picked":["Body Slam","Cleave","Perfected Strike"],"picked":"Heavy Blade","floor":10},{"not_picked":["Headbutt","Dropkick","Searing Blow"],"picked":"Ghostly Armor","floor":13},{"not_picked":["Barricade","Exhume","Demon Form"],"picked":"Berserk","floor":16},{"not_picked":["Twin Strike","Heavy Blade","Sever Soul+1"],"picked":"Armaments+1","floor":18},{"not_picked":["Anger","Sword Boomerang","Pummel"],"picked":"Metallicize","floor":19},{"not_picked":["Shrug It Off","Wild Strike","Headbutt+1"],"picked":"Power Through","floor":20},{"not_picked":["Metallicize+1","Feed","Body Slam"],"picked":"Evolve","floor":21},{"not_picked":["Shrug It Off+1","Headbutt","Pommel Strike"],"picked":"Iron Wave+1","floor":22}],"player_experience":270122,"relics_obtained":[{"floor":7,"key":"Question Card"},{"floor":9,"key":"Sundial"},{"floor":13,"key":"Whetstone"},{"floor":14,"key":"Bird Faced Urn"}],"event_choices":[{"damage_healed":0,"gold_gain":75,"player_choice":"Gather Gold","damage_taken":11,"max_hp_gain":0,"max_hp_loss":0,"event_name":"World of Goop","floor":3,"gold_loss":0},{"damage_healed":0,"gold_gain":0,"player_choice":"Lose Max HP","damage_taken":0,"relics_obtained":["Golden Idol"],"max_hp_gain":0,"max_hp_loss":6,"event_name":"Golden Idol","floor":5,"gold_loss":0}],"is_beta":false,"boss_relics":[{"not_picked":["Ectoplasm","Runic Pyramid"],"picked":"Black Blood"}],"items_purged_floors":[11],"is_endless":false,"potions_floor_spawned":[1,2,16,18],"killed_by":"Slavers","ascension_level":5}