{"gold_per_floor":[110,110,126,51,64,64,129,79,128,128,128,141,17,30,30,134,134,146,164,164,164,180,212,212,13,13,13,39,54,83,83,83,83],"floor_reached":33,"playtime":2969,"items_purged":["Strike_R","Strike_R","Strike_R"],"score":394,"play_id":"4422e9a6-0bd9-4145-9d41-62f3b36210b2","local_time":"20180927201933","is_ascension_mode":true,"campfire_choices":[{"data":"Searing Blow","floor":6.0,"key":"SMITH"},{"data":"Searing Blow+2","floor":11.0,"key":"SMITH"},{"data":"True Grit","floor":15.0,"key":"SMITH"},{"data":"Searing Blow+3","floor":24.0,"key":"SMITH"},{"floor":27.0,"key":"REST"},{"data":"Searing Blow+4","floor":32.0,"key":"SMITH"}],"neow_cost":"NONE","seed_source_timestamp":0,"circlet_count":0,"master_deck":["Defend_R","Defend_R","Defend_R","Defend_R","Bash","Searing Blow+5","True Grit+1","Trip","Twin Strike","Pommel Strike","Bludgeon","Iron Wave","Disarm","Offering","Armaments+1","Entrench","Evolve+1"],"special_seed":0,"relics":["Burning Blood","Tiny Chest","PreservedInsect","Velvet Choker","Singing Bowl","Lantern","Dodecahedron","Shovel","Omamori"],"potions_floor_usage":[33,33,33],"damage_taken":[{"damage":10.0,"enemies":"Small Slimes","floor":1.0,"turns":4.0},{"damage":0.0,"enemies":"Cultist","floor":3.0,"turns":3.0},{"damage":1.0,"enemies":"2 Louse","floor":5.0,"turns":3.0},{"damage":43.0,"enemies":"Lagavulin","floor":7.0,"turns":7.0},{"damage":0.0,"enemies":"Large Slime","floor":12.0,"turns":6.0},{"damage":6.0,"enemies":"Blue Slaver","floor":14.0,"turns":4.0},{"damage":19.0,"enemies":"Hexaghost","floor":16.0,"turns":8.0},{"damage":12.0,"enemies":"Shell Parasite","floor":18.0,"turns":3.0},{"damage":6.0,"enemies":"Spheric Guardian","floor":19.0,"turns":3.0},{"damage":18.0,"enemies":"3 Cultists","floor":22.0,"turns":5.0},{"damage":27.0,"enemies":"Gremlin Leader","floor":23.0,"turns":3.0},{"damage":15.0,"enemies":"Slavers","floor":28.0,"turns":6.0},{"damage":17.0,"enemies":"Snecko","floor":29.0,"turns":3.0},{"damage":9.0,"enemies":"Gremlin Leader","floor":30.0,"turns":5.0},{"damage":47,"enemies":"Automaton","floor":33,"turns":6}],"seed_played":"-1688550052713313152","potions_obtained":[{"floor":3.0,"key":"EssenceOfSteel"},{"floor":5.0,"key":"EssenceOfSteel"},{"floor":7.0,"key":"Regen Potion"},{"floor":14.0,"key":"Energy Potion"},{"floor":18.0,"key":"SmokeBomb"},{"floor":19.0,"key":"Dexterity Potion"},{"floor":23.0,"key":"Energy Potion"},{"floor":30.0,"key":"AttackPotion"}],"is_trial":false,"path_per_floor":["M","?","M","$","M","R","E","?","T","?","R","M","$","M","R","B",null,"M","M","?","T","M","E","R","$","T","R","E","M","E","$","R"],"character_chosen":"IRONCLAD","items_purchased":["Iron Wave","Entrench"],"campfire_rested":1,"item_purchase_floors":[13,25],"current_hp_per_floor":[68,68,74,74,79,79,42,42,42,42,42,63,63,63,63,50,73,67,67,67,67,57,38,38,38,38,63,56,47,44,44,44,0],"gold":83,"neow_bonus":"TRANSFORM_CARD","is_prod":false,"is_daily":false,"chose_seed":false,"campfire_upgraded":5,"win_rate":0,"timestamp":1538093973,"path_taken":["M","?","?","$","M","R","E","?","T","?","R","M","$","M","R","BOSS","M","M","?","?","M","E","R","$","T","R","E","?","E","$","R","BOSS"],"build_version":"2018-09-27","purchased_purges":3,"victory":false,"max_hp_per_floor":[80,80,80,80,80,80,80,80,80,80,80,80,80,80,80,80,80,80,80,80,80,82,84,84,84,84,84,86,88,88,88,88,88],"card_choices":[{"not_picked":["Warcry","Shrug It Off"],"picked":"True Grit","floor":1.0},{"not_picked":["Intimidate","Flame Barrier"],"picked":"Pommel Strike","floor":3.0},{"not_picked":["Iron Wave","Sword Boomerang","Anger"],"picked":"SKIP","floor":5.0},{"not_picked":["Reckless Charge","Iron Wave"],"picked":"Bludgeon","floor":7.0},{"not_picked":["Anger","Pummel","Clash"],"picked":"SKIP","floor":12.0},{"not_picked":["Pummel","Thunderclap"],"picked":"Disarm","floor":14.0},{"not_picked":["Bludgeon","Immolate"],"picked":"Offering","floor":16.0},{"not_picked":["Perfected Strike","Headbutt","Dropkick"],"picked":"SKIP","floor":18.0},{"not_picked":["Body Slam","Cleave"],"picked":"Armaments","floor":19.0},{"not_picked":["Clothesline","Rupture","Havoc"],"picked":"Singing Bowl","floor":22.0},{"not_picked":["Inflame+1","Corruption","Flex"],"picked":"Singing Bowl","floor":23.0},{"not_picked":["Headbutt","Clothesline","Berserk"],"picked":"Singing Bowl","floor":28.0},{"not_picked":["Anger+1","Warcry","Twin Strike"],"picked":"Singing Bowl","floor":29.0},{"not_picked":["Iron Wave","Havoc"],"picked":"Evolve+1","floor":30.0}],"player_experience":414084,"relics_obtained":[{"floor":7.0,"key":"Tiny Chest"},{"floor":9.0,"key":"PreservedInsect"},{"floor":21.0,"key":"Singing Bowl"},{"floor":23.0,"key":"Lantern"},{"floor":26.0,"key":"Dodecahedron"},{"floor":28.0,"key":"Shovel"},{"floor":30.0,"key":"Omamori"}],"event_choices":[{"event_name":"Match and Keep!","player_choice":"2 cards matched","floor":2.0,"damage_taken":0.0},{"event_name":"Match and Keep!","player_choice":"2 cards matched","floor":2.0,"damage_taken":0.0},{"event_name":"The Cleric","player_choice":"Card Removal","floor":8.0,"damage_taken":0.0},{"event_name":"Living Wall","player_choice":"Grow","floor":10.0,"damage_taken":0.0},{"event_name":"Accursed Blacksmith","player_choice":"Forge","floor":20.0,"damage_taken":0.0}],"is_beta":false,"boss_relics":[{"not_picked":["Cursed Key","Fusion Hammer"],"picked":"Velvet Choker"}],"items_purged_floors":[4,13,25],"is_endless":false,"potions_floor_spawned":[3,5,7,14,18,19,23,30],"killed_by":"Automaton","ascension_level":6}