{"gold_per_floor":[359,376,476,493,513,545,545,273,273,293,319,319,72,90,90,194,194,183,193,68,78,128,128,128,147,147,147,147,165,15,26,26,26],"floor_reached":33,"playtime":1650,"items_purged":["Strike_B","Defend_B","Strike_B","Defend_B"],"score":259,"play_id":"9852fe47-1de3-4b67-93d1-641527cba21e","local_time":"20190806121056","is_ascension_mode":false,"campfire_choices":[{"floor":7,"key":"REST"},{"floor":15,"key":"REST"},{"data":"Zap","floor":23,"key":"SMITH"},{"data":"Gash","floor":28,"key":"SMITH"},{"floor":32,"key":"REST"}],"neow_cost":"PERCENT_DAMAGE","seed_source_timestamp":97634583307265,"circlet_count":0,"master_deck":["Strike_B","Defend_B","Defend_B","Zap+1","Dualcast","Leap","Gash+1","Gash+1"],"relics":["Cracked Core","Potion Belt","Oddly Smooth Stone","Question Card","Ornamental Fan","Blood Vial","Busted Crown","Meat on the Bone"],"potions_floor_usage":[5,6,11,16,25,33,33],"damage_taken":[{"damage":1,"enemies":"2 Louse","floor":1,"turns":2},{"damage":0,"enemies":"Cultist","floor":2,"turns":4},{"damage":2,"enemies":"Small Slimes","floor":4,"turns":4},{"damage":2,"enemies":"Exordium Wildlife","floor":5,"turns":3},{"damage":32,"enemies":"3 Sentries","floor":6,"turns":9},{"damage":13,"enemies":"Exordium Thugs","floor":10,"turns":7},{"damage":12,"enemies":"Lagavulin","floor":11,"turns":7},{"damage":0,"enemies":"Gremlin Gang","floor":14,"turns":4},{"damage":29,"enemies":"Slime Boss","floor":16,"turns":11},{"damage":14,"enemies":"2 Thieves","floor":18,"turns":4},{"damage":13,"enemies":"Spheric Guardian","floor":19,"turns":4},{"damage":14,"enemies":"Snake Plant","floor":21,"turns":5},{"damage":22,"enemies":"Chosen and Byrds","floor":25,"turns":8},{"damage":3,"enemies":"Centurion and Healer","floor":29,"turns":9},{"damage":15,"enemies":"Shelled Parasite and Fungi","floor":31,"turns":6},{"damage":52,"enemies":"Collector","floor":33,"turns":9}],"seed_played":"4775493287120647570","potions_obtained":[{"floor":1,"key":"Block Potion"},{"floor":4,"key":"Poison Potion"},{"floor":14,"key":"Energy Potion"},{"floor":19,"key":"Fire Potion"},{"floor":25,"key":"LiquidBronze"},{"floor":31,"key":"Explosive Potion"}],"is_trial":false,"path_per_floor":["M","M","?","M","M","E","R","$","T","M","E","?","$","M","R","B",null,"M","M","$","M","?","R","$","M","T","?","R","M","$","M","R","B"],"character_chosen":"DEFECT","items_purchased":["Oddly Smooth Stone","PowerPotion","Blood Vial"],"campfire_rested":3,"item_purchase_floors":[8,8,13],"current_hp_per_floor":[53,53,53,51,49,17,39,39,39,26,14,14,14,16,38,11,75,61,50,50,38,38,38,38,18,18,18,18,29,29,28,50,0],"gold":26,"neow_bonus":"TWO_FIFTY_GOLD","is_prod":false,"is_daily":false,"chose_seed":false,"campfire_upgraded":2,"win_rate":0,"timestamp":1565118656,"path_taken":["M","M","?","M","?","E","R","$","T","M","E","?","$","M","R","BOSS","M","M","$","M","?","R","?","?","T","?","R","?","$","M","R","BOSS"],"build_version":"2019-07-17","purchased_purges":4,"victory":false,"max_hp_per_floor":[75,75,75,75,75,75,75,75,75,75,75,75,75,75,75,75,75,75,75,75,75,75,75,75,75,75,75,75,75,75,75,75,75],"card_choices":[{"not_picked":["Barrage","Hologram"],"picked":"Leap","floor":1},{"not_picked":["Compile Driver","Hologram","Heatsinks"],"picked":"SKIP","floor":2},{"not_picked":["FTL","Doom and Gloom","Go for the Eyes"],"picked":"SKIP","floor":4},{"not_picked":["Leap","Fission"],"picked":"Gash","floor":5},{"not_picked":["Chill","Leap","Compile Driver"],"picked":"SKIP","floor":6},{"not_picked":["Rebound","Sunder","Loop"],"picked":"Gash","floor":10},{"not_picked":["Turbo","Core Surge","Coolheaded","Buffer"],"picked":"SKIP","floor":11},{"not_picked":["Undo","Chill","Beam Cell","Glacier"],"picked":"SKIP","floor":14},{"not_picked":["Compile Driver","Steam Power"],"picked":"SKIP","floor":18},{"not_picked":["Conserve Battery+1","Undo+1"],"picked":"SKIP","floor":19},{"not_picked":["Cold Snap","Go for the Eyes"],"picked":"SKIP","floor":21},{"not_picked":["Self Repair+1","Darkness"],"picked":"SKIP","floor":25},{"not_picked":["Leap","Stack"],"picked":"SKIP","floor":29},{"not_picked":["Cold Snap","Sweeping Beam"],"picked":"SKIP","floor":31}],"player_experience":489730,"relics_obtained":[{"floor":6,"key":"Potion Belt"},{"floor":9,"key":"Question Card"},{"floor":11,"key":"Ornamental Fan"},{"floor":26,"key":"Meat on the Bone"}],"event_choices":[{"damage_healed":0,"gold_gain":100,"player_choice":"Pray","damage_taken":0,"max_hp_gain":0,"max_hp_loss":0,"event_name":"Golden Shrine","floor":3,"gold_loss":0},{"cards_removed":["Strike_B"],"damage_healed":0,"gold_gain":0,"player_choice":"Forget","damage_taken":0,"max_hp_gain":0,"max_hp_loss":0,"event_name":"Living Wall","floor":12,"gold_loss":0},{"damage_healed":0,"gold_gain":100,"player_choice":"Bet on Murderer","damage_taken":0,"max_hp_gain":0,"max_hp_loss":0,"event_name":"The Joust","floor":22,"gold_loss":50},{"damage_healed":0,"gold_gain":0,"player_choice":"Forge","damage_taken":0,"max_hp_gain":0,"max_hp_loss":0,"event_name":"Accursed Blacksmith","floor":27,"gold_loss":0,"cards_upgraded":["Gash"]}],"is_beta":false,"boss_relics":[{"not_picked":["Calling Bell","Sozu"],"picked":"Busted Crown"}],"items_purged_floors":[8,13,20,30],"is_endless":false,"potions_floor_spawned":[1,4,14,19,25,31],"killed_by":"Collector","ascension_level":0}