{"gold_per_floor":[119,132,132,207,226,226,260,260,284,284,319,338,356,373,373,473,473,489,588,588,600,615,615,645,25,25,38,38,38,38,54,54,156,156,168,0,19,19,19,51,67,93,93,119,119,154,164,40,40,40],"floor_reached":50,"playtime":3148,"items_purged":["Strike_R"],"score":855,"play_id":"4f978e55-41ef-4ffa-9db0-4c26ae9f62e6","local_time":"20190807202239","is_ascension_mode":true,"campfire_choices":[{"data":"Bash","floor":6,"key":"SMITH"},{"floor":8,"key":"REST"},{"data":"Clothesline","floor":10,"key":"SMITH"},{"floor":15,"key":"REST"},{"floor":23,"key":"REST"},{"floor":30,"key":"REST"},{"data":"Whirlwind","floor":32,"key":"SMITH"},{"data":"Rampage","floor":45,"key":"SMITH"},{"data":"Shockwave","floor":49,"key":"SMITH"}],"neow_cost":"NONE","seed_source_timestamp":163442003748662,"circlet_count":0,"master_deck":["Strike_R","Strike_R","Strike_R","Defend_R","Defend_R","Defend_R","Defend_R","Bash+1","Clothesline+1","Burning Pact","Inflame","Thunderclap","Rampage+1","Whirlwind+1","Warcry+1","Rampage","Dropkick","Whirlwind+1","Inflame","Shockwave+1","Bludgeon","Searing Blow+1","Double Tap","Warcry"],"relics":["Burning Blood","Anchor","Regal Pillow","Gambling Chip","Velvet Choker","Enchiridion","Boot","Chemical X","Bag of Marbles","Lantern","Magic Flower","Busted Crown","Red Mask","Dream Catcher","Bag of Preparation","Shuriken","Vajra","Kunai"],"potions_floor_usage":[13,21,27,33,33,33,40,50],"damage_taken":[{"damage":1,"enemies":"Small Slimes","floor":1,"turns":3},{"damage":10,"enemies":"2 Louse","floor":2,"turns":3},{"damage":6,"enemies":"Cultist","floor":5,"turns":4},{"damage":26,"enemies":"Gremlin Nob","floor":7,"turns":5},{"damage":40,"enemies":"Lagavulin","floor":11,"turns":6},{"damage":13,"enemies":"Large Slime","floor":12,"turns":5},{"damage":6,"enemies":"2 Fungi Beasts","floor":13,"turns":3},{"damage":0,"enemies":"3 Louse","floor":14,"turns":3},{"damage":65,"enemies":"Slime Boss","floor":16,"turns":10},{"damage":18,"enemies":"2 Thieves","floor":18,"turns":4},{"damage":4,"enemies":"3 Byrds","floor":21,"turns":4},{"damage":49,"enemies":"Centurion and Healer","floor":22,"turns":5},{"damage":16,"enemies":"Gremlin Leader","floor":24,"turns":5},{"damage":25,"enemies":"Shelled Parasite and Fungi","floor":27,"turns":3},{"damage":0,"enemies":"3 Cultists","floor":31,"turns":1},{"damage":99,"enemies":"Champ","floor":33,"turns":8},{"damage":0,"enemies":"Orb Walker","floor":35,"turns":1},{"damage":10,"enemies":"3 Shapes","floor":37,"turns":1},{"damage":19,"enemies":"Giant Head","floor":40,"turns":6},{"damage":0,"enemies":"3 Darklings","floor":41,"turns":1},{"damage":0,"enemies":"Reptomancer","floor":42,"turns":3},{"damage":2,"enemies":"Nemesis","floor":44,"turns":2},{"damage":29,"enemies":"Giant Head","floor":46,"turns":6},{"damage":0,"enemies":"Transient","floor":47,"turns":5},{"damage":122,"enemies":"Awakened One","floor":50,"turns":6}],"seed_played":"-8381106067189618263","potions_obtained":[{"floor":2,"key":"SpeedPotion"},{"floor":11,"key":"SteroidPotion"},{"floor":12,"key":"Poison Potion"},{"floor":21,"key":"FearPotion"},{"floor":27,"key":"LiquidBronze"},{"floor":31,"key":"BloodPotion"},{"floor":37,"key":"Swift Potion"},{"floor":46,"key":"Energy Potion"},{"floor":47,"key":"FairyPotion"}],"is_trial":false,"path_per_floor":["M","M","?","?","M","R","E","R","T","R","E","M","M","M","R","B",null,"M","?","?","M","M","R","E","$","T","M","?","$","R","M","R","B",null,"M","?","M","?","$","E","M","E","T","E","R","E","M","$","R","B"],"character_chosen":"IRONCLAD","items_purchased":["Chemical X","Whirlwind","Bag of Marbles","Inflame","Lantern","Strength Potion"],"campfire_rested":4,"item_purchase_floors":[25,25,25,25,25,48],"current_hp_per_floor":[85,81,74,66,66,66,46,72,72,72,38,31,31,37,78,19,71,59,59,43,48,8,51,44,44,44,33,33,33,78,87,87,35,84,93,93,92,92,92,82,91,100,100,100,100,80,89,89,89,0],"gold":40,"neow_bonus":"TEN_PERCENT_HP_BONUS","is_prod":false,"is_daily":false,"chose_seed":false,"campfire_upgraded":5,"win_rate":0,"timestamp":1565234559,"path_taken":["M","M","?","?","?","R","E","R","T","R","E","M","M","M","R","BOSS","M","?","?","M","M","R","E","$","T","M","?","$","R","?","R","BOSS","M","?","M","?","$","E","M","E","T","E","R","E","M","$","R","BOSS"],"build_version":"2019-07-17","purchased_purges":1,"victory":false,"max_hp_per_floor":[88,88,88,88,88,88,88,88,88,88,88,88,88,88,88,88,88,88,88,88,91,94,94,97,97,97,100,100,100,100,100,100,100,100,100,100,100,100,100,100,100,100,100,100,100,100,100,100,100,100],"card_choices":[{"not_picked":["Heavy Blade","Blood for Blood"],"picked":"Clothesline","floor":1},{"not_picked":["Rupture","Armaments"],"picked":"Burning Pact","floor":2},{"not_picked":["Bloodletting","Thunderclap","Clash"],"picked":"SKIP","floor":5},{"not_picked":["Clothesline","Havoc"],"picked":"Inflame","floor":7},{"not_picked":["True Grit","Exhume","Perfected Strike"],"picked":"SKIP","floor":11},{"not_picked":["Body Slam","Rupture"],"picked":"Thunderclap","floor":12},{"not_picked":["Twin Strike","Flame Barrier"],"picked":"Rampage","floor":13},{"not_picked":["Iron Wave","True Grit"],"picked":"Whirlwind","floor":14},{"not_picked":["Juggernaut","Fiend Fire"],"picked":"Feed","floor":16},{"not_picked":["Body Slam+1","Clash+1"],"picked":"Warcry+1","floor":18},{"not_picked":["Shrug It Off","Entrench"],"picked":"Rampage","floor":21},{"not_picked":["Rage","Blood for Blood"],"picked":"Dropkick","floor":22},{"not_picked":["Burning Pact","Perfected Strike","Heavy Blade"],"picked":"SKIP","floor":24},{"not_picked":["Pummel","Bloodletting","Fiend Fire"],"picked":"SKIP","floor":27},{"not_picked":["Pommel Strike","Sentinel+1"],"picked":"Shockwave","floor":31},{"not_picked":["Dark Embrace","Feed"],"picked":"Bludgeon","floor":33},{"not_picked":["Clothesline+1"],"picked":"SKIP","floor":35},{"not_picked":[],"picked":"Searing Blow+1","floor":37},{"not_picked":["Heavy Blade+1"],"picked":"SKIP","floor":40},{"not_picked":["Havoc"],"picked":"SKIP","floor":41},{"not_picked":[],"picked":"Double Tap","floor":42},{"not_picked":[],"picked":"Warcry","floor":44},{"not_picked":["Dual Wield"],"picked":"SKIP","floor":46},{"not_picked":["Ghostly Armor"],"picked":"SKIP","floor":47}],"player_experience":217542,"relics_obtained":[{"floor":7,"key":"Anchor"},{"floor":9,"key":"Regal Pillow"},{"floor":11,"key":"Gambling Chip"},{"floor":20,"key":"Enchiridion"},{"floor":24,"key":"Boot"},{"floor":26,"key":"Magic Flower"},{"floor":40,"key":"Dream Catcher"},{"floor":42,"key":"Bag of Preparation"},{"floor":43,"key":"Shuriken"},{"floor":44,"key":"Vajra"},{"floor":46,"key":"Kunai"}],"event_choices":[{"cards_removed":["Strike_R"],"damage_healed":0,"gold_gain":0,"player_choice":"Card Removal","damage_taken":7,"max_hp_gain":0,"max_hp_loss":0,"event_name":"Golden Wing","floor":3,"gold_loss":0},{"damage_healed":0,"gold_gain":75,"player_choice":"Touch","damage_taken":8,"max_hp_gain":0,"max_hp_loss":0,"event_name":"FaceTrader","floor":4,"gold_loss":0},{"damage_healed":0,"gold_gain":99,"player_choice":"Stole From Cult","damage_taken":0,"max_hp_gain":0,"max_hp_loss":0,"event_name":"Nest","floor":19,"gold_loss":0},{"damage_healed":0,"gold_gain":0,"player_choice":"Obtained Book","damage_taken":16,"max_hp_gain":0,"max_hp_loss":0,"event_name":"Cursed Tome","floor":20,"gold_loss":0},{"damage_healed":0,"gold_gain":0,"player_choice":"Upgraded","damage_taken":0,"max_hp_gain":0,"max_hp_loss":0,"event_name":"Upgrade Shrine","floor":28,"gold_loss":0,"cards_upgraded":["Whirlwind"]},{"damage_healed":0,"gold_gain":0,"player_choice":"Paid","damage_taken":0,"relics_obtained":["Red Mask"],"max_hp_gain":0,"max_hp_loss":0,"event_name":"Tomb of Lord Red Mask","floor":36,"gold_loss":168},{"cards_removed":["Feed"],"damage_healed":0,"gold_gain":0,"player_choice":"Purged","damage_taken":0,"max_hp_gain":0,"max_hp_loss":0,"event_name":"Purifier","floor":38,"gold_loss":0}],"is_beta":false,"boss_relics":[{"not_picked":["Empty Cage","Black Blood"],"picked":"Velvet Choker"},{"not_picked":["Fusion Hammer","Astrolabe"],"picked":"Busted Crown"}],"items_purged_floors":[48],"is_endless":false,"potions_floor_spawned":[2,11,12,21,27,31,37,46,47],"killed_by":"Awakened One","ascension_level":7}