{"gold_per_floor":[112,129,143,157,171,171,206,206,283,283,329,329,343,58,58,161,161,178,196,212,226,241,241,241,241,264,29,29,41,56,71,71,71],"floor_reached":33,"playtime":2821,"items_purged":["Strike_G","Strike_G"],"score":354,"play_id":"a40faba7-32c2-47c7-981e-0d949cb643c8","local_time":"20190303160431","is_ascension_mode":true,"campfire_choices":[{"data":"Blur","floor":6,"key":"SMITH"},{"floor":8,"key":"REST"},{"data":"Calculated Gamble","floor":10,"key":"SMITH"},{"data":"Deadly Poison","floor":12,"key":"SMITH"},{"floor":15,"key":"REST"},{"floor":23,"key":"REST"},{"data":"Reflex","floor":25,"key":"SMITH"},{"data":"1","floor":28,"key":"LIFT"},{"floor":32,"key":"REST"}],"neow_cost":"NONE","seed_source_timestamp":0,"circlet_count":0,"master_deck":["Defend_G","Defend_G","Defend_G","Defend_G","Defend_G","Strike_G","Strike_G","Strike_G+1","Survivor","Neutralize+1","Deadly Poison+1","Poisoned Stab+1","Bouncing Flask","Blur+1","Poisoned Stab","Calculated Gamble+1","Bane","Corpse Explosion","Dodge and Roll+1","Reflex+1","Acrobatics+1","The Bomb","Dash"],"special_seed":0,"relics":["Ring of the Snake","Mummified Hand","Letter Opener","Whetstone","ClockworkSouvenir","Snecko Eye","Girya","Smiling Mask"],"potions_floor_usage":[4,16,18,18,21,21,33,33],"damage_taken":[{"damage":2.0,"enemies":"Cultist","floor":1.0,"turns":4.0},{"damage":1.0,"enemies":"Jaw Worm","floor":2.0,"turns":4.0},{"damage":3.0,"enemies":"2 Louse","floor":3.0,"turns":3.0},{"damage":14,"enemies":"Large Slime","floor":4,"turns":6},{"damage":3,"enemies":"Blue Slaver","floor":5,"turns":4},{"damage":30,"enemies":"3 Sentries","floor":7,"turns":12},{"damage":25,"enemies":"Lots of Slimes","floor":13,"turns":5},{"damage":3,"enemies":"The Guardian","floor":16,"turns":8},{"damage":6,"enemies":"2 Thieves","floor":18,"turns":4},{"damage":0,"enemies":"Chosen","floor":19,"turns":3},{"damage":10,"enemies":"Centurion and Healer","floor":20,"turns":3},{"damage":32,"enemies":"Snake Plant","floor":21,"turns":4},{"damage":0,"enemies":"Shelled Parasite and Fungi","floor":22,"turns":4},{"damage":7,"enemies":"Centurion and Healer","floor":29,"turns":3},{"damage":12,"enemies":"Snake Plant","floor":30,"turns":5},{"damage":5,"enemies":"Shelled Parasite and Fungi","floor":31,"turns":6},{"damage":36,"enemies":"Automaton","floor":33,"turns":6}],"seed_played":"-3605684492128336352","potions_obtained":[{"floor":2.0,"key":"SkillPotion"},{"floor":5,"key":"Weak Potion"},{"floor":7,"key":"SkillPotion"},{"floor":13,"key":"Fire Potion"},{"floor":19,"key":"LiquidBronze"},{"floor":21,"key":"Fruit Juice"},{"floor":22,"key":"Dexterity Potion"},{"floor":31,"key":"PowerPotion"}],"is_trial":false,"path_per_floor":["M","M","M","M","M","R","E","R","T","R","T","R","M","$","R","B",null,"M","M","M","M","M","R","T","R","T","$","R","M","M","M","R","B"],"character_chosen":"THE_SILENT","items_purchased":["ClockworkSouvenir","The Bomb"],"campfire_rested":4,"item_purchase_floors":[14,27],"current_hp_per_floor":[61,60,57,43,40,40,10,31,31,31,31,31,6,6,27,24,59,53,53,43,16,16,38,38,38,38,38,38,31,19,14,36,0],"gold":71,"neow_bonus":"UPGRADE_CARD","is_prod":false,"is_daily":false,"chose_seed":false,"campfire_upgraded":4,"win_rate":0,"timestamp":1551647071,"path_taken":["M","?","?","M","M","R","E","R","T","R","?","R","M","?","R","BOSS","M","M","M","M","M","R","?","R","T","$","R","M","?","M","R","BOSS"],"build_version":"2019-01-23","purchased_purges":2,"victory":false,"max_hp_per_floor":[70,70,70,70,70,70,70,70,70,70,70,70,70,70,70,70,70,70,70,70,75,75,75,75,75,75,75,75,75,75,75,75,75],"card_choices":[{"not_picked":["Expertise","Acrobatics"],"picked":"Deadly Poison","floor":1.0},{"not_picked":["Dodge and Roll","Infinite Blades"],"picked":"Poisoned Stab","floor":2.0},{"not_picked":["Dodge and Roll","Concentrate"],"picked":"Bouncing Flask","floor":3.0},{"not_picked":["Acrobatics","Flying Knee"],"picked":"Blur","floor":4},{"not_picked":["Choke","Prepared"],"picked":"Poisoned Stab","floor":5},{"not_picked":["Flying Knee","Dodge and Roll"],"picked":"Calculated Gamble","floor":7},{"not_picked":["Phantasmal Killer","Dagger Throw"],"picked":"Bane","floor":13},{"not_picked":["Storm of Steel","Wraith Form v2"],"picked":"Corpse Explosion","floor":16},{"not_picked":["Dagger Throw","Prepared+1"],"picked":"Dodge and Roll+1","floor":18},{"not_picked":["Caltrops","Dodge and Roll","Dagger Throw"],"picked":"SKIP","floor":19},{"not_picked":["Phantasmal Killer","Cloak And Dagger"],"picked":"Reflex","floor":20},{"not_picked":["Cloak And Dagger","Endless Agony"],"picked":"Acrobatics+1","floor":21},{"not_picked":["Escape Plan","Backstab","Bane"],"picked":"SKIP","floor":22},{"not_picked":["Deflect","Outmaneuver","Calculated Gamble"],"picked":"SKIP","floor":29},{"not_picked":["Endless Agony","Quick Slash+1"],"picked":"Dash","floor":30},{"not_picked":["PiercingWail","Quick Slash","Cloak And Dagger"],"picked":"SKIP","floor":31}],"player_experience":731456,"relics_obtained":[{"floor":7,"key":"Mummified Hand"},{"floor":9,"key":"Letter Opener"},{"floor":11,"key":"Whetstone"},{"floor":24,"key":"Girya"},{"floor":26,"key":"Smiling Mask"}],"event_choices":[],"is_beta":false,"boss_relics":[{"not_picked":["White Beast Statue","Pandora\u0027s Box"],"picked":"Snecko Eye"}],"items_purged_floors":[14,27],"is_endless":false,"potions_floor_spawned":[2,5,7,13,19,21,22,31],"killed_by":"Automaton","ascension_level":8}