{"gold_per_floor":[114,128,53,66,86,86,121,21,47,47,61,88,105,124,124,220,220,238,238,34,47,47,47],"floor_reached":23,"playtime":1621,"items_purged":["Strike_R","Defend_R","Strike_R"],"score":228,"play_id":"878e905f-96c4-447f-add5-d1dd6cf0e45d","local_time":"20190705112433","is_ascension_mode":false,"campfire_choices":[{"data":"True Grit","floor":6.0,"key":"SMITH"},{"data":"Armaments","floor":10.0,"key":"SMITH"},{"floor":15.0,"key":"RECALL"}],"neow_cost":"NONE","seed_source_timestamp":0,"circlet_count":0,"master_deck":["Defend_R","Defend_R","Defend_R","Bash","Rampage","True Grit+1","Feel No Pain","Shrug It Off","Armaments+1","Headbutt","Metallicize","Armaments","Rupture","Immolate","Thunderclap+1","Inflame","Flex+1","Bite","Bite","Bite","Bite","Bite"],"special_seed":0,"relics":["Burning Blood","NeowsBlessing","Lantern","Anchor","Philosopher\u0027s Stone","GremlinMask"],"potions_floor_usage":[18],"damage_taken":[{"damage":0.0,"enemies":"Cultist","floor":1.0,"turns":1.0},{"damage":0.0,"enemies":"Small Slimes","floor":2.0,"turns":1.0},{"damage":0.0,"enemies":"2 Louse","floor":4.0,"turns":1.0},{"damage":5.0,"enemies":"2 Fungi Beasts","floor":5.0,"turns":4.0},{"damage":1.0,"enemies":"Lagavulin","floor":7.0,"turns":7.0},{"damage":2.0,"enemies":"Looter","floor":11.0,"turns":4.0},{"damage":10.0,"enemies":"3 Sentries","floor":12.0,"turns":9.0},{"damage":3.0,"enemies":"Large Slime","floor":13.0,"turns":7.0},{"damage":0.0,"enemies":"Red Slaver","floor":14.0,"turns":2.0},{"damage":42.0,"enemies":"Hexaghost","floor":16.0,"turns":16.0},{"damage":32,"enemies":"3 Byrds","floor":18,"turns":6},{"damage":15,"enemies":"Spheric Guardian","floor":21,"turns":7},{"damage":67,"enemies":"Book of Stabbing","floor":23,"turns":7}],"seed_played":"-3501671497769891692","potions_obtained":[{"floor":1.0,"key":"FearPotion"},{"floor":2.0,"key":"Block Potion"},{"floor":5.0,"key":"PowerPotion"},{"floor":7.0,"key":"Dexterity Potion"},{"floor":16.0,"key":"BloodPotion"}],"is_trial":false,"path_per_floor":["M","M","$","M","M","R","E","$","T","R","M","E","M","M","R","B",null,"M","?","$","M","?","E"],"character_chosen":"IRONCLAD","items_purchased":["Inflame"],"campfire_rested":0,"item_purchase_floors":[20],"current_hp_per_floor":[80,80,80,80,80,80,80,80,80,80,80,76,79,80,80,44,80,74,74,74,65,56,0],"gold":47,"neow_bonus":"THREE_ENEMY_KILL","is_prod":false,"is_daily":false,"chose_seed":false,"campfire_upgraded":2,"win_rate":0,"timestamp":1562351073,"path_taken":["M","M","?","M","M","R","E","$","T","R","M","E","M","M","R","BOSS","M","?","?","M","?","E"],"build_version":"2019-07-01","purchased_purges":3,"victory":false,"max_hp_per_floor":[80,80,80,80,80,80,80,80,80,80,80,80,80,80,80,80,80,80,80,80,80,56,56],"card_choices":[{"not_picked":["Clothesline","Evolve"],"picked":"Rampage","floor":1.0},{"not_picked":["Cleave","Iron Wave"],"picked":"True Grit","floor":2.0},{"not_picked":["Dual Wield","Infernal Blade"],"picked":"Feel No Pain","floor":4.0},{"not_picked":["Disarm","Clash"],"picked":"Shrug It Off","floor":5.0},{"not_picked":["Sever Soul","Clothesline"],"picked":"Armaments","floor":7.0},{"not_picked":["Searing Blow","Havoc"],"picked":"Headbutt","floor":11.0},{"not_picked":["Flame Barrier","Hemokinesis"],"picked":"Metallicize","floor":12.0},{"not_picked":["Sword Boomerang","Reckless Charge"],"picked":"Armaments","floor":13.0},{"not_picked":["Evolve","Twin Strike"],"picked":"Rupture","floor":14.0},{"not_picked":["Dark Embrace","Barricade"],"picked":"Immolate","floor":16.0},{"not_picked":["Entrench","Cleave"],"picked":"Thunderclap+1","floor":18},{"not_picked":["Corruption","Searing Blow"],"picked":"Flex+1","floor":21}],"player_experience":171802,"relics_obtained":[{"floor":7.0,"key":"Lantern"},{"floor":12.0,"key":"Anchor"}],"event_choices":[{"damage_healed":0,"gold_gain":0,"player_choice":"Trade","damage_taken":0,"relics_obtained":["GremlinMask"],"max_hp_gain":0,"max_hp_loss":0,"event_name":"FaceTrader","floor":19,"gold_loss":0},{"damage_healed":0,"gold_gain":0,"player_choice":"Became a vampire","damage_taken":0,"max_hp_gain":0,"max_hp_loss":24,"event_name":"Vampires","floor":22,"gold_loss":0,"cards_obtained":["Bite","Bite","Bite","Bite","Bite"]}],"is_beta":false,"boss_relics":[{"not_picked":["Pandora\u0027s Box","Busted Crown"],"picked":"Philosopher\u0027s Stone"}],"items_purged_floors":[3,8,20],"is_endless":false,"potions_floor_spawned":[1,2,5,7,16],"killed_by":"Book of Stabbing","ascension_level":0}