{"gold_per_floor":[110,130,130,70,85,115,115,140,140,140,151,164,179,195,195,266,266,285,303,228,228,238,271,271,304,355,400,412,176,176,187,187,187],"floor_reached":33,"playtime":2020,"items_purged":["Strike_R","Strike_R"],"score":616,"play_id":"26b379c9-4464-43db-b8dd-73d70625342f","local_time":"20181026150604","is_ascension_mode":true,"campfire_choices":[{"data":"1","floor":7.0,"key":"LIFT"},{"data":"2","floor":10.0,"key":"LIFT"},{"data":"3","floor":15.0,"key":"LIFT"},{"data":"Whirlwind","floor":24.0,"key":"SMITH"},{"data":"Pummel","floor":30,"key":"SMITH"},{"data":"Evolve","floor":32,"key":"SMITH"}],"neow_cost":"NONE","seed_source_timestamp":0,"circlet_count":0,"master_deck":["Strike_R","Defend_R+1","Defend_R","Defend_R","Defend_R","Bash","AscendersBane","Thunderclap","Inflame","Whirlwind+1","Pummel+1","Shrug It Off","Offering","Double Tap+1","Warcry+1","Flame Barrier","Evolve+1"],"special_seed":0,"relics":["Burning Blood","The Courier","Girya","Anchor","Singing Bowl","Runic Dome","Bird Faced Urn","War Paint","MawBank","Red Skull","Smiling Mask","Potion Belt"],"potions_floor_usage":[33,33,33],"damage_taken":[{"damage":2.0,"enemies":"2 Louse","floor":1.0,"turns":4.0},{"damage":1.0,"enemies":"Cultist","floor":2.0,"turns":4.0},{"damage":7.0,"enemies":"Small Slimes","floor":5.0,"turns":4.0},{"damage":20.0,"enemies":"3 Sentries","floor":6.0,"turns":4.0},{"damage":23.0,"enemies":"Lagavulin","floor":8.0,"turns":6.0},{"damage":0.0,"enemies":"Exordium Thugs","floor":11.0,"turns":3.0},{"damage":0.0,"enemies":"2 Fungi Beasts","floor":12.0,"turns":2.0},{"damage":8.0,"enemies":"Gremlin Gang","floor":13.0,"turns":2.0},{"damage":6.0,"enemies":"Looter","floor":14.0,"turns":2.0},{"damage":27.0,"enemies":"Slime Boss","floor":16.0,"turns":7.0},{"damage":0.0,"enemies":"3 Byrds","floor":18.0,"turns":1.0},{"damage":9.0,"enemies":"Spheric Guardian","floor":19.0,"turns":3.0},{"damage":6.0,"enemies":"Snake Plant","floor":22.0,"turns":2.0},{"damage":32.0,"enemies":"Gremlin Leader","floor":23.0,"turns":6.0},{"damage":6,"enemies":"Book of Stabbing","floor":25,"turns":2},{"damage":15,"enemies":"Gremlin Leader","floor":27,"turns":5},{"damage":2,"enemies":"Cultist and Chosen","floor":31,"turns":3},{"damage":72,"enemies":"Automaton","floor":33,"turns":6}],"seed_played":"6421326148631799335","potions_obtained":[{"floor":2.0,"key":"Swift Potion"},{"floor":6.0,"key":"Block Potion"},{"floor":11.0,"key":"Block Potion"},{"floor":13.0,"key":"FairyPotion"},{"floor":14.0,"key":"GamblersBrew"},{"floor":22.0,"key":"SpeedPotion"},{"floor":27,"key":"SteroidPotion"},{"floor":31,"key":"SteroidPotion"}],"is_trial":false,"path_per_floor":["M","M","?","$","M","E","R","E","T","R","M","M","M","M","R","B",null,"M","M","?","?","M","E","R","E","T","E","?","$","R","M","R"],"character_chosen":"IRONCLAD","items_purchased":["Potion Belt","Dexterity Potion","Flame Barrier"],"campfire_rested":0,"item_purchase_floors":[29,29,29],"current_hp_per_floor":[72,75,75,75,74,60,60,43,43,43,51,57,57,59,59,38,70,78,77,77,77,79,55,55,59,59,52,52,52,52,58,58,0],"gold":187,"neow_bonus":"TRANSFORM_CARD","is_prod":false,"is_daily":false,"chose_seed":false,"campfire_upgraded":3,"win_rate":0,"timestamp":1540580764,"path_taken":["M","M","?","$","M","E","R","E","T","R","M","M","M","M","R","BOSS","M","M","?","?","M","E","R","E","T","E","?","$","R","M","R","BOSS"],"build_version":"2018-10-25v2","purchased_purges":2,"victory":false,"max_hp_per_floor":[75,75,75,75,75,75,75,75,75,75,77,77,79,81,81,81,81,83,85,85,85,87,89,89,91,91,91,91,91,91,91,91,91],"card_choices":[{"not_picked":["Body Slam","Armaments"],"picked":"Inflame","floor":1.0},{"not_picked":["Sever Soul","Flex","Anger"],"picked":"SKIP","floor":2.0},{"not_picked":["Twin Strike","Inflame"],"picked":"Whirlwind","floor":5.0},{"not_picked":["Rampage","Dark Embrace"],"picked":"Pummel","floor":6.0},{"not_picked":["Impervious","Body Slam"],"picked":"Shrug It Off","floor":8.0},{"not_picked":["Cleave","Clothesline","Pommel Strike"],"picked":"Singing Bowl","floor":11.0},{"not_picked":["Warcry","Clothesline"],"picked":"Offering","floor":12.0},{"not_picked":["Warcry","Heavy Blade","Flex"],"picked":"Singing Bowl","floor":13.0},{"not_picked":["Havoc","Iron Wave","Anger"],"picked":"Singing Bowl","floor":14.0},{"not_picked":["Bludgeon","Immolate"],"picked":"Double Tap","floor":16.0},{"not_picked":["Dual Wield","Body Slam","Havoc"],"picked":"Singing Bowl","floor":18.0},{"not_picked":["Clothesline","Body Slam+1","Corruption"],"picked":"Singing Bowl","floor":19.0},{"not_picked":["Searing Blow","Hemokinesis","Havoc"],"picked":"Singing Bowl","floor":22.0},{"not_picked":["Fire Breathing","Wild Strike","Flex"],"picked":"Singing Bowl","floor":23.0},{"not_picked":["Sword Boomerang","Flex","Clothesline"],"picked":"Singing Bowl","floor":25},{"not_picked":["Sever Soul","Bludgeon"],"picked":"Warcry+1","floor":27},{"not_picked":["Sword Boomerang+1","Thunderclap"],"picked":"Evolve","floor":31}],"player_experience":546778,"relics_obtained":[{"floor":3.0,"key":"The Courier"},{"floor":6.0,"key":"Girya"},{"floor":8.0,"key":"Anchor"},{"floor":9.0,"key":"Singing Bowl"},{"floor":23.0,"key":"Bird Faced Urn"},{"floor":25,"key":"War Paint"},{"floor":26,"key":"MawBank"},{"floor":27,"key":"Red Skull"},{"floor":28,"key":"Smiling Mask"}],"event_choices":[{"damage_healed":0.0,"max_hp_gain":0.0,"max_hp_loss":0.0,"gold_gain":0.0,"event_name":"Wheel of Change","player_choice":"Relic","floor":3.0,"gold_loss":0.0,"damage_taken":0.0},{"cards_removed":["Strike_R"],"damage_healed":0.0,"max_hp_gain":0.0,"max_hp_loss":0.0,"gold_gain":0.0,"event_name":"Beggar","player_choice":"Gave Gold","floor":20.0,"gold_loss":75.0,"damage_taken":0.0},{"damage_healed":0.0,"max_hp_gain":0.0,"max_hp_loss":0.0,"gold_gain":0.0,"event_name":"Ghosts","player_choice":"Ignored","floor":21.0,"gold_loss":0.0,"damage_taken":0.0},{"damage_healed":0,"gold_gain":0,"player_choice":"Relic","damage_taken":0,"max_hp_gain":0,"max_hp_loss":0,"event_name":"Wheel of Change","floor":28,"gold_loss":0}],"is_beta":false,"boss_relics":[{"not_picked":["Lizard Tail","Runic Pyramid"],"picked":"Runic Dome"}],"items_purged_floors":[4,29],"is_endless":false,"potions_floor_spawned":[2,6,11,13,14,22,27,31],"killed_by":"Automaton","ascension_level":16}