{"path_per_floor":["M","M","?","?","M","M","R","M","T","R","M","M","?","M","R","B",null,"M","M"],"character_chosen":"IRONCLAD","items_purchased":[],"gold_per_floor":[111,128,128,228,241,251,251,262,285,285,295,306,306,323,323,428,428,446,465],"floor_reached":20,"campfire_rested":2,"playtime":496,"current_hp_per_floor":[73,69,62,62,51,5,29,38,38,62,51,49,49,49,49,48,80,53,34],"items_purged":[],"gold":465,"score":170,"play_id":"c3db8a29-cb22-418e-a289-21cad5482ddc","is_prod":false,"is_daily":false,"is_ascension_mode":false,"campfire_upgraded":1,"path_taken":["M","M","?","?","M","M","R","?","T","R","M","M","?","M","R","BOSS","M","?","M"],"build_version":"2018-02-22-PROD2","purchased_purges":0,"victory":false,"master_deck":["Strike_R","Strike_R","Strike_R","Strike_R","Defend_R","Defend_R","Defend_R+1","Bash","Flex+1","Flex","Thunderclap","Cleave","Twin Strike","Iron Wave","Whirlwind+1","Limit Break"],"max_hp_per_floor":[80,80,80,80,80,80,80,80,80,80,80,80,80,80,80,80,80,80,80],"relics":["Lizard Tail","War Paint","Cursed Key"],"card_choices":[{"not_picked":["Clash","Bloodletting"],"picked":"Flex"},{"not_picked":["Thunderclap","Bloodletting"],"picked":"Flex"},{"not_picked":["Perfected Strike","Sever Soul"],"picked":"Thunderclap"},{"not_picked":["Combust","Perfected Strike"],"picked":"Cleave"},{"not_picked":["True Grit","Bludgeon"],"picked":"Twin Strike"},{"not_picked":["Havoc","Dual Wield"],"picked":"Iron Wave"},{"not_picked":["Headbutt","Perfected Strike"],"picked":"Whirlwind"},{"not_picked":["Barricade","Berserk"],"picked":"Limit Break"}],"player_experience":346308,"potions_floor_usage":[6,16,20],"damage_taken":[{"damage":7,"enemies":"Small Slimes","floor":1,"turns":4},{"damage":4,"enemies":"2 Louse","floor":2,"turns":3},{"damage":11,"enemies":"Jaw Worm","floor":5,"turns":2},{"damage":46,"enemies":"Gremlin Gang","floor":6,"turns":6},{"damage":32,"enemies":"Exordium Wildlife","floor":8,"turns":4},{"damage":11,"enemies":"2 Fungi Beasts","floor":11,"turns":3},{"damage":2,"enemies":"Large Slime","floor":12,"turns":4},{"damage":0,"enemies":"Gremlin Gang","floor":14,"turns":1},{"damage":1,"enemies":"Slime Boss","floor":16,"turns":7},{"damage":27,"enemies":"Shell Parasite","floor":18,"turns":5},{"damage":19,"enemies":"Spheric Guardian","floor":19,"turns":4},{"damage":35,"enemies":"Snake Plant","floor":20,"turns":3}],"event_choices":[{"event_name":"Golden Wing","player_choice":"Card Removal","floor":3,"damage_taken":0},{"event_name":"Wheel of Change","player_choice":"Gold","floor":4,"damage_taken":0},{"event_name":"Living Wall","player_choice":"Forget","floor":13,"damage_taken":0}],"boss_relics":[{"not_picked":["Black Star","White Beast Statue"],"picked":"Cursed Key"}],"potions_floor_spawned":[2,6,8,11,18,19],"seed_played":"5722768638267790198","killed_by":"Snake Plant","ascension_level":0,"is_trial":false}