{"gold_per_floor":[109,119,119,133,156,196,196,210,233,277,277,277,277,151,151,279,279,303,29,229,253,36,36,36,36,36,36,236,236,257,298,298,422,422,446,779,41,141,156,156,166,166,189,224,224,238,238,257,257,257],"floor_reached":51,"playtime":6483,"items_purged":["Strike_G","Strike_G"],"score":1169,"play_id":"b540cc89-b572-4316-ada7-ad78eb4a5c28","local_time":"20190310151901","is_ascension_mode":true,"campfire_choices":[{"data":"Neutralize","floor":7.0,"key":"SMITH"},{"data":"Footwork","floor":11.0,"key":"SMITH"},{"floor":15.0,"key":"REST"},{"floor":23.0,"key":"REST"},{"data":"Footwork","floor":25.0,"key":"SMITH"},{"data":"Noxious Fumes","floor":27.0,"key":"SMITH"},{"data":"Prepared","floor":29.0,"key":"SMITH"},{"floor":32.0,"key":"REST"},{"data":"Impatience","floor":40.0,"key":"SMITH"},{"floor":42.0,"key":"REST"},{"data":"Well Laid Plans","floor":47.0,"key":"SMITH"},{"floor":49.0,"key":"REST"}],"neow_cost":"PERCENT_DAMAGE","seed_source_timestamp":0,"circlet_count":0,"master_deck":["AscendersBane","Defend_G","Defend_G","Defend_G","Defend_G","Defend_G","Strike_G","Strike_G","Survivor","Neutralize+1","Deadly Poison","All Out Attack","Well Laid Plans+1","Deadly Poison","Expertise","Footwork+1","Deadly Poison","Tools of the Trade","Noxious Fumes+1","Backflip","Prepared+1","Footwork+1","Tools of the Trade","Tools of the Trade","Impatience+1","Mayhem","Footwork+1","Outmaneuver+1"],"special_seed":0,"relics":["Ring of the Snake","Thread and Needle","Sundial","Boot","Anchor","PreservedInsect","Runic Dome","Snake Skull","Oddly Smooth Stone","Smiling Mask","Ancient Tea Set","Sozu","Regal Pillow","Pear","Art of War","Mango"],"potions_floor_usage":[],"damage_taken":[{"damage":0.0,"enemies":"Jaw Worm","floor":1.0,"turns":5.0},{"damage":1.0,"enemies":"Small Slimes","floor":2.0,"turns":4.0},{"damage":0.0,"enemies":"2 Louse","floor":4.0,"turns":2.0},{"damage":0.0,"enemies":"Red Slaver","floor":5.0,"turns":4.0},{"damage":13.0,"enemies":"3 Sentries","floor":6.0,"turns":8.0},{"damage":0.0,"enemies":"Exordium Thugs","floor":8.0,"turns":5.0},{"damage":11.0,"enemies":"Lagavulin","floor":10.0,"turns":7.0},{"damage":0.0,"enemies":"The Guardian","floor":16.0,"turns":9.0},{"damage":27.0,"enemies":"Chosen","floor":18.0,"turns":6.0},{"damage":12.0,"enemies":"3 Byrds","floor":21.0,"turns":5.0},{"damage":0.0,"enemies":"Gremlin Leader","floor":24.0,"turns":1.0},{"damage":32.0,"enemies":"Snecko","floor":30.0,"turns":8.0},{"damage":0.0,"enemies":"Book of Stabbing","floor":31.0,"turns":6.0},{"damage":3.0,"enemies":"Automaton","floor":33.0,"turns":12.0},{"damage":3.0,"enemies":"Orb Walker","floor":35.0,"turns":5.0},{"damage":22.0,"enemies":"3 Darklings","floor":39.0,"turns":6.0},{"damage":13.0,"enemies":"Transient","floor":41.0,"turns":5.0},{"damage":13.0,"enemies":"Nemesis","floor":44.0,"turns":7.0},{"damage":1.0,"enemies":"Writhing Mass","floor":46.0,"turns":8.0},{"damage":0.0,"enemies":"3 Darklings","floor":48.0,"turns":5.0},{"damage":23,"enemies":"Time Eater","floor":50,"turns":15}],"seed_played":"-7717389421617795312","potions_obtained":[{"floor":2.0,"key":"GamblersBrew"},{"floor":4.0,"key":"SmokeBomb"},{"floor":6.0,"key":"SteroidPotion"},{"floor":10.0,"key":"Fire Potion"},{"floor":18.0,"key":"Dexterity Potion"},{"floor":30.0,"key":"FearPotion"},{"floor":31.0,"key":"Block Potion"}],"is_trial":false,"path_per_floor":["M","M","?","M","M","E","R","M","T","E","R","?","?","$","R","B",null,"M","$","?","M","$","R","E","R","T","R","?","R","M","E","R","B",null,"M","?","$","?","M","R","M","R","T","E","?","M","R","M","R","B",null],"character_chosen":"THE_SILENT","items_purchased":["Deadly Poison","Snake Skull","Noxious Fumes","Backflip","Oddly Smooth Stone","Footwork","Impatience","Mayhem","Regal Pillow","Pear"],"campfire_rested":5,"item_purchase_floors":[14,19,19,19,22,22,37,37,37,37],"current_hp_per_floor":[45,44,44,44,44,31,31,31,31,20,20,13,13,13,32,32,57,30,30,30,18,18,37,37,37,37,37,37,37,5,5,24,21,54,51,51,61,61,39,39,26,63,63,64,64,63,63,63,89,66],"gold":257,"neow_bonus":"ONE_RARE_RELIC","is_prod":false,"is_daily":false,"chose_seed":false,"campfire_upgraded":7,"win_rate":0,"timestamp":1552245541,"path_taken":["M","M","?","M","M","E","R","M","T","E","R","?","?","$","R","BOSS","M","$","?","M","?","R","E","R","T","R","?","R","M","E","R","BOSS","M","?","$","?","?","R","M","R","T","E","?","M","R","?","R","BOSS"],"build_version":"2019-01-23","purchased_purges":2,"victory":true,"max_hp_per_floor":[70,70,65,65,65,65,65,65,65,65,65,65,65,65,65,65,65,65,65,65,65,65,65,65,65,65,65,65,65,65,65,65,65,65,65,65,75,75,75,75,75,75,75,89,89,89,89,89,89,89],"card_choices":[{"not_picked":["Acrobatics","Slice"],"picked":"Deadly Poison","floor":1.0},{"not_picked":["Outmaneuver","Choke"],"picked":"All Out Attack","floor":2.0},{"not_picked":["Underhanded Strike","Skewer"],"picked":"Well Laid Plans","floor":4.0},{"not_picked":["Flying Knee","Reflex"],"picked":"Deadly Poison","floor":5.0},{"not_picked":["Dodge and Roll","PiercingWail"],"picked":"Expertise","floor":6.0},{"not_picked":["Eviscerate","Cloak And Dagger","All Out Attack"],"picked":"SKIP","floor":8.0},{"not_picked":["Deadly Poison","Terror"],"picked":"Footwork","floor":10.0},{"not_picked":["A Thousand Cuts","Glass Knife"],"picked":"Tools of the Trade","floor":16.0},{"not_picked":["Flying Knee","Sucker Punch","Slice"],"picked":"SKIP","floor":18.0},{"not_picked":["Flying Knee","Sucker Punch","Slice"],"picked":"SKIP","floor":18.0},{"not_picked":["Slice","Deadly Poison"],"picked":"Prepared","floor":21.0},{"not_picked":["Prepared","Expertise","Quick Slash"],"picked":"SKIP","floor":30.0},{"not_picked":["Prepared","Flying Knee+1"],"picked":"Tools of the Trade","floor":31.0},{"not_picked":["Phantasmal Killer","Grand Finale"],"picked":"Tools of the Trade","floor":33.0},{"not_picked":["Blade Dance","Concentrate","Quick Slash"],"picked":"SKIP","floor":35.0},{"not_picked":["Dagger Spray+1","PiercingWail","Cloak And Dagger+1"],"picked":"SKIP","floor":39.0},{"not_picked":["Prepared","Blade Dance+1","Dagger Spray+1"],"picked":"SKIP","floor":41.0},{"not_picked":["PiercingWail","Accuracy","Slice+1"],"picked":"SKIP","floor":44.0},{"not_picked":["Slice","Sucker Punch"],"picked":"Footwork+1","floor":46.0},{"not_picked":["Caltrops","Prepared"],"picked":"Outmaneuver+1","floor":48.0}],"player_experience":758538,"relics_obtained":[{"floor":6.0,"key":"Sundial"},{"floor":9.0,"key":"Boot"},{"floor":10.0,"key":"Anchor"},{"floor":26.0,"key":"Smiling Mask"},{"floor":31.0,"key":"Ancient Tea Set"},{"floor":43.0,"key":"Art of War"},{"floor":44.0,"key":"Mango"}],"event_choices":[{"damage_healed":0.0,"max_hp_gain":0.0,"max_hp_loss":5.0,"gold_gain":0.0,"event_name":"Golden Idol","player_choice":"Lose Max HP","floor":3.0,"gold_loss":0.0,"damage_taken":0.0,"relics_obtained":["Golden Idol"]},{"damage_healed":0.0,"max_hp_gain":0.0,"max_hp_loss":0.0,"gold_gain":0.0,"event_name":"Scrap Ooze","player_choice":"Success","floor":12.0,"gold_loss":0.0,"damage_taken":7.0,"relics_obtained":["PreservedInsect"]},{"cards_removed":["Strike_G"],"damage_healed":0.0,"max_hp_gain":0.0,"max_hp_loss":0.0,"gold_gain":0.0,"event_name":"Purifier","player_choice":"Purged","floor":13.0,"gold_loss":0.0,"damage_taken":0.0},{"damage_healed":0.0,"max_hp_gain":0.0,"max_hp_loss":0.0,"gold_gain":200.0,"event_name":"Wheel of Change","player_choice":"Gold","floor":20.0,"gold_loss":0.0,"damage_taken":0.0},{"damage_healed":0.0,"max_hp_gain":0.0,"max_hp_loss":0.0,"gold_gain":200.0,"event_name":"Wheel of Change","player_choice":"Gold","floor":28.0,"gold_loss":0.0,"damage_taken":0.0},{"damage_healed":0.0,"max_hp_gain":0.0,"max_hp_loss":0.0,"gold_gain":333.0,"event_name":"The Moai Head","player_choice":"Gave Idol","floor":36.0,"relics_lost":["Golden Idol"],"gold_loss":0.0,"damage_taken":0.0},{"damage_healed":0.0,"max_hp_gain":0.0,"max_hp_loss":0.0,"gold_gain":100.0,"event_name":"Golden Shrine","player_choice":"Pray","floor":38.0,"gold_loss":0.0,"damage_taken":0.0},{"damage_healed":0.0,"max_hp_gain":0.0,"max_hp_loss":0.0,"gold_gain":0.0,"event_name":"The Woman in Blue","player_choice":"Bought 0 Potions","floor":45.0,"gold_loss":0.0,"damage_taken":0.0}],"is_beta":false,"boss_relics":[{"not_picked":["HoveringKite","Velvet Choker"],"picked":"Runic Dome"},{"not_picked":["Calling Bell","Astrolabe"],"picked":"Sozu"}],"items_purged_floors":[14,37],"is_endless":false,"potions_floor_spawned":[2,4,6,10,18,24,30,31,35,41,44,48],"ascension_level":10}