{"path_per_floor":["M","$","?","?","M","R","E","M","T","$","M","R","$","M","R","B",null,"M","M","?","?","M","R","E","?","T","R","M","E","M","M","R","B",null,"M","?","$","?","?","R","M","R","T","M","?","?","$","M","R","B"],"character_chosen":"IRONCLAD","items_purchased":["True Grit","Inflame","Offering"],"gold_per_floor":[114,14,14,14,29,29,55,66,89,10,28,28,28,40,40,135,135,146,158,73,73,84,84,115,15,15,15,33,63,76,90,90,185,185,201,250,92,92,92,92,111,111,134,149,0,0,0,13,13,13],"floor_reached":51,"campfire_rested":0,"playtime":2901,"current_hp_per_floor":[77,77,70,54,63,63,52,61,61,61,68,68,68,65,65,43,71,80,79,79,79,60,60,37,37,37,37,68,73,75,55,55,40,70,80,80,80,70,70,70,79,79,79,53,53,53,53,80,80,80],"items_purged":["Clumsy"],"gold":13,"score":729,"play_id":"cd8fb4f2-20bc-4d94-837c-46b3e1a5513b","is_prod":false,"is_daily":false,"is_ascension_mode":true,"campfire_upgraded":9,"path_taken":["M","$","?","?","M","R","E","?","T","$","?","R","?","?","R","BOSS","M","?","?","?","M","R","E","?","T","R","M","E","M","M","R","BOSS","M","?","$","?","?","R","M","R","T","M","?","?","?","M","R","BOSS"],"build_version":"2018-02-22-PROD2","purchased_purges":1,"victory":true,"master_deck":["Strike_R","Strike_R","Strike_R","Strike_R","Defend_R","Defend_R","Defend_R","Defend_R+1","Bash+1","Shockwave+1","True Grit+1","Spot Weakness","Headbutt","Dropkick","Inflame+1","Cleave","Metallicize+1","Double Tap+1","Whirlwind","Reaper","Warcry","Flex+1","J.A.X.+1","Ghostly Armor+1","Limit Break+1","Dual Wield+1","Offering","Madness","Madness","Clumsy","Flex+1","Heavy Blade+1"],"max_hp_per_floor":[80,80,80,80,80,80,80,80,80,80,80,80,80,80,80,80,80,80,80,80,80,80,80,80,80,80,80,80,80,80,80,80,80,80,80,80,80,80,80,80,80,80,80,80,80,80,80,80,80,80],"relics":["Burning Blood","Magic Flower","Anchor","Blood Vial","Orrery","Unceasing Top","Bag of Marbles","Prayer Wheel","Juzu Bracelet","Cursed Key","Charon\u0027s Ashes","Regal Pillow","Red Mask","Bag of Preparation"],"card_choices":[{"not_picked":["Feel No Pain","Pummel"],"picked":"Shockwave"},{"not_picked":["Armaments","True Grit"],"picked":"Spot Weakness"},{"not_picked":["Perfected Strike","Carnage"],"picked":"Headbutt"},{"not_picked":["Iron Wave","True Grit"],"picked":"Dropkick"},{"not_picked":["Anger","Clothesline"],"picked":"Cleave"},{"not_picked":["Clash","Perfected Strike"],"picked":"Metallicize"},{"not_picked":["Immolate","Feed"],"picked":"Double Tap"},{"not_picked":["Rupture","Thunderclap"],"picked":"Whirlwind"},{"not_picked":["Armaments","Twin Strike"],"picked":"Reaper"},{"not_picked":["Shrug It Off","Wild Strike"],"picked":"Warcry"},{"not_picked":["True Grit","Sever Soul"],"picked":"Flex"},{"not_picked":["Sentinel","Uppercut"],"picked":"Ghostly Armor"},{"not_picked":["Offering","Berserk"],"picked":"Limit Break"},{"not_picked":["Shockwave","Armaments"],"picked":"Headbutt"},{"not_picked":["Headbutt","Shrug It Off"],"picked":"Dual Wield"},{"not_picked":["Iron Wave","Armaments"],"picked":"Flex"},{"not_picked":["Twin Strike","Rupture"],"picked":"Heavy Blade"}],"player_experience":355728,"potions_floor_usage":[33,50,50,50],"damage_taken":[{"damage":4.0,"enemies":"2 Louse","floor":1.0,"turns":3.0},{"damage":0.0,"enemies":"Small Slimes","floor":5.0,"turns":5.0},{"damage":20.0,"enemies":"Gremlin Nob","floor":7.0,"turns":4.0},{"damage":0.0,"enemies":"Cultist","floor":8.0,"turns":3.0},{"damage":5.0,"enemies":"Exordium Thugs","floor":11.0,"turns":5.0},{"damage":15.0,"enemies":"Gremlin Gang","floor":14.0,"turns":5.0},{"damage":34.0,"enemies":"Slime Boss","floor":16.0,"turns":8.0},{"damage":2.0,"enemies":"3 Byrds","floor":18.0,"turns":4.0},{"damage":33.0,"enemies":"2 Thieves","floor":19.0,"turns":4.0},{"damage":40.0,"enemies":"3 Cultists","floor":22.0,"turns":6.0},{"damage":78.0,"enemies":"Slavers","floor":24.0,"turns":9.0},{"damage":20.0,"enemies":"Centurion and Healer","floor":28.0,"turns":4.0},{"damage":35.0,"enemies":"Book of Stabbing","floor":29.0,"turns":6.0},{"damage":31.0,"enemies":"Snake Plant","floor":30.0,"turns":5.0},{"damage":34.0,"enemies":"Snecko","floor":31.0,"turns":6.0},{"damage":78,"enemies":"Collector","floor":33,"turns":12},{"damage":44,"enemies":"3 Darklings","floor":35,"turns":6},{"damage":25,"enemies":"Mysterious Sphere","floor":36,"turns":8},{"damage":3,"enemies":"Orb Walker","floor":41,"turns":2},{"damage":36,"enemies":"Maw","floor":44,"turns":6},{"damage":9,"enemies":"3 Darklings","floor":48,"turns":3},{"damage":66,"enemies":"Donu and Deca","floor":50,"turns":5}],"event_choices":[{"event_name":"Golden Wing","player_choice":"Card Removal","floor":3.0,"damage_taken":0.0},{"event_name":"Shining Light","player_choice":"Entered Light","floor":4.0,"damage_taken":0.0},{"event_name":"Addict","player_choice":"Obtained Relic","floor":20.0,"damage_taken":0.0},{"event_name":"Beggar","player_choice":"Ignored","floor":21.0,"damage_taken":0.0},{"event_name":"Drug Dealer","player_choice":"Got JAXXED","floor":25.0,"damage_taken":0.0},{"event_name":"Mysterious Sphere","player_choice":"Fight","floor":36,"damage_taken":0},{"event_name":"Winding Halls","player_choice":"Embrace Madness","floor":38,"damage_taken":0},{"event_name":"Tomb of Lord Red Mask","player_choice":"Paid","floor":45,"damage_taken":0},{"event_name":"Wheel of Change","player_choice":"Relic","floor":46,"damage_taken":0}],"boss_relics":[{"not_picked":["Black Blood","Runic Cube"],"picked":"Cursed Key"}],"potions_floor_spawned":[1,8,16,19,22,29,33,44,48],"seed_played":"-3142872963169905370","ascension_level":8,"is_trial":false}