{"gold_per_floor":[110,128,158,158,158,183,194,194,220,220,237,268,287,97,97,193,193,208,178,195,195],"floor_reached":21,"playtime":2014,"items_purged":["Strike_G"],"score":214,"play_id":"1eea1cc7-7ab7-410a-8cb0-cd096e56d81b","local_time":"20190627232533","is_ascension_mode":false,"campfire_choices":[{"data":"Noxious Fumes","floor":8,"key":"SMITH"},{"data":"Noxious Fumes","floor":10,"key":"SMITH"},{"floor":15,"key":"REST"}],"neow_cost":"NONE","seed_source_timestamp":141251964494844,"circlet_count":0,"master_deck":["Defend_G","Defend_G+1","Defend_G","Defend_G+1","Defend_G","Strike_G","Strike_G","Strike_G","Strike_G","Survivor","Neutralize","Noxious Fumes+1","Infinite Blades","Tools of the Trade","Noxious Fumes+1","Tactician","Corpse Explosion","Deflect","Catalyst","Caltrops","Tactician","A Thousand Cuts","Blur+1","Bane"],"relics":["Ring of the Serpent","NeowsBlessing","Tiny Chest","Girya","Pen Nib","Anchor","Dream Catcher"],"potions_floor_usage":[13,16,16,21],"damage_taken":[{"damage":0,"enemies":"Jaw Worm","floor":1,"turns":1},{"damage":0,"enemies":"2 Louse","floor":2,"turns":1},{"damage":0,"enemies":"3 Sentries","floor":6,"turns":2},{"damage":0,"enemies":"Cultist","floor":7,"turns":5},{"damage":0,"enemies":"3 Louse","floor":11,"turns":4},{"damage":14,"enemies":"Gremlin Nob","floor":12,"turns":4},{"damage":0,"enemies":"Lots of Slimes","floor":13,"turns":4},{"damage":12,"enemies":"Hexaghost","floor":16,"turns":8},{"damage":21,"enemies":"Spheric Guardian","floor":18,"turns":5},{"damage":13,"enemies":"3 Byrds","floor":20,"turns":3},{"damage":36,"enemies":"Shelled Parasite and Fungi","floor":21,"turns":4}],"seed_played":"4850690527527575612","potions_obtained":[{"floor":11,"key":"Fire Potion"},{"floor":12,"key":"GamblersBrew"},{"floor":13,"key":"Weak Potion"},{"floor":19,"key":"LiquidBronze"},{"floor":19,"key":"Explosive Potion"},{"floor":20,"key":"SkillPotion"}],"is_trial":false,"path_per_floor":["M","M","?","?","T","E","M","R","T","R","M","E","M","$","R","B",null,"M","?","M","M"],"character_chosen":"THE_SILENT","items_purchased":["Catalyst","Caltrops"],"campfire_rested":1,"item_purchase_floors":[14,14],"current_hp_per_floor":[70,70,58,44,44,44,44,44,44,44,44,30,30,30,51,39,70,49,49,36,0],"gold":195,"neow_bonus":"THREE_ENEMY_KILL","is_prod":false,"is_daily":false,"chose_seed":false,"campfire_upgraded":2,"win_rate":0.0,"timestamp":1561703133,"path_taken":["M","M","?","?","?","E","?","R","T","R","M","E","M","$","R","BOSS","M","?","M","M"],"build_version":"2019-01-23","purchased_purges":1,"victory":false,"max_hp_per_floor":[70,70,70,70,70,70,70,70,70,70,70,70,70,70,70,70,70,70,70,70,70],"card_choices":[{"not_picked":["PiercingWail","Backflip"],"picked":"Noxious Fumes","floor":1},{"not_picked":["Dash","Caltrops"],"picked":"Infinite Blades","floor":2},{"not_picked":["Prepared","All Out Attack"],"picked":"Tools of the Trade","floor":6},{"not_picked":["Underhanded Strike","PiercingWail"],"picked":"Noxious Fumes","floor":7},{"not_picked":["Terror","PiercingWail"],"picked":"Tactician","floor":11},{"not_picked":["Prepared","Dodge and Roll"],"picked":"Corpse Explosion","floor":12},{"not_picked":["Dagger Spray","Blade Dance"],"picked":"Deflect","floor":13},{"not_picked":["Underhanded Strike","Outmaneuver"],"picked":"Tactician","floor":15},{"not_picked":["Tools of the Trade","Malaise"],"picked":"A Thousand Cuts","floor":16},{"not_picked":["Skewer","Flechettes"],"picked":"Blur+1","floor":18},{"not_picked":["Expertise+1","Sucker Punch+1"],"picked":"Bane","floor":20}],"player_experience":38293,"relics_obtained":[{"floor":5,"key":"Girya"},{"floor":6,"key":"Pen Nib"},{"floor":9,"key":"Anchor"},{"floor":12,"key":"Dream Catcher"}],"event_choices":[{"damage_healed":0,"gold_gain":0,"player_choice":"Success","damage_taken":12,"relics_obtained":["Tiny Chest"],"max_hp_gain":0,"max_hp_loss":0,"event_name":"Scrap Ooze","floor":3,"gold_loss":0},{"damage_healed":0,"gold_gain":0,"player_choice":"Entered Light","damage_taken":14,"max_hp_gain":0,"max_hp_loss":0,"event_name":"Shining Light","floor":4,"gold_loss":0,"cards_upgraded":["Defend_G","Defend_G"]},{"damage_healed":0,"gold_gain":0,"player_choice":"Bought 2 Potions","damage_taken":0,"max_hp_gain":0,"max_hp_loss":0,"event_name":"The Woman in Blue","floor":19,"gold_loss":0}],"is_beta":false,"boss_relics":[{"not_picked":["Orrery","Philosopher\u0027s Stone"],"picked":"Ring of the Serpent"}],"items_purged_floors":[14],"is_endless":false,"potions_floor_spawned":[11,12,13,20],"killed_by":"Shelled Parasite and Fungi","ascension_level":0}