{"gold_per_floor":[115,127,127,277,202,202,217,228,275,275,287,314,324,4,4,81,81,92,92,0,0],"floor_reached":21,"playtime":936,"items_purged":["Doubt","Strike_R"],"score":304,"play_id":"dd0b5f6d-0df3-4e97-8252-3c9695d0e392","local_time":"20181009024359","is_ascension_mode":true,"campfire_choices":[{"data":"Body Slam","floor":6,"key":"SMITH"},{"data":"Limit Break","floor":10,"key":"SMITH"},{"data":"True Grit","floor":15,"key":"SMITH"}],"neow_cost":"NONE","seed_source_timestamp":0,"circlet_count":0,"master_deck":["Strike_R","Strike_R","Strike_R","Defend_R","Defend_R","Defend_R","Defend_R","Bash","AscendersBane","Body Slam+1","Twin Strike","Limit Break+1","Shrug It Off","True Grit+1","Offering","Shrug It Off","Demon Form","Twin Strike"],"special_seed":0,"relics":["Burning Blood","Potion Belt","Bronze Scales","Mark of Pain"],"potions_floor_usage":[11,18],"damage_taken":[{"damage":3,"enemies":"2 Louse","floor":1,"turns":4},{"damage":5,"enemies":"Cultist","floor":2,"turns":5},{"damage":7,"enemies":"Jaw Worm","floor":7,"turns":3},{"damage":14,"enemies":"Red Slaver","floor":8,"turns":2},{"damage":6,"enemies":"Exordium Thugs","floor":11,"turns":4},{"damage":5,"enemies":"Exordium Wildlife","floor":13,"turns":3},{"damage":38,"enemies":"The Guardian","floor":16,"turns":14},{"damage":24,"enemies":"2 Thieves","floor":18,"turns":5},{"damage":46,"enemies":"Colosseum Slavers","floor":19,"turns":5},{"damage":14,"enemies":"3 Byrds","floor":21,"turns":2}],"seed_played":"2475551656971386365","potions_obtained":[{"floor":2,"key":"SpeedPotion"},{"floor":7,"key":"FearPotion"},{"floor":8,"key":"Explosive Potion"}],"is_trial":false,"path_per_floor":["M","M","?","?","$","R","M","M","T","R","M","T","M","$","R","B",null,"M","?","?"],"character_chosen":"IRONCLAD","items_purchased":["Offering","Shrug It Off"],"campfire_rested":0,"item_purchase_floors":[14,14],"current_hp_per_floor":[78,79,79,79,79,79,78,70,70,70,70,70,71,71,71,39,71,53,13,13,0],"gold":0,"neow_bonus":"TEN_PERCENT_HP_BONUS","is_prod":false,"is_daily":false,"chose_seed":false,"campfire_upgraded":3,"win_rate":0,"timestamp":1539067439,"path_taken":["M","M","?","?","$","R","?","?","T","R","?","?","M","$","R","BOSS","M","?","?","M"],"build_version":"2018-10-04v2","purchased_purges":2,"victory":false,"max_hp_per_floor":[82,82,82,82,82,82,82,82,82,82,82,82,82,82,82,82,82,82,82,82,82],"card_choices":[{"not_picked":["Shrug It Off","Perfected Strike"],"picked":"Body Slam","floor":1},{"not_picked":["Reckless Charge","Anger"],"picked":"Twin Strike","floor":2},{"not_picked":["Sword Boomerang","Iron Wave"],"picked":"Limit Break","floor":7},{"not_picked":["Armaments","Infernal Blade","Reckless Charge"],"picked":"SKIP","floor":8},{"not_picked":["Flex","Perfected Strike"],"picked":"Shrug It Off","floor":11},{"not_picked":["Dropkick","Clothesline"],"picked":"True Grit","floor":13},{"not_picked":["Impervious","Offering"],"picked":"Demon Form","floor":16},{"not_picked":["Searing Blow","Reckless Charge+1"],"picked":"Twin Strike","floor":18}],"player_experience":475226,"relics_obtained":[{"floor":9,"key":"Potion Belt"},{"floor":12,"key":"Bronze Scales"}],"event_choices":[{"event_name":"Living Wall","player_choice":"Forget","floor":3,"damage_taken":0},{"event_name":"Liars Game","player_choice":"agreed","floor":4,"damage_taken":0},{"event_name":"Colosseum","player_choice":"Fight","floor":19,"damage_taken":0},{"event_name":"Colosseum","player_choice":"Fled From Nobs","floor":19,"damage_taken":0},{"event_name":"Masked Bandits","player_choice":"Paid Fearfully","floor":20,"damage_taken":0}],"is_beta":false,"boss_relics":[{"not_picked":["Fusion Hammer","Pandora\u0027s Box"],"picked":"Mark of Pain"}],"items_purged_floors":[5,14],"is_endless":false,"potions_floor_spawned":[2,7,8,19],"killed_by":"3 Byrds","ascension_level":16}