{"gold_per_floor":[110,110,123,123,123,123,158,158,181,181,200,220,239,278,278,406,406,419,419,438,131,46,46,46,46,46,46,86,86,86,11,11,113,113,129,149,149,168,183,183,183,212,212,212,212,226,126,126,126,126],"floor_reached":51,"playtime":3587,"items_purged":["Strike_R","Strike_R"],"score":994,"play_id":"93f11363-4a4a-4eb7-9b97-5466f38f1ce0","local_time":"20180930180104","is_ascension_mode":true,"campfire_choices":[{"data":"Bash","floor":6.0,"key":"SMITH"},{"data":"Defend_R","floor":8.0,"key":"SMITH"},{"data":"Defend_R","floor":10.0,"key":"SMITH"},{"floor":15.0,"key":"REST"},{"data":"Whirlwind","floor":23.0,"key":"SMITH"},{"data":"Body Slam","floor":25.0,"key":"SMITH"},{"data":"Inflame","floor":27.0,"key":"SMITH"},{"data":"Ghostly Armor","floor":29.0,"key":"SMITH"},{"data":"Pommel Strike","floor":32.0,"key":"SMITH"},{"data":"Limit Break","floor":40.0,"key":"SMITH"},{"floor":49,"key":"REST"}],"neow_cost":"NONE","seed_source_timestamp":0,"circlet_count":0,"master_deck":["Defend_R+1","Defend_R+1","Defend_R+1","Defend_R+1","Bash+1","Body Slam+1","Whirlwind+1","Pommel Strike+1","Headbutt+1","Body Slam+1","Ghostly Armor+1","Offering+1","Ghostly+1","Ghostly+1","Ghostly+1","Ghostly+1","Ghostly+1","Shrug It Off+1","Inflame+1","Limit Break+1","Shrug It Off+1"],"special_seed":0,"relics":["Burning Blood","Bloody Idol","Pen Nib","Strawberry","Dream Catcher","Cursed Key","Brimstone","War Paint","Darkstone Periapt","Busted Crown","Bronze Scales","Mark of the Bloom"],"potions_floor_usage":[50,50],"damage_taken":[{"damage":4.0,"enemies":"2 Louse","floor":1.0,"turns":3.0},{"damage":0.0,"enemies":"Small Slimes","floor":3.0,"turns":5.0},{"damage":30.0,"enemies":"3 Sentries","floor":7.0,"turns":11.0},{"damage":4.0,"enemies":"Jaw Worm","floor":11.0,"turns":3.0},{"damage":8.0,"enemies":"2 Fungi Beasts","floor":12.0,"turns":3.0},{"damage":8.0,"enemies":"Blue Slaver","floor":13.0,"turns":4.0},{"damage":19.0,"enemies":"Lagavulin","floor":14.0,"turns":4.0},{"damage":41.0,"enemies":"Hexaghost","floor":16.0,"turns":9.0},{"damage":20.0,"enemies":"2 Thieves","floor":18.0,"turns":3.0},{"damage":3.0,"enemies":"Shell Parasite","floor":20.0,"turns":5.0},{"damage":8.0,"enemies":"Book of Stabbing","floor":28.0,"turns":4.0},{"damage":6.0,"enemies":"Collector","floor":33.0,"turns":6.0},{"damage":1.0,"enemies":"3 Shapes","floor":35.0,"turns":4.0},{"damage":1.0,"enemies":"Orb Walker","floor":36.0,"turns":3.0},{"damage":6.0,"enemies":"Reptomancer","floor":38.0,"turns":4.0},{"damage":4.0,"enemies":"Sphere and 2 Shapes","floor":39.0,"turns":1.0},{"damage":1.0,"enemies":"2 Orb Walkers","floor":42.0,"turns":4.0},{"damage":1,"enemies":"4 Shapes","floor":46,"turns":2},{"damage":10,"enemies":"Awakened One","floor":50,"turns":6}],"seed_played":"557034065435179269","potions_obtained":[{"floor":3.0,"key":"GamblersBrew"},{"floor":12.0,"key":"FearPotion"},{"floor":13.0,"key":"LiquidBronze"},{"floor":14.0,"key":"Dexterity Potion"},{"floor":28.0,"key":"LiquidBronze"},{"floor":33.0,"key":"Dexterity Potion"},{"floor":35.0,"key":"SpeedPotion"}],"is_trial":false,"path_per_floor":["M","?","M","?","?","R","E","R","T","R","M","M","M","E","R","B",null,"M","?","M","$","?","R","$","R","T","R","E","R","?","?","R","B",null,"M","M","?","M","M","R","?","E","T","?","?","M","$","?","R","B"],"character_chosen":"IRONCLAD","items_purchased":["Inflame","Brimstone"],"campfire_rested":2,"item_purchase_floors":[21,21],"current_hp_per_floor":[74,54,60,65,65,65,41,41,48,48,50,48,46,33,60,25,75,61,46,46,46,46,46,46,46,46,46,44,44,44,44,44,46,46,46,46,46,46,46,46,36,46,46,46,44,44,44,44,44,34],"gold":126,"neow_bonus":"REMOVE_CARD","is_prod":false,"is_daily":false,"chose_seed":false,"campfire_upgraded":9,"win_rate":0,"timestamp":1538344864,"path_taken":["M","?","M","?","?","R","E","R","T","R","M","M","M","E","R","BOSS","M","?","M","$","?","R","?","R","T","R","E","R","?","?","R","BOSS","M","M","?","M","M","R","?","E","T","?","?","M","$","?","R","BOSS"],"build_version":"2018-09-27","purchased_purges":2,"victory":true,"max_hp_per_floor":[80,80,80,85,85,85,85,85,92,92,92,92,92,92,92,92,92,92,46,46,46,46,46,46,46,46,46,46,46,46,46,46,46,46,46,46,46,46,46,46,46,46,46,46,44,44,44,44,44,44],"card_choices":[{"not_picked":["Warcry","Flex","Infernal Blade"],"picked":"SKIP","floor":1.0},{"not_picked":["Rage","Clothesline"],"picked":"Body Slam","floor":3.0},{"not_picked":["Anger","Dropkick","Brutality"],"picked":"SKIP","floor":7.0},{"not_picked":["Battle Trance","Corruption"],"picked":"Whirlwind","floor":11.0},{"not_picked":["Pummel","Infernal Blade"],"picked":"Pommel Strike","floor":12.0},{"not_picked":["Thunderclap","Twin Strike"],"picked":"Headbutt","floor":13.0},{"not_picked":["Clash","Pummel"],"picked":"Body Slam","floor":14.0},{"not_picked":["Entrench","Heavy Blade"],"picked":"Ghostly Armor","floor":15.0},{"not_picked":["Dark Embrace","Fiend Fire"],"picked":"Offering","floor":16.0},{"not_picked":["Uppercut","Body Slam","Burning Pact+1"],"picked":"SKIP","floor":18.0},{"not_picked":["Evolve+1","Sword Boomerang"],"picked":"Shrug It Off","floor":20.0},{"not_picked":["Evolve","Dropkick+1","Flame Barrier"],"picked":"SKIP","floor":28.0},{"not_picked":["Double Tap","Fiend Fire"],"picked":"Limit Break","floor":33.0},{"not_picked":[],"picked":"Shrug It Off","floor":35.0},{"not_picked":["Headbutt"],"picked":"SKIP","floor":36.0},{"not_picked":["Perfected Strike+1"],"picked":"SKIP","floor":38.0},{"not_picked":["Corruption+1"],"picked":"SKIP","floor":39.0},{"not_picked":["Fire Breathing+1"],"picked":"SKIP","floor":42.0},{"not_picked":["Clash"],"picked":"SKIP","floor":46}],"player_experience":421278,"relics_obtained":[{"floor":7.0,"key":"Pen Nib"},{"floor":9.0,"key":"Strawberry"},{"floor":14.0,"key":"Dream Catcher"},{"floor":28.0,"key":"Darkstone Periapt"},{"floor":42.0,"key":"Bronze Scales"}],"event_choices":[{"event_name":"Golden Idol","player_choice":"Take Damage","floor":2.0,"damage_taken":0.0},{"event_name":"Big Fish","player_choice":"Donut","floor":4.0,"damage_taken":0.0},{"event_name":"Accursed Blacksmith","player_choice":"Forge","floor":5.0,"damage_taken":0.0},{"event_name":"Ghosts","player_choice":"Became a Ghost","floor":19.0,"damage_taken":0.0},{"event_name":"Addict","player_choice":"Obtained Relic","floor":22.0,"damage_taken":0.0},{"event_name":"Forgotten Altar","player_choice":"Gave Idol","floor":30.0,"damage_taken":0.0},{"event_name":"Beggar","player_choice":"Gave Gold","floor":31.0,"damage_taken":0.0},{"event_name":"Tomb of Lord Red Mask","player_choice":"Ignored","floor":37.0,"damage_taken":0.0},{"event_name":"SensoryStone","player_choice":"Memory 3","floor":41.0,"damage_taken":0.0},{"event_name":"Bonfire Elementals","player_choice":"BASIC","floor":44.0,"damage_taken":0.0},{"event_name":"Winding Halls","player_choice":"Max HP","floor":45,"damage_taken":0},{"event_name":"MindBloom","player_choice":"Upgrade","floor":48,"damage_taken":0}],"is_beta":false,"boss_relics":[{"not_picked":["Runic Pyramid","Orrery"],"picked":"Cursed Key"},{"not_picked":["Black Blood","Lizard Tail"],"picked":"Busted Crown"}],"items_purged_floors":[21,47],"is_endless":false,"potions_floor_spawned":[3,12,13,14,28,33,35,42,46],"ascension_level":7}