{"gold_per_floor":[116,116,4,15,0,35,53,78,127,27,27,27,27,46,46,144,144,160,35,46,46,56,90,102,130,142,154,166,207,219,6,6,6],"floor_reached":33,"playtime":2910,"items_purged":["Strike_B","Strike_B","Strike_B","Dualcast"],"score":366,"play_id":"7c3ec916-cf9f-46db-b578-38a5c13b1669","local_time":"20181203183743","is_ascension_mode":false,"campfire_choices":[{"data":"Hologram","floor":13.0,"key":"SMITH"},{"data":"Beam Cell","floor":15.0,"key":"SMITH"},{"floor":24.0,"key":"REST"},{"data":"Seek","floor":30.0,"key":"SMITH"},{"data":"Steam Power","floor":32.0,"key":"SMITH"}],"neow_cost":"NONE","seed_source_timestamp":8864146357454,"circlet_count":0,"master_deck":["Defend_B+1","Defend_B","Defend_B","Defend_B","Zap+1","Streamline","Melter","Beam Cell+1","Hologram+1","Rebound","Gash","Seek+1","Redo+1","RitualDagger","Steam Power+1","Conserve Battery"],"special_seed":0,"relics":["Cracked Core","Gremlin Horn","Strawberry","Art of War","Nuclear Battery","MawBank","Blood Vial","Pear","Boot"],"potions_floor_usage":[33,33,33],"damage_taken":[{"damage":9.0,"enemies":"2 Louse","floor":1.0,"turns":3.0},{"damage":5.0,"enemies":"Small Slimes","floor":4.0,"turns":2.0},{"damage":10.0,"enemies":"Lagavulin","floor":6.0,"turns":4.0},{"damage":0.0,"enemies":"Jaw Worm","floor":7.0,"turns":2.0},{"damage":11.0,"enemies":"3 Sentries","floor":8.0,"turns":6.0},{"damage":0.0,"enemies":"Large Slime","floor":14.0,"turns":4.0},{"damage":0.0,"enemies":"Slime Boss","floor":16.0,"turns":5.0},{"damage":0.0,"enemies":"Spheric Guardian","floor":18.0,"turns":2.0},{"damage":20.0,"enemies":"2 Thieves","floor":20.0,"turns":3.0},{"damage":16.0,"enemies":"Centurion and Healer","floor":22.0,"turns":5.0},{"damage":32.0,"enemies":"Slavers","floor":23.0,"turns":4.0},{"damage":18.0,"enemies":"Shelled Parasite and Fungi","floor":25.0,"turns":3.0},{"damage":20.0,"enemies":"Gremlin Leader","floor":29.0,"turns":6.0},{"damage":38,"enemies":"Champ","floor":33,"turns":11}],"seed_played":"-3313515271876096005","potions_obtained":[{"floor":1.0,"key":"AttackPotion"},{"floor":6.0,"key":"Poison Potion"},{"floor":7.0,"key":"FearPotion"},{"floor":8.0,"key":"AttackPotion"},{"floor":23.0,"key":"Dexterity Potion"},{"floor":29.0,"key":"Dexterity Potion"}],"is_trial":false,"path_per_floor":["M","?","$","M","?","E","M","E","T","$","?","?","R","M","R","B",null,"M","$","M","?","M","E","R","M","T","T","?","E","R","$","R","B"],"character_chosen":"DEFECT","items_purchased":["Melter","EssenceOfSteel"],"campfire_rested":1,"item_purchase_floors":[3,31],"current_hp_per_floor":[66,51,51,46,46,36,36,32,32,32,32,32,32,32,32,32,82,82,82,62,56,40,8,32,14,14,24,54,36,36,36,36,0],"gold":6,"neow_bonus":"REMOVE_CARD","is_prod":false,"is_daily":false,"chose_seed":false,"campfire_upgraded":4,"win_rate":0,"timestamp":1543880263,"path_taken":["M","?","$","M","?","E","M","E","T","$","?","?","R","M","R","BOSS","M","$","M","?","M","E","R","M","T","?","?","E","R","$","R","BOSS"],"build_version":"2018-11-15","purchased_purges":4,"victory":false,"max_hp_per_floor":[75,75,75,75,75,75,75,82,82,82,82,82,82,82,82,82,82,82,82,82,82,82,82,82,82,82,92,92,92,92,92,92,92],"card_choices":[{"not_picked":["Hello World","Static Discharge"],"picked":"Streamline","floor":1.0},{"not_picked":["Turbo","Streamline"],"picked":"Beam Cell","floor":4.0},{"not_picked":["Heatsinks","Darkness"],"picked":"Hologram","floor":6.0},{"not_picked":["Static Discharge","Streamline","Cold Snap"],"picked":"SKIP","floor":7.0},{"not_picked":["Undo","Go for the Eyes"],"picked":"Rebound","floor":8.0},{"not_picked":["Cold Snap","Stack"],"picked":"Gash","floor":14.0},{"not_picked":["Amplify","Meteor Strike"],"picked":"Seek","floor":16.0},{"not_picked":["Chill+1","Heatsinks+1","Genetic Algorithm+1"],"picked":"SKIP","floor":18.0},{"not_picked":["Ball Lightning","Steam"],"picked":"Redo+1","floor":20.0},{"not_picked":["Rebound","Streamline","Heatsinks+1"],"picked":"SKIP","floor":22.0},{"not_picked":["Aggregate","Storm"],"picked":"Steam Power","floor":23.0},{"not_picked":["Streamline+1","Heatsinks","Beam Cell+1"],"picked":"SKIP","floor":25.0},{"not_picked":["Sweeping Beam+1","Coolheaded"],"picked":"Conserve Battery","floor":29.0}],"player_experience":584910,"relics_obtained":[{"floor":6.0,"key":"Gremlin Horn"},{"floor":8.0,"key":"Strawberry"},{"floor":9.0,"key":"Art of War"},{"floor":23.0,"key":"MawBank"},{"floor":26.0,"key":"Blood Vial"},{"floor":27.0,"key":"Pear"},{"floor":29.0,"key":"Boot"}],"event_choices":[{"damage_healed":0.0,"max_hp_gain":0.0,"max_hp_loss":0.0,"gold_gain":0.0,"event_name":"Shining Light","player_choice":"Entered Light","floor":2.0,"gold_loss":0.0,"damage_taken":15.0,"cards_upgraded":["Zap","Defend_B"]},{"damage_healed":0.0,"max_hp_gain":0.0,"max_hp_loss":0.0,"gold_gain":0.0,"event_name":"World of Goop","player_choice":"Left Gold","floor":5.0,"gold_loss":15.0,"damage_taken":0.0},{"damage_healed":0.0,"max_hp_gain":0.0,"max_hp_loss":0.0,"gold_gain":0.0,"event_name":"The Cleric","player_choice":"Leave","floor":11.0,"gold_loss":0.0,"damage_taken":0.0},{"damage_healed":0.0,"max_hp_gain":0.0,"max_hp_loss":0.0,"gold_gain":0.0,"event_name":"Liars Game","player_choice":"Ignored","floor":12.0,"gold_loss":0.0,"damage_taken":0.0},{"damage_healed":0.0,"max_hp_gain":0.0,"max_hp_loss":0.0,"gold_gain":0.0,"event_name":"Nest","player_choice":"Joined the Cult","floor":21.0,"gold_loss":0.0,"damage_taken":6.0,"cards_obtained":["RitualDagger"]},{"damage_healed":30.0,"max_hp_gain":0.0,"max_hp_loss":0.0,"gold_gain":0.0,"event_name":"The Library","player_choice":"Heal","floor":28.0,"gold_loss":0.0,"damage_taken":0.0}],"is_beta":false,"boss_relics":[{"not_picked":["Busted Crown","Pandora\u0027s Box"],"picked":"Nuclear Battery"}],"items_purged_floors":[3,10,19,31],"is_endless":false,"potions_floor_spawned":[1,6,7,8,23,29],"killed_by":"Champ","ascension_level":0}