{"gold_per_floor":[116,41,61,61,11,11,38,38,38,94,94,94,22,39,39,137,137,155,70,70,101,101,101,132,132,132,132,57,91,91,104,104,203,203,223,275,28,28,250,250,269,279,279,67,67,67,67,81,81,81],"floor_reached":50,"playtime":4596,"items_purged":["Strike_G","Defend_G","Defend_G"],"score":684,"play_id":"ac06e33c-6379-4217-b4d5-af14fcd0571e","local_time":"20181017141428","is_ascension_mode":true,"campfire_choices":[{"data":"Neutralize","floor":6.0,"key":"SMITH"},{"floor":8.0,"key":"REST"},{"floor":15.0,"key":"REST"},{"data":"Burst","floor":23.0,"key":"SMITH"},{"data":"Caltrops","floor":25.0,"key":"SMITH"},{"data":"Tools of the Trade","floor":30.0,"key":"SMITH"},{"data":"Catalyst","floor":32.0,"key":"SMITH"},{"data":"Noxious Fumes","floor":40.0,"key":"SMITH"},{"data":"Strike_G+1","floor":47.0,"key":"PURGE"},{"data":"Defend_G+1","floor":49,"key":"PURGE"}],"neow_cost":"NONE","seed_source_timestamp":353886765274862,"circlet_count":0,"master_deck":["Defend_G+1","Survivor+1","Neutralize+1","Predator+1","Tactician+1","Doppelganger+1","Blur+1","Poisoned Stab+1","Infinite Blades+1","Burst+1","Prepared+1","Catalyst+1","Ghostly+1","Ghostly+1","Ghostly+1","Ghostly+1","Ghostly+1","Caltrops+1","Noxious Fumes+1","Tools of the Trade+1","Bullet Time+1","Calculated Gamble+1","Grand Finale+1","Mayhem+1","Accuracy+1"],"special_seed":0,"relics":["Ring of the Snake","Tingsha","Juzu Bracelet","Tiny Chest","Runic Pyramid","War Paint","Red Mask","Regal Pillow","Bottled Lightning","Singing Bowl","Philosopher\u0027s Stone","Peace Pipe","Frozen Egg 2","Dream Catcher","Mark of the Bloom"],"potions_floor_usage":[50,50,50],"damage_taken":[{"damage":7.0,"enemies":"Small Slimes","floor":1.0,"turns":7.0},{"damage":1.0,"enemies":"Jaw Worm","floor":3.0,"turns":5.0},{"damage":36.0,"enemies":"Lagavulin","floor":7.0,"turns":7.0},{"damage":8.0,"enemies":"3 Sentries","floor":10.0,"turns":11.0},{"damage":0.0,"enemies":"2 Louse","floor":14.0,"turns":2.0},{"damage":0.0,"enemies":"The Guardian","floor":16.0,"turns":12.0},{"damage":3.0,"enemies":"Spheric Guardian","floor":18.0,"turns":11.0},{"damage":28.0,"enemies":"Masked Bandits","floor":21.0,"turns":5.0},{"damage":2.0,"enemies":"Book of Stabbing","floor":24.0,"turns":10.0},{"damage":4.0,"enemies":"Slavers","floor":29.0,"turns":6.0},{"damage":0.0,"enemies":"3 Byrds","floor":31.0,"turns":4.0},{"damage":3.0,"enemies":"Champ","floor":33.0,"turns":7.0},{"damage":0.0,"enemies":"3 Shapes","floor":35.0,"turns":8.0},{"damage":6.0,"enemies":"Mysterious Sphere","floor":36.0,"turns":6.0},{"damage":4.0,"enemies":"Orb Walker","floor":41.0,"turns":5.0},{"damage":1.0,"enemies":"Sphere and 2 Shapes","floor":42.0,"turns":5.0},{"damage":5.0,"enemies":"Reptomancer","floor":48.0,"turns":6.0},{"damage":32,"enemies":"Awakened One","floor":50,"turns":9}],"seed_played":"95616246983837058","potions_obtained":[{"floor":1.0,"key":"Strength Potion"},{"floor":10.0,"key":"Poison Potion"},{"floor":16.0,"key":"LiquidBronze"},{"floor":18.0,"key":"Poison Potion"},{"floor":24.0,"key":"SkillPotion"},{"floor":29.0,"key":"PowerPotion"},{"floor":33.0,"key":"Fruit Juice"},{"floor":36.0,"key":"Swift Potion"},{"floor":48.0,"key":"GamblersBrew"}],"is_trial":false,"path_per_floor":["M","$","M","?","?","R","E","R","T","E","?","?","$","M","R","B",null,"M","?","$","?","?","R","E","R","T","?","?","E","R","M","R","B",null,"M","?","$","?","?","R","M","M","T","$","T","?","R","M","R"],"character_chosen":"THE_SILENT","items_purchased":["Infinite Blades","Grand Finale","Accuracy+1","Swift Potion"],"campfire_rested":2,"item_purchase_floors":[13,37,44,44],"current_hp_per_floor":[63,63,62,48,48,48,12,33,33,25,25,25,25,25,46,46,70,67,67,67,39,35,35,33,33,33,33,33,29,29,31,31,28,37,42,38,38,38,38,38,36,37,37,37,37,37,37,32,32,0],"gold":81,"neow_bonus":"REMOVE_CARD","is_prod":false,"is_daily":false,"chose_seed":false,"campfire_upgraded":6,"win_rate":0,"timestamp":1539800068,"path_taken":["M","$","M","?","?","R","E","R","T","E","?","?","$","M","R","BOSS","M","?","$","?","?","R","E","R","T","?","?","E","R","M","R","BOSS","M","?","$","?","?","R","M","M","T","?","?","?","R","M","R","BOSS"],"build_version":"2018-10-11","purchased_purges":3,"victory":false,"max_hp_per_floor":[70,70,70,70,70,70,70,70,70,70,70,70,70,70,70,70,70,70,70,70,70,35,35,35,35,35,35,35,35,35,37,37,37,37,42,44,44,44,44,44,46,48,48,48,48,48,48,50,50,50],"card_choices":[{"not_picked":["Acrobatics","Backflip"],"picked":"Predator","floor":1.0},{"not_picked":["Crippling Poison","Underhanded Strike"],"picked":"Tactician","floor":3.0},{"not_picked":["Burst","Dagger Throw"],"picked":"Doppelganger","floor":7.0},{"not_picked":["Prepared","Tactician"],"picked":"Blur","floor":10.0},{"not_picked":["Eviscerate","Riddle With Holes","Backflip"],"picked":"SKIP","floor":14.0},{"not_picked":["Storm of Steel","Corpse Explosion"],"picked":"Burst","floor":16.0},{"not_picked":["Backflip+1","Dagger Spray"],"picked":"Prepared+1","floor":18.0},{"not_picked":["Concentrate","Outmaneuver"],"picked":"Catalyst","floor":21.0},{"not_picked":["Doppelganger","Dagger Throw"],"picked":"Caltrops","floor":24.0},{"not_picked":["Dagger Throw","Deflect"],"picked":"Tools of the Trade","floor":29.0},{"not_picked":["All Out Attack","Backflip","Underhanded Strike"],"picked":"Singing Bowl","floor":31.0},{"not_picked":["Phantasmal Killer","A Thousand Cuts"],"picked":"Bullet Time","floor":33.0},{"not_picked":["Bane","Deadly Poison"],"picked":"Calculated Gamble","floor":35.0},{"not_picked":["Outmaneuver","Prepared","Backflip+1"],"picked":"Singing Bowl","floor":36.0},{"not_picked":["Jack Of All Trades","Impatience"],"picked":"Mayhem","floor":38.0},{"not_picked":["Finisher+1","Dodge and Roll","Dagger Spray+1"],"picked":"Singing Bowl","floor":41.0},{"not_picked":["Deflect+1","Catalyst+1","Footwork"],"picked":"Singing Bowl","floor":42.0},{"not_picked":["Dagger Throw+1","Acrobatics+1","Dodge and Roll+1"],"picked":"Singing Bowl","floor":48.0}],"player_experience":513452,"relics_obtained":[{"floor":7.0,"key":"Tingsha"},{"floor":9.0,"key":"Juzu Bracelet"},{"floor":10.0,"key":"Tiny Chest"},{"floor":21.0,"key":"Red Mask"},{"floor":24.0,"key":"Regal Pillow"},{"floor":26.0,"key":"Bottled Lightning"},{"floor":29.0,"key":"Singing Bowl"},{"floor":36.0,"key":"Peace Pipe"},{"floor":43.0,"key":"Frozen Egg 2"},{"floor":45.0,"key":"Dream Catcher"}],"event_choices":[{"event_name":"Shining Light","player_choice":"Entered Light","floor":4.0,"damage_taken":0.0},{"event_name":"The Cleric","player_choice":"Card Removal","floor":5.0,"damage_taken":0.0},{"event_name":"Living Wall","player_choice":"Forget","floor":11.0,"damage_taken":0.0},{"event_name":"Match and Keep!","player_choice":"1 cards matched","floor":12.0,"damage_taken":0.0},{"event_name":"Addict","player_choice":"Obtained Relic","floor":19.0,"damage_taken":0.0},{"event_name":"Masked Bandits","player_choice":"Fought Bandits","floor":21.0,"damage_taken":0.0},{"event_name":"Ghosts","player_choice":"Became a Ghost","floor":22.0,"damage_taken":0.0},{"event_name":"The Library","player_choice":"Read","floor":27.0,"damage_taken":0.0},{"event_name":"Beggar","player_choice":"Gave Gold","floor":28.0,"damage_taken":0.0},{"event_name":"Mysterious Sphere","player_choice":"Fight","floor":36.0,"damage_taken":0.0},{"event_name":"SensoryStone","player_choice":"Memory 1","floor":38.0,"damage_taken":0.0},{"event_name":"Tomb of Lord Red Mask","player_choice":"Wore Mask","floor":39.0,"damage_taken":0.0},{"event_name":"MindBloom","player_choice":"Upgrade","floor":46.0,"damage_taken":0.0}],"is_beta":false,"boss_relics":[{"not_picked":["Snecko Eye","Ring of the Serpent"],"picked":"Runic Pyramid"},{"not_picked":["White Beast Statue","WristBlade"],"picked":"Philosopher\u0027s Stone"}],"items_purged_floors":[2,37,44],"is_endless":false,"potions_floor_spawned":[1,10,16,18,24,29,33,36,48],"killed_by":"Awakened One","ascension_level":4}