{"gold_per_floor":[114,64,23,23,23,57,18,18,41,41,61,89,18,93,93,194,194,204,204,218,218,232,232,260,260,309,409,409],"floor_reached":28,"playtime":2597,"items_purged":[],"score":377,"play_id":"1685eda7-6387-459a-9438-8b97cb965b7b","local_time":"20190813221557","is_ascension_mode":true,"campfire_choices":[{"data":"Ball Lightning","floor":10,"key":"SMITH"},{"data":"Sunder","floor":15,"key":"SMITH"},{"floor":23,"key":"REST"},{"floor":25,"key":"REST"}],"neow_cost":"NONE","seed_source_timestamp":269418665243000,"circlet_count":0,"master_deck":["Strike_B","Strike_B+1","Strike_B","Defend_B","Defend_B","Defend_B","Zap","Dualcast","Ball Lightning+1","Melter","FTL+1","Chaos","Gash","Sunder+1","All For One","Skim","Conserve Battery","White Noise","Redo","Coolheaded"],"relics":["Cracked Core","Anchor","Happy Flower","Dream Catcher","Whetstone","Nuclear Battery","Enchiridion","Gambling Chip","Juzu Bracelet","Ice Cream","Ornamental Fan"],"potions_floor_usage":[6,12,16,22,24,27],"damage_taken":[{"damage":0,"enemies":"Small Slimes","floor":1,"turns":2},{"damage":40,"enemies":"Lagavulin","floor":6,"turns":4},{"damage":0,"enemies":"Cultist","floor":11,"turns":2},{"damage":10,"enemies":"Gremlin Nob","floor":12,"turns":3},{"damage":0,"enemies":"Slime Boss","floor":16,"turns":4},{"damage":11,"enemies":"Shell Parasite","floor":18,"turns":3},{"damage":0,"enemies":"Chosen","floor":20,"turns":3},{"damage":9,"enemies":"Snake Plant","floor":22,"turns":2},{"damage":12,"enemies":"Slavers","floor":24,"turns":5},{"damage":12,"enemies":"Colosseum Slavers","floor":27,"turns":4},{"damage":40,"enemies":"Colosseum Nobs","floor":27,"turns":4},{"damage":18,"enemies":"Snecko","floor":28,"turns":2}],"seed_played":"88838968882348748","potions_obtained":[{"floor":1,"key":"SteroidPotion"},{"floor":11,"key":"AttackPotion"},{"floor":16,"key":"Fruit Juice"},{"floor":18,"key":"FocusPotion"},{"floor":22,"key":"PowerPotion"},{"floor":24,"key":"SneckoOil"}],"is_trial":false,"path_per_floor":["M","?","$","?","$","E","$","?","T","R","M","E","$","?","R","B",null,"M","?","M","?","M","R","E","R","T","?","M"],"character_chosen":"DEFECT","items_purchased":["Melter","FTL","Sunder"],"campfire_rested":2,"item_purchase_floors":[3,7,13],"current_hp_per_floor":[68,68,68,61,61,21,21,75,75,75,75,65,65,54,54,59,75,64,48,48,33,24,49,37,62,62,10,0],"gold":409,"neow_bonus":"RANDOM_COMMON_RELIC","is_prod":false,"is_daily":false,"chose_seed":false,"campfire_upgraded":2,"win_rate":0,"timestamp":1565759757,"path_taken":["M","?","$","?","$","E","$","?","T","R","?","E","?","?","R","BOSS","M","?","M","?","M","R","E","R","T","?","M"],"build_version":"2019-07-17","purchased_purges":0,"victory":false,"max_hp_per_floor":[75,75,75,75,75,75,75,75,75,75,75,75,75,75,75,80,80,80,80,80,85,85,85,85,85,85,85,85],"card_choices":[{"not_picked":["BootSequence","Recycle"],"picked":"Ball Lightning","floor":1},{"not_picked":["Rip and Tear","Doom and Gloom"],"picked":"Undo","floor":6},{"not_picked":["Stack","Compile Driver"],"picked":"Chaos","floor":11},{"not_picked":["Sunder","Glacier"],"picked":"Gash","floor":12},{"not_picked":["Buffer","Biased Cognition"],"picked":"All For One","floor":16},{"not_picked":["Leap","Heatsinks"],"picked":"Skim","floor":18},{"not_picked":["Ball Lightning+1","Stack"],"picked":"Conserve Battery","floor":20},{"not_picked":["Self Repair","Redo+1"],"picked":"White Noise","floor":22},{"not_picked":["Hello World","Rebound"],"picked":"Redo","floor":24},{"not_picked":["Loop","Rebound"],"picked":"Coolheaded","floor":27}],"player_experience":350217,"relics_obtained":[{"floor":6,"key":"Happy Flower"},{"floor":9,"key":"Dream Catcher"},{"floor":12,"key":"Whetstone"},{"floor":19,"key":"Enchiridion"},{"floor":24,"key":"Gambling Chip"},{"floor":26,"key":"Juzu Bracelet"},{"floor":27,"key":"Ice Cream"},{"floor":27,"key":"Ornamental Fan"}],"event_choices":[{"cards_removed":["Strike_B"],"damage_healed":0,"gold_gain":0,"player_choice":"Card Removal","damage_taken":0,"max_hp_gain":0,"max_hp_loss":0,"event_name":"The Cleric","floor":2,"gold_loss":50},{"cards_removed":["Defend_B"],"damage_healed":0,"gold_gain":0,"player_choice":"Card Removal","damage_taken":7,"max_hp_gain":0,"max_hp_loss":0,"event_name":"Golden Wing","floor":4,"gold_loss":0},{"cards_removed":["Undo"],"damage_healed":54,"gold_gain":0,"player_choice":"Offered Uncommon","damage_taken":0,"max_hp_gain":0,"max_hp_loss":0,"event_name":"Bonfire Elementals","floor":8,"gold_loss":0},{"damage_healed":0,"gold_gain":75,"player_choice":"Gather Gold","damage_taken":11,"max_hp_gain":0,"max_hp_loss":0,"event_name":"World of Goop","floor":14,"gold_loss":0},{"damage_healed":0,"gold_gain":0,"player_choice":"Obtained Book","damage_taken":16,"max_hp_gain":0,"max_hp_loss":0,"event_name":"Cursed Tome","floor":19,"gold_loss":0},{"damage_healed":0,"gold_gain":0,"player_choice":"Shed Blood","damage_taken":20,"max_hp_gain":5,"max_hp_loss":0,"event_name":"Forgotten Altar","floor":21,"gold_loss":0},{"damage_healed":0,"gold_gain":0,"player_choice":"Fight","damage_taken":0,"max_hp_gain":0,"max_hp_loss":0,"event_name":"Colosseum","floor":27,"gold_loss":0},{"damage_healed":0,"gold_gain":0,"player_choice":"Fought Nobs","damage_taken":0,"max_hp_gain":0,"max_hp_loss":0,"event_name":"Colosseum","floor":27,"gold_loss":0}],"is_beta":false,"boss_relics":[{"not_picked":["Orrery","Coffee Dripper"],"picked":"Nuclear Battery"}],"items_purged_floors":[],"is_endless":false,"potions_floor_spawned":[1,11,16,18,22,24,27],"killed_by":"Snecko","ascension_level":6}