{"gold_per_floor":[110,35,51,69,89,89,113,113,136,147,162,191,156,331,331,331],"floor_reached":16,"playtime":1167,"items_purged":["Strike_R"],"score":122,"play_id":"d4a44035-95f5-4839-9234-31903caf8e5e","local_time":"20190316235745","is_ascension_mode":true,"campfire_choices":[{"data":"Armaments","floor":6,"key":"SMITH"},{"data":"Rupture","floor":8,"key":"SMITH"},{"floor":15,"key":"REST"}],"neow_cost":"TEN_PERCENT_HP_LOSS","seed_source_timestamp":352680059720359,"circlet_count":0,"master_deck":["Strike_R","Strike_R","Strike_R","Strike_R","Defend_R","Defend_R","Defend_R","Defend_R","Bash","Havoc","Battle Trance","Inflame","Armaments+1","Rupture+1","Feed","Offering","Doubt"],"relics":["Burning Blood","Peace Pipe","Odd Mushroom","Anchor","Boot"],"potions_floor_usage":[5,12,16],"damage_taken":[{"damage":6,"enemies":"Cultist","floor":1,"turns":3},{"damage":13,"enemies":"Small Slimes","floor":3,"turns":4},{"damage":1,"enemies":"2 Louse","floor":4,"turns":4},{"damage":6,"enemies":"2 Fungi Beasts","floor":5,"turns":3},{"damage":20,"enemies":"The Mushroom Lair","floor":7,"turns":4},{"damage":14,"enemies":"3 Louse","floor":10,"turns":3},{"damage":14,"enemies":"Lots of Slimes","floor":11,"turns":4},{"damage":25,"enemies":"3 Sentries","floor":12,"turns":9},{"damage":63,"enemies":"Slime Boss","floor":16,"turns":12}],"seed_played":"-4650695102973633008","potions_obtained":[{"floor":1,"key":"FearPotion"},{"floor":3,"key":"FearPotion"},{"floor":7,"key":"Swift Potion"}],"is_trial":false,"path_per_floor":["M","$","M","M","M","R","?","R","T","M","M","E","?","?","R","B"],"character_chosen":"IRONCLAD","items_purchased":[],"campfire_rested":1,"item_purchase_floors":[],"current_hp_per_floor":[72,72,65,70,70,70,56,56,56,48,43,28,47,47,70,7],"gold":331,"neow_bonus":"ONE_RARE_RELIC","is_prod":false,"is_daily":false,"chose_seed":false,"campfire_upgraded":2,"win_rate":0,"timestamp":1552805865,"path_taken":["M","$","M","M","M","R","?","R","T","M","M","E","?","?","R","BOSS"],"build_version":"2019-01-23","purchased_purges":1,"victory":false,"max_hp_per_floor":[72,72,72,72,72,72,72,72,72,72,75,79,79,79,79,79],"card_choices":[{"not_picked":["Flame Barrier","Twin Strike"],"picked":"Havoc","floor":1},{"not_picked":["True Grit","Rage"],"picked":"Battle Trance","floor":3},{"not_picked":["Carnage","Thunderclap"],"picked":"Inflame","floor":4},{"not_picked":["Flex","Bloodletting"],"picked":"Armaments","floor":5},{"not_picked":["True Grit","Flex"],"picked":"Rupture","floor":7},{"not_picked":["Thunderclap","Headbutt"],"picked":"Feed","floor":10},{"not_picked":["Evolve","Havoc","Armaments"],"picked":"SKIP","floor":11},{"not_picked":["Sword Boomerang","Pommel Strike"],"picked":"Offering","floor":12}],"player_experience":158505,"relics_obtained":[{"floor":7,"key":"Odd Mushroom"},{"floor":9,"key":"Anchor"},{"floor":12,"key":"Boot"}],"event_choices":[{"damage_healed":0,"gold_gain":0,"player_choice":"Fought Mushrooms","damage_taken":0,"max_hp_gain":0,"max_hp_loss":0,"event_name":"Mushrooms","floor":7,"gold_loss":0},{"damage_healed":19,"gold_gain":0,"player_choice":"Healed","damage_taken":0,"max_hp_gain":0,"max_hp_loss":0,"event_name":"The Cleric","floor":13,"gold_loss":35},{"damage_healed":0,"gold_gain":175,"player_choice":"AGREE","damage_taken":0,"max_hp_gain":0,"max_hp_loss":0,"event_name":"Liars Game","floor":14,"gold_loss":0,"cards_obtained":["Doubt"]}],"is_beta":false,"boss_relics":[],"items_purged_floors":[2],"is_endless":false,"potions_floor_spawned":[1,3,7],"killed_by":"Slime Boss","ascension_level":4}