{"gold_per_floor":[118,118,193,193,205,205,237,252,279,308,383,383,399,419,419,523,523,536,556,556,481,551,551,208,221,221,235,235,270,287,297,297,400,400,413,424,324,324,339,339,177,191,191,210,210,11,11,36,36,36],"floor_reached":51,"playtime":2406,"items_purged":["Strike_R","Strike_R","Strike_R","Pain","Strike_R"],"score":777,"play_id":"2840b7d1-6578-4f1b-9430-6826d65b8a0b","local_time":"20190807153533","is_ascension_mode":false,"campfire_choices":[{"data":"Bash","floor":6.0,"key":"SMITH"},{"data":"Feed","floor":12.0,"key":"SMITH"},{"floor":15.0,"key":"REST"},{"data":"Brutality","floor":23.0,"key":"SMITH"},{"data":"True Grit","floor":28.0,"key":"SMITH"},{"data":"Demon Form","floor":32.0,"key":"SMITH"},{"floor":40,"key":"REST"},{"floor":45,"key":"REST"},{"floor":47,"key":"REST"},{"floor":49,"key":"REST"}],"neow_cost":"NONE","seed_source_timestamp":422712241872987,"circlet_count":0,"master_deck":["Defend_R","Defend_R+1","Defend_R","Defend_R","Bash+1","Twin Strike+1","Cleave","Feed+1","Reaper","Demon Form+1","Armaments+1","Brutality+1","Battle Trance","Shrug It Off","True Grit+1","Shrug It Off","Warcry+1","Flame Barrier+1","Shrug It Off","Offering","Heavy Blade","Ghostly Armor+1","Shrug It Off"],"special_seed":0,"relics":["Burning Blood","Bag of Marbles","Anchor","Potion Belt","Regal Pillow","Runic Dome","The Courier","Tiny Chest","Kunai","Matryoshka","Fusion Hammer","WarpedTongs","Question Card","Pear","Happy Flower","Lantern"],"potions_floor_usage":[33,33,36,36,50,50,50,50],"damage_taken":[{"damage":2.0,"enemies":"2 Louse","floor":1.0,"turns":3.0},{"damage":0.0,"enemies":"Small Slimes","floor":5.0,"turns":3.0},{"damage":14.0,"enemies":"Gremlin Nob","floor":7.0,"turns":3.0},{"damage":1.0,"enemies":"Jaw Worm","floor":8.0,"turns":2.0},{"damage":36.0,"enemies":"Lagavulin","floor":10.0,"turns":6.0},{"damage":0.0,"enemies":"Looter","floor":13.0,"turns":2.0},{"damage":8.0,"enemies":"Gremlin Gang","floor":14.0,"turns":3.0},{"damage":67.0,"enemies":"The Guardian","floor":16.0,"turns":17.0},{"damage":24.0,"enemies":"Shell Parasite","floor":18.0,"turns":5.0},{"damage":2.0,"enemies":"3 Byrds","floor":19.0,"turns":5.0},{"damage":18.0,"enemies":"Snake Plant","floor":25.0,"turns":6.0},{"damage":29.0,"enemies":"Chosen and Byrds","floor":27.0,"turns":7.0},{"damage":36.0,"enemies":"Book of Stabbing","floor":29.0,"turns":7.0},{"damage":8.0,"enemies":"Snecko","floor":30.0,"turns":4.0},{"damage":7.0,"enemies":"Snake Plant","floor":31.0,"turns":8.0},{"damage":12,"enemies":"Champ","floor":33,"turns":11},{"damage":10,"enemies":"3 Shapes","floor":35,"turns":5},{"damage":8,"enemies":"Orb Walker","floor":36,"turns":3},{"damage":33,"enemies":"Jaw Worm Horde","floor":39,"turns":5},{"damage":25,"enemies":"Spire Growth","floor":42,"turns":5},{"damage":16,"enemies":"4 Shapes","floor":44,"turns":5},{"damage":29,"enemies":"Donu and Deca","floor":50,"turns":9}],"seed_played":"8190289915010952538","potions_obtained":[{"floor":5.0,"key":"EssenceOfSteel"},{"floor":8.0,"key":"EssenceOfSteel"},{"floor":13.0,"key":"SmokeBomb"},{"floor":14.0,"key":"Weak Potion"},{"floor":16.0,"key":"Fire Potion"},{"floor":25.0,"key":"SteroidPotion"},{"floor":27.0,"key":"FearPotion"},{"floor":33,"key":"Swift Potion"},{"floor":35,"key":"PowerPotion"},{"floor":36,"key":"Ancient Potion"},{"floor":39,"key":"Energy Potion"},{"floor":42,"key":"SkillPotion"}],"is_trial":false,"path_per_floor":["M","?","?","?","M","R","E","M","T","E","?","R","M","M","R","B",null,"M","M","?","$","T","R","$","M","T","M","R","E","M","M","R","B",null,"M","M","$","?","M","R","$","M","T","M","R","$","R","T","R","B",null],"character_chosen":"IRONCLAD","items_purchased":["Battle Trance","Shrug It Off","Tiny Chest","True Grit","Shrug It Off","Shrug It Off","EssenceOfSteel"],"campfire_rested":5,"item_purchase_floors":[24,24,24,24,24,41,46],"current_hp_per_floor":[80,80,69,53,59,59,51,59,59,32,24,24,30,32,74,19,90,76,93,93,93,93,93,93,92,92,76,76,57,59,62,62,86,110,110,112,112,112,95,122,122,107,117,130,140,140,140,140,140,144],"gold":36,"neow_bonus":"RANDOM_COMMON_RELIC","is_prod":false,"is_daily":false,"chose_seed":false,"campfire_upgraded":5,"win_rate":0,"timestamp":1565206533,"path_taken":["M","?","?","?","M","R","E","?","T","E","?","R","?","M","R","BOSS","M","M","?","$","?","R","$","M","T","M","R","E","M","M","R","BOSS","M","M","$","?","?","R","$","M","T","M","R","?","R","?","R","BOSS"],"build_version":"2019-07-17","purchased_purges":5,"victory":true,"max_hp_per_floor":[80,80,80,80,80,80,80,83,83,86,86,86,86,90,90,90,90,94,98,98,98,98,98,98,102,102,102,102,102,106,110,110,110,110,114,118,118,118,122,122,122,126,136,140,140,140,140,140,140,144],"card_choices":[{"not_picked":["Anger","Clothesline"],"picked":"Twin Strike","floor":1.0},{"not_picked":["Iron Wave","Clash"],"picked":"Cleave","floor":5.0},{"not_picked":["Heavy Blade","Reckless Charge"],"picked":"Feed","floor":7.0},{"not_picked":["Clash","Feel No Pain","Second Wind"],"picked":"SKIP","floor":8.0},{"not_picked":["Havoc","Rupture"],"picked":"Reaper","floor":10.0},{"not_picked":["Clash","Hemokinesis","Corruption"],"picked":"SKIP","floor":13.0},{"not_picked":["Clothesline","Pommel Strike","Rupture"],"picked":"SKIP","floor":14.0},{"not_picked":["Immolate","Berserk"],"picked":"Demon Form","floor":16.0},{"not_picked":["Reckless Charge","Sword Boomerang"],"picked":"Armaments+1","floor":18.0},{"not_picked":["True Grit","Armaments"],"picked":"Brutality","floor":19.0},{"not_picked":["Wild Strike","Anger"],"picked":"Warcry+1","floor":25.0},{"not_picked":["Searing Blow","Anger"],"picked":"Flame Barrier+1","floor":27.0},{"not_picked":["Barricade","Juggernaut","Iron Wave"],"picked":"SKIP","floor":29.0},{"not_picked":["Flame Barrier","Sentinel"],"picked":"Shrug It Off","floor":30.0},{"not_picked":["Thunderclap+1","Iron Wave","Body Slam"],"picked":"SKIP","floor":31.0},{"not_picked":["Immolate","Demon Form"],"picked":"Offering","floor":33},{"not_picked":["Clothesline+1","True Grit","Body Slam+1"],"picked":"SKIP","floor":35},{"not_picked":["Body Slam+1","Dual Wield"],"picked":"Heavy Blade","floor":36},{"not_picked":["Power Through+1","Sword Boomerang"],"picked":"Ghostly Armor+1","floor":39},{"not_picked":["Corruption","Twin Strike","Body Slam"],"picked":"SKIP","floor":42},{"not_picked":["Pummel","Havoc+1","Infernal Blade+1","Iron Wave+1"],"picked":"SKIP","floor":44}],"player_experience":951778,"relics_obtained":[{"floor":7.0,"key":"Anchor"},{"floor":9.0,"key":"Potion Belt"},{"floor":10.0,"key":"Regal Pillow"},{"floor":22.0,"key":"The Courier"},{"floor":26.0,"key":"Kunai"},{"floor":29.0,"key":"Matryoshka"},{"floor":43,"key":"Question Card"},{"floor":43,"key":"Pear"},{"floor":48,"key":"Happy Flower"},{"floor":48,"key":"Lantern"}],"event_choices":[{"damage_healed":0.0,"max_hp_gain":0.0,"max_hp_loss":0.0,"gold_gain":0.0,"event_name":"Liars Game","player_choice":"Ignored","floor":2.0,"gold_loss":0.0,"damage_taken":0.0},{"damage_healed":0.0,"max_hp_gain":0.0,"max_hp_loss":0.0,"gold_gain":75.0,"event_name":"World of Goop","player_choice":"Gather Gold","floor":3.0,"gold_loss":0.0,"damage_taken":11.0},{"damage_healed":0.0,"max_hp_gain":0.0,"max_hp_loss":0.0,"gold_gain":0.0,"event_name":"Shining Light","player_choice":"Entered Light","floor":4.0,"gold_loss":0.0,"damage_taken":16.0,"cards_upgraded":["Twin Strike","Defend_R"]},{"damage_healed":0.0,"max_hp_gain":0.0,"max_hp_loss":0.0,"gold_gain":75.0,"event_name":"FaceTrader","player_choice":"Touch","floor":11.0,"gold_loss":0.0,"damage_taken":8.0},{"cards_removed":["Strike_R"],"damage_healed":0.0,"max_hp_gain":0.0,"max_hp_loss":0.0,"gold_gain":0.0,"event_name":"Bonfire Elementals","player_choice":"Offered Basic","floor":20.0,"gold_loss":0.0,"damage_taken":0.0},{"damage_healed":0,"gold_gain":0,"player_choice":"Rummage","damage_taken":0,"relics_obtained":["WarpedTongs"],"max_hp_gain":0,"max_hp_loss":0,"event_name":"Accursed Blacksmith","floor":38,"gold_loss":0,"cards_obtained":["Pain"]}],"is_beta":false,"boss_relics":[{"not_picked":["Philosopher\u0027s Stone","Eternal Feather"],"picked":"Runic Dome"},{"not_picked":["White Beast Statue","Tiny House"],"picked":"Fusion Hammer"}],"items_purged_floors":[21,24,37,41,46],"is_endless":false,"potions_floor_spawned":[5,8,13,14,16,25,27,33,35,36,39,42],"ascension_level":0}