{"gold_per_floor":[119,119,34,45,45,45,83,83,108,122,155,155,173,186,186,305,305,321,321,367,48,69,69,82,82],"floor_reached":25,"playtime":2030,"items_purged":["Strike_G"],"score":366,"play_id":"e7fc4300-b6f0-46de-ae98-6b06e563f45a","local_time":"20190311124524","is_ascension_mode":true,"campfire_choices":[{"data":"Neutralize","floor":6.0,"key":"SMITH"},{"data":"All Out Attack","floor":8.0,"key":"SMITH"},{"data":"Bouncing Flask","floor":12.0,"key":"SMITH"},{"data":"Footwork","floor":15.0,"key":"SMITH"},{"data":"Night Terror","floor":23,"key":"SMITH"}],"neow_cost":"NONE","seed_source_timestamp":0,"circlet_count":0,"master_deck":["AscendersBane","Defend_G","Defend_G","Defend_G","Defend_G","Defend_G","Strike_G","Strike_G","Strike_G","Survivor","Neutralize+1","Quick Slash","All Out Attack+1","Poisoned Stab","Masterful Stab","Tools of the Trade","Bouncing Flask+1","Footwork+1","Blur","Night Terror+1","Reflex+1","Noxious Fumes"],"special_seed":0,"relics":["Ring of the Snake","Golden Idol","Pantograph","Pen Nib","Regal Pillow","Coffee Dripper","Boot","Membership Card","Art of War"],"potions_floor_usage":[18,22,25],"damage_taken":[{"damage":5.0,"enemies":"Cultist","floor":1.0,"turns":5.0},{"damage":0.0,"enemies":"2 Louse","floor":4.0,"turns":2.0},{"damage":42.0,"enemies":"Lagavulin","floor":7.0,"turns":9.0},{"damage":0.0,"enemies":"Small Slimes","floor":10.0,"turns":3.0},{"damage":0.0,"enemies":"3 Sentries","floor":11.0,"turns":5.0},{"damage":9.0,"enemies":"Exordium Wildlife","floor":13.0,"turns":2.0},{"damage":2.0,"enemies":"Lots of Slimes","floor":14.0,"turns":4.0},{"damage":6.0,"enemies":"Hexaghost","floor":16.0,"turns":11.0},{"damage":0,"enemies":"3 Byrds","floor":18,"turns":3},{"damage":3,"enemies":"Chosen","floor":22,"turns":6},{"damage":16,"enemies":"Centurion and Healer","floor":24,"turns":9},{"damage":41,"enemies":"Gremlin Leader","floor":25,"turns":4}],"seed_played":"-4706680597301606756","potions_obtained":[{"floor":4.0,"key":"LiquidBronze"},{"floor":13.0,"key":"Dexterity Potion"},{"floor":16.0,"key":"GamblersBrew"},{"floor":22,"key":"Dexterity Potion"}],"is_trial":false,"path_per_floor":["M","?","$","M","?","R","E","R","T","M","E","R","M","M","R","B",null,"M","?","T","$","M","R","M","E"],"character_chosen":"THE_SILENT","items_purchased":["All Out Attack","Poisoned Stab","Membership Card","Art of War"],"campfire_rested":0,"item_purchase_floors":[3,3,21,21],"current_hp_per_floor":[58,63,63,63,63,63,21,21,21,21,21,21,12,10,10,29,59,59,59,59,59,56,56,40,0],"gold":82,"neow_bonus":"REMOVE_CARD","is_prod":false,"is_daily":false,"chose_seed":false,"campfire_upgraded":5,"win_rate":0,"timestamp":1552322724,"path_taken":["M","?","$","M","?","R","E","R","T","M","E","R","M","M","R","BOSS","M","?","?","$","M","R","M","E"],"build_version":"2019-01-23","purchased_purges":1,"victory":false,"max_hp_per_floor":[70,75,75,75,69,69,69,69,69,69,69,69,69,69,69,69,69,69,69,69,69,69,69,69,69],"card_choices":[{"not_picked":["Cloak And Dagger","Blade Dance"],"picked":"Quick Slash","floor":1.0},{"not_picked":["Bane","Dagger Spray","Deflect"],"picked":"SKIP","floor":4.0},{"not_picked":["Quick Slash","Flechettes"],"picked":"Masterful Stab","floor":7.0},{"not_picked":["Escape Plan","Quick Slash"],"picked":"Tools of the Trade","floor":10.0},{"not_picked":["Outmaneuver","Acrobatics"],"picked":"Bouncing Flask","floor":11.0},{"not_picked":["Infinite Blades","Heel Hook"],"picked":"Footwork","floor":13.0},{"not_picked":["Dagger Spray","Dodge and Roll"],"picked":"Blur","floor":14.0},{"not_picked":["Die Die Die","Adrenaline"],"picked":"Night Terror","floor":16.0},{"not_picked":["Quick Slash","Acrobatics"],"picked":"Reflex+1","floor":18},{"not_picked":["Deflect","Slice","Distraction+1"],"picked":"SKIP","floor":22},{"not_picked":["Deflect","Slice","Distraction+1"],"picked":"SKIP","floor":22},{"not_picked":["Sucker Punch","Eviscerate"],"picked":"Noxious Fumes","floor":24}],"player_experience":765021,"relics_obtained":[{"floor":7.0,"key":"Pantograph"},{"floor":9.0,"key":"Pen Nib"},{"floor":11.0,"key":"Regal Pillow"},{"floor":20,"key":"Boot"}],"event_choices":[{"damage_healed":0.0,"max_hp_gain":5.0,"max_hp_loss":0.0,"gold_gain":0.0,"event_name":"Big Fish","player_choice":"Donut","floor":2.0,"gold_loss":0.0,"damage_taken":0.0},{"damage_healed":0.0,"max_hp_gain":0.0,"max_hp_loss":6.0,"gold_gain":0.0,"event_name":"Golden Idol","player_choice":"Lose Max HP","floor":5.0,"gold_loss":0.0,"damage_taken":0.0,"relics_obtained":["Golden Idol"]},{"damage_healed":0,"gold_gain":0,"player_choice":"Ignored","damage_taken":0,"max_hp_gain":0,"max_hp_loss":0,"event_name":"Ghosts","floor":19,"gold_loss":0}],"is_beta":false,"boss_relics":[{"not_picked":["HoveringKite","Fusion Hammer"],"picked":"Coffee Dripper"}],"items_purged_floors":[21],"is_endless":false,"potions_floor_spawned":[4,13,14,16,22],"killed_by":"Gremlin Leader","ascension_level":11}