{"gold_per_floor":[109,284,284,95,45,80,80,113,189,217,117,144,159,169,169,265,265,280,280,195,70,90,90,121,121,146,177,190,201,214,224,224,326,376,391,409,409,259,259,270,300,300,326,356,356,373,402,417,417,417],"floor_reached":50,"playtime":5164,"items_purged":["Doubt","Defend_B","Strike_B","Strike_B+1"],"score":694,"play_id":"a3368c61-704d-4c84-ac4c-a5afbd3aaae7","local_time":"20190807011025","is_ascension_mode":true,"campfire_choices":[{"floor":7,"key":"REST"},{"floor":15,"key":"REST"},{"data":"Streamline","floor":23,"key":"SMITH"},{"floor":25,"key":"REST"},{"floor":32,"key":"REST"},{"floor":42,"key":"REST"},{"data":"Biased Cognition","floor":45,"key":"SMITH"},{"floor":49,"key":"REST"}],"neow_cost":"NONE","seed_source_timestamp":92299200041464,"circlet_count":0,"master_deck":["Strike_B+1","Defend_B","Defend_B","Zap","Dualcast","Leap","Trip","Streamline+1","Undo","FTL","Rip and Tear+1","Sweeping Beam+1","Cold Snap","Go for the Eyes","Biased Cognition+1","Hologram","Chill+1","Amplify","Tempest","Barrage+1","Undo+1","Rebound+1","Sunder+1","Gash+1","White Noise","Scrape+1"],"relics":["Cracked Core","Bottled Flame","Peace Pipe","Kunai","Bag of Marbles","Odd Mushroom","Busted Crown","Du-Vu Doll","Matryoshka","Strawberry","Dream Catcher","Oddly Smooth Stone","Tiny House","Bronze Scales","Blood Vial","Whetstone","Singing Bowl","Orichalcum"],"potions_floor_usage":[10,16,24,24,27,31,35,40,48,48,50,50],"damage_taken":[{"damage":0,"enemies":"Cultist","floor":1,"turns":3},{"damage":43,"enemies":"Gremlin Nob","floor":6,"turns":5},{"damage":18,"enemies":"3 Sentries","floor":8,"turns":10},{"damage":7,"enemies":"Gremlin Nob","floor":10,"turns":4},{"damage":10,"enemies":"The Mushroom Lair","floor":12,"turns":3},{"damage":0,"enemies":"Small Slimes","floor":13,"turns":2},{"damage":0,"enemies":"2 Louse","floor":14,"turns":2},{"damage":3,"enemies":"Hexaghost","floor":16,"turns":9},{"damage":0,"enemies":"Chosen","floor":18,"turns":3},{"damage":20,"enemies":"2 Thieves","floor":22,"turns":3},{"damage":33,"enemies":"Slavers","floor":24,"turns":4},{"damage":18,"enemies":"Gremlin Leader","floor":27,"turns":9},{"damage":0,"enemies":"Centurion and Healer","floor":28,"turns":4},{"damage":0,"enemies":"3 Cultists","floor":29,"turns":6},{"damage":6,"enemies":"Chosen and Byrds","floor":30,"turns":5},{"damage":8,"enemies":"Snake Plant","floor":31,"turns":3},{"damage":31,"enemies":"Automaton","floor":33,"turns":15},{"damage":1,"enemies":"3 Darklings","floor":35,"turns":6},{"damage":4,"enemies":"Orb Walker","floor":36,"turns":3},{"damage":0,"enemies":"3 Darklings","floor":40,"turns":6},{"damage":58,"enemies":"Giant Head","floor":41,"turns":8},{"damage":0,"enemies":"Reptomancer","floor":44,"turns":7},{"damage":14,"enemies":"Jaw Worm Horde","floor":46,"turns":3},{"damage":16,"enemies":"Nemesis","floor":47,"turns":7},{"damage":0,"enemies":"Transient","floor":48,"turns":5},{"damage":98,"enemies":"Time Eater","floor":50,"turns":11}],"seed_played":"-6270361268536122296","potions_obtained":[{"floor":1,"key":"Dexterity Potion"},{"floor":8,"key":"Block Potion"},{"floor":10,"key":"SpeedPotion"},{"floor":14,"key":"Regen Potion"},{"floor":16,"key":"Strength Potion"},{"floor":27,"key":"Fire Potion"},{"floor":29,"key":"Swift Potion"},{"floor":33,"key":"FocusPotion"},{"floor":34,"key":"Dexterity Potion"},{"floor":41,"key":"Explosive Potion"},{"floor":46,"key":"Swift Potion"},{"floor":47,"key":"FocusPotion"},{"floor":48,"key":"Regen Potion"}],"is_trial":false,"path_per_floor":["M","?","?","$","?","E","R","E","T","E","$","?","M","M","R","B",null,"M","?","?","$","M","R","E","R","T","E","M","M","M","M","R","B",null,"M","M","?","$","?","M","E","R","T","E","R","M","E","M","R","B"],"character_chosen":"DEFECT","items_purchased":["Trip","Streamline"],"campfire_rested":6,"item_purchase_floors":[4,4],"current_hp_per_floor":[82,82,66,66,66,23,47,29,29,22,22,12,12,12,36,48,82,82,66,66,66,46,46,13,39,46,28,28,28,22,14,42,11,99,98,94,94,94,94,94,36,65,65,67,67,55,41,45,75,0],"gold":417,"neow_bonus":"TEN_PERCENT_HP_BONUS","is_prod":false,"is_daily":false,"chose_seed":false,"campfire_upgraded":2,"win_rate":0,"timestamp":1565165425,"path_taken":["M","?","?","$","?","E","R","E","T","E","$","?","M","?","R","BOSS","M","?","?","$","M","R","E","R","T","E","M","M","M","M","R","BOSS","M","M","?","$","?","M","E","R","T","E","R","M","E","M","R","BOSS"],"build_version":"2019-07-17","purchased_purges":4,"victory":false,"max_hp_per_floor":[82,82,82,82,82,82,82,82,82,82,82,82,82,82,82,82,82,82,87,87,87,87,87,87,87,94,94,94,94,94,94,94,94,99,99,99,99,99,99,99,99,99,99,99,99,99,99,101,101,101],"card_choices":[{"not_picked":["Chaos","Steam Power"],"picked":"Leap","floor":1},{"not_picked":["Stack","Genetic Algorithm"],"picked":"Undo","floor":6},{"not_picked":["Hologram","Redo"],"picked":"FTL","floor":8},{"not_picked":["Leap","Steam Power"],"picked":"Rip and Tear","floor":10},{"not_picked":["Genetic Algorithm","Skim"],"picked":"Sweeping Beam","floor":12},{"not_picked":["Auto Shields","Gash"],"picked":"Cold Snap","floor":13},{"not_picked":["Compile Driver","Self Repair"],"picked":"Go for the Eyes","floor":14},{"not_picked":["Buffer","Amplify"],"picked":"Biased Cognition","floor":16},{"not_picked":["Stack"],"picked":"SKIP","floor":18},{"not_picked":["Hologram"],"picked":"SKIP","floor":22},{"not_picked":["Storm"],"picked":"SKIP","floor":24},{"not_picked":[],"picked":"Hologram","floor":27},{"not_picked":[],"picked":"Chill+1","floor":28},{"not_picked":["Go for the Eyes"],"picked":"SKIP","floor":29},{"not_picked":["Leap"],"picked":"SKIP","floor":30},{"not_picked":["Doom and Gloom+1"],"picked":"SKIP","floor":31},{"not_picked":[],"picked":"Amplify","floor":33},{"not_picked":[],"picked":"Tempest","floor":35},{"not_picked":["Steam+1"],"picked":"SKIP","floor":36},{"not_picked":[],"picked":"Barrage+1","floor":40},{"not_picked":[],"picked":"Undo+1","floor":41},{"not_picked":[],"picked":"Rebound+1","floor":42},{"not_picked":[],"picked":"Sunder+1","floor":44},{"not_picked":[],"picked":"Gash+1","floor":46},{"not_picked":[],"picked":"White Noise","floor":47},{"not_picked":["Conserve Battery+1"],"picked":"Singing Bowl","floor":48},{"not_picked":[],"picked":"Scrape+1","floor":49}],"player_experience":200656,"relics_obtained":[{"floor":6,"key":"Bottled Flame"},{"floor":8,"key":"Peace Pipe"},{"floor":9,"key":"Kunai"},{"floor":10,"key":"Bag of Marbles"},{"floor":12,"key":"Odd Mushroom"},{"floor":24,"key":"Matryoshka"},{"floor":26,"key":"Strawberry"},{"floor":26,"key":"Dream Catcher"},{"floor":27,"key":"Oddly Smooth Stone"},{"floor":41,"key":"Bronze Scales"},{"floor":43,"key":"Blood Vial"},{"floor":43,"key":"Whetstone"},{"floor":44,"key":"Singing Bowl"},{"floor":47,"key":"Orichalcum"}],"event_choices":[{"damage_healed":0,"gold_gain":175,"player_choice":"AGREE","damage_taken":0,"max_hp_gain":0,"max_hp_loss":0,"event_name":"Liars Game","floor":2,"gold_loss":0,"cards_obtained":["Doubt"]},{"damage_healed":0,"gold_gain":0,"player_choice":"Entered Light","damage_taken":16,"max_hp_gain":0,"max_hp_loss":0,"event_name":"Shining Light","floor":3,"gold_loss":0,"cards_upgraded":["Defend_B","Strike_B"]},{"cards_removed":["Strike_B"],"damage_healed":0,"gold_gain":0,"player_choice":"Card Removal","damage_taken":0,"max_hp_gain":0,"max_hp_loss":0,"event_name":"The Cleric","floor":5,"gold_loss":50},{"damage_healed":0,"gold_gain":0,"player_choice":"Fought Mushrooms","damage_taken":0,"max_hp_gain":0,"max_hp_loss":0,"event_name":"Mushrooms","floor":12,"gold_loss":0},{"damage_healed":0,"gold_gain":0,"player_choice":"Shed Blood","damage_taken":21,"max_hp_gain":5,"max_hp_loss":0,"event_name":"Forgotten Altar","floor":19,"gold_loss":0},{"damage_healed":0,"gold_gain":0,"player_choice":"Obtained Relic","damage_taken":0,"relics_obtained":["Du-Vu Doll"],"max_hp_gain":0,"max_hp_loss":0,"event_name":"Addict","floor":20,"gold_loss":85},{"cards_removed":["Defend_B"],"damage_healed":0,"gold_gain":0,"player_choice":"Removed Skill","damage_taken":0,"max_hp_gain":0,"max_hp_loss":0,"event_name":"Falling","floor":37,"gold_loss":0},{"damage_healed":0,"gold_gain":0,"player_choice":"Ignored","damage_taken":0,"max_hp_gain":0,"max_hp_loss":0,"event_name":"Tomb of Lord Red Mask","floor":39,"gold_loss":0}],"is_beta":false,"boss_relics":[{"not_picked":["Astrolabe","Cursed Key"],"picked":"Busted Crown"},{"not_picked":["Sozu","Calling Bell"],"picked":"Tiny House"}],"items_purged_floors":[4,11,21,38],"is_endless":false,"potions_floor_spawned":[1,8,10,14,16,22,27,29,33,41,46,47,48],"killed_by":"Time Eater","ascension_level":1}