{"gold_per_floor":[116,116,191,207,207,242,242,0,26,45,45,64,64,104,104,200,200,170,195,220,220,135,135,83,101,101,19,19,19],"floor_reached":29,"playtime":2196,"items_purged":["Strike_G"],"score":492,"play_id":"d39cce15-55a1-4790-ab34-1afd21cd4038","local_time":"20190402190843","is_ascension_mode":true,"campfire_choices":[{"data":"After Image","floor":7,"key":"SMITH"},{"data":"Well Laid Plans","floor":11,"key":"SMITH"},{"data":"Footwork","floor":15,"key":"SMITH"},{"data":"Envenom","floor":23,"key":"SMITH"},{"data":"Cloak And Dagger","floor":28,"key":"SMITH"}],"neow_cost":"NONE","seed_source_timestamp":200803377180894,"circlet_count":0,"master_deck":["AscendersBane","Defend_G","Defend_G","Defend_G","Defend_G","Defend_G","Strike_G","Strike_G","Strike_G","Survivor","Neutralize","Finisher","Footwork+1","After Image+1","Neutralize","Dodge and Roll","Backstab","Expertise","Well Laid Plans+1","Poisoned Stab","Prepared","Deadly Poison","Envenom+1","Poisoned Stab","Crippling Poison","Cloak And Dagger+1","Deadly Poison","Infinite Blades"],"special_seed":0,"relics":["Coffee Dripper","Ancient Tea Set","Centennial Puzzle","Golden Idol","Bottled Flame","Cursed Key","Shuriken"],"potions_floor_usage":[6,18,19],"damage_taken":[{"damage":2.0,"enemies":"Jaw Worm","floor":1.0,"turns":5.0},{"damage":1.0,"enemies":"2 Louse","floor":4.0,"turns":3.0},{"damage":2,"enemies":"Lagavulin","floor":6,"turns":12},{"damage":0,"enemies":"Cultist","floor":10,"turns":2},{"damage":1,"enemies":"2 Fungi Beasts","floor":12,"turns":5},{"damage":1,"enemies":"3 Sentries","floor":14,"turns":14},{"damage":0,"enemies":"The Guardian","floor":16,"turns":10},{"damage":26,"enemies":"2 Thieves","floor":18,"turns":5},{"damage":0,"enemies":"Spheric Guardian","floor":19,"turns":5},{"damage":14,"enemies":"Snake Plant","floor":20,"turns":6},{"damage":6,"enemies":"3 Cultists","floor":25,"turns":7},{"damage":18,"enemies":"Sentry and Sphere","floor":29,"turns":5}],"seed_played":"6486440864137030917","potions_obtained":[{"floor":4.0,"key":"Regen Potion"},{"floor":6,"key":"EssenceOfSteel"},{"floor":10,"key":"Dexterity Potion"},{"floor":20,"key":"GhostInAJar"}],"is_trial":false,"path_per_floor":["M","?","?","M","?","E","R","$","T","M","R","M","?","E","R","B",null,"M","M","M","?","?","R","$","M","T","$","R","M"],"character_chosen":"THE_SILENT","items_purchased":["Expertise","Well Laid Plans","Poisoned Stab","Cloak And Dagger","Infinite Blades"],"campfire_rested":0,"item_purchase_floors":[8,8,8,24,27],"current_hp_per_floor":[57,57,46,45,45,58,58,58,58,58,58,57,57,56,56,56,59,33,33,19,19,19,19,19,13,13,13,13,0],"gold":19,"neow_bonus":"BOSS_RELIC","is_prod":false,"is_daily":false,"chose_seed":false,"campfire_upgraded":5,"win_rate":0,"timestamp":1554246523,"path_taken":["M","?","?","M","?","E","R","$","T","?","R","M","?","E","R","BOSS","M","M","M","?","?","R","$","M","T","?","R","M"],"build_version":"2019-01-23","purchased_purges":1,"victory":false,"max_hp_per_floor":[66,66,66,66,66,66,66,66,66,66,66,66,60,60,60,60,60,60,60,60,60,60,60,60,60,60,60,60,60],"card_choices":[{"not_picked":["Dodge and Roll","Underhanded Strike"],"picked":"Finisher","floor":1.0},{"not_picked":["Eviscerate","Flechettes"],"picked":"Footwork","floor":4.0},{"not_picked":["Sucker Punch","Concentrate"],"picked":"Backstab","floor":6},{"not_picked":["Flying Knee","Dagger Throw"],"picked":"Prepared","floor":10},{"not_picked":["Finisher","Concentrate","Dagger Spray"],"picked":"SKIP","floor":12},{"not_picked":["Underhanded Strike","Dodge and Roll"],"picked":"Deadly Poison","floor":14},{"not_picked":["After Image","Wraith Form v2"],"picked":"Envenom","floor":16},{"not_picked":["Calculated Gamble","Sucker Punch"],"picked":"Poisoned Stab","floor":18},{"not_picked":["Well Laid Plans","Quick Slash","PiercingWail"],"picked":"SKIP","floor":19},{"not_picked":["Poisoned Stab","Envenom"],"picked":"Crippling Poison","floor":20},{"not_picked":["Dagger Throw","Setup"],"picked":"Deadly Poison","floor":25}],"player_experience":799325,"relics_obtained":[{"floor":6,"key":"Ancient Tea Set"},{"floor":9,"key":"Centennial Puzzle"},{"floor":14,"key":"Bottled Flame"}],"event_choices":[{"cards_removed":["Strike_G"],"damage_healed":0.0,"max_hp_gain":0.0,"max_hp_loss":0.0,"gold_gain":0.0,"event_name":"Living Wall","player_choice":"Forget","floor":2.0,"gold_loss":0.0,"damage_taken":0.0},{"damage_healed":0.0,"max_hp_gain":0.0,"max_hp_loss":0.0,"gold_gain":75.0,"event_name":"World of Goop","player_choice":"Gather Gold","floor":3.0,"gold_loss":0.0,"damage_taken":11.0},{"damage_healed":0,"gold_gain":0,"player_choice":"3 cards matched","damage_taken":0,"max_hp_gain":0,"max_hp_loss":0,"event_name":"Match and Keep!","floor":5,"gold_loss":0,"cards_obtained":["After Image","Neutralize","Dodge and Roll"]},{"damage_healed":0,"gold_gain":0,"player_choice":"3 cards matched","damage_taken":0,"max_hp_gain":0,"max_hp_loss":0,"event_name":"Match and Keep!","floor":5,"gold_loss":0,"cards_obtained":["After Image","Neutralize","Dodge and Roll"]},{"damage_healed":0,"gold_gain":0,"player_choice":"Lose Max HP","damage_taken":0,"relics_obtained":["Golden Idol"],"max_hp_gain":0,"max_hp_loss":6,"event_name":"Golden Idol","floor":13,"gold_loss":0},{"damage_healed":0,"gold_gain":0,"player_choice":"Ignored","damage_taken":0,"max_hp_gain":0,"max_hp_loss":0,"event_name":"The Mausoleum","floor":21,"gold_loss":0},{"damage_healed":0,"gold_gain":0,"player_choice":"Obtained Relic","damage_taken":0,"relics_obtained":["Shuriken"],"max_hp_gain":0,"max_hp_loss":0,"event_name":"Addict","floor":22,"gold_loss":85}],"is_beta":false,"boss_relics":[{"not_picked":["Fusion Hammer","Velvet Choker"],"picked":"Cursed Key"}],"items_purged_floors":[8],"is_endless":false,"potions_floor_spawned":[4,6,10,14,16,20],"killed_by":"Sentry and Sphere","ascension_level":15}