{"gold_per_floor":[11,11,11,11,11,11,35,58,58,76,26,26,47,67,67,196,196,210,223,223,239,263,263,263,263,263,263,188,202,202,240,240,363,363,376,395,418,318,337,337,357,111,111,111,444,444,544,544,544,544],"floor_reached":51,"playtime":5889,"items_purged":["Defend_B","Strike_B"],"score":863,"play_id":"01da6d8d-d38a-45d8-afc5-7831c632605d","local_time":"20181218194035","is_ascension_mode":true,"campfire_choices":[{"data":"Zap","floor":6,"key":"SMITH"},{"data":"Coolheaded","floor":12,"key":"SMITH"},{"floor":15,"key":"REST"},{"data":"Buffer","floor":23,"key":"SMITH"},{"data":"Defragment","floor":25,"key":"SMITH"},{"data":"Conserve Battery","floor":30,"key":"SMITH"},{"floor":32,"key":"REST"},{"data":"Chaos","floor":40,"key":"SMITH"},{"floor":46,"key":"REST"},{"data":"Defend_B","floor":49,"key":"SMITH"}],"neow_cost":"NO_GOLD","seed_source_timestamp":570951338882458,"circlet_count":0,"master_deck":["Defend_B+1","Defend_B+1","Zap+1","Dualcast+1","Leap+1","Conserve Battery+1","Coolheaded+1","Buffer+1","Creative AI+1","Leap+1","Defragment+1","Chill+1","Chaos+1","Heatsinks+1"],"relics":["Cracked Core","Pantograph","Velvet Choker","Pear","Nilry\u0027s Codex","Vajra","Orrery","Bottled Tornado","Meat on the Bone","Incense Burner"],"potions_floor_usage":[18,18,22,22,22,22,29,33,50],"damage_taken":[{"damage":2,"enemies":"Jaw Worm","floor":1,"turns":4},{"damage":0,"enemies":"Small Slimes","floor":7,"turns":2},{"damage":0,"enemies":"2 Louse","floor":8,"turns":2},{"damage":4,"enemies":"Red Slaver","floor":10,"turns":3},{"damage":3,"enemies":"Blue Slaver","floor":13,"turns":2},{"damage":0,"enemies":"2 Fungi Beasts","floor":14,"turns":3},{"damage":0,"enemies":"The Guardian","floor":16,"turns":15},{"damage":0,"enemies":"3 Byrds","floor":18,"turns":5},{"damage":0,"enemies":"Chosen","floor":19,"turns":7},{"damage":16,"enemies":"Snake Plant","floor":21,"turns":6},{"damage":0,"enemies":"Centurion and Healer","floor":22,"turns":6},{"damage":0,"enemies":"3 Cultists","floor":29,"turns":5},{"damage":38,"enemies":"Slavers","floor":31,"turns":6},{"damage":0,"enemies":"Automaton","floor":33,"turns":11},{"damage":9,"enemies":"Orb Walker","floor":35,"turns":5},{"damage":10,"enemies":"3 Shapes","floor":36,"turns":5},{"damage":0,"enemies":"Writhing Mass","floor":37,"turns":6},{"damage":0,"enemies":"Spire Growth","floor":39,"turns":7},{"damage":0,"enemies":"Sphere and 2 Shapes","floor":41,"turns":6},{"damage":0,"enemies":"Mind Bloom Boss Battle","floor":47,"turns":7},{"damage":21,"enemies":"Time Eater","floor":50,"turns":12}],"seed_played":"5554861790480900680","potions_obtained":[{"floor":1,"key":"LiquidBronze"},{"floor":7,"key":"GamblersBrew"},{"floor":13,"key":"Regen Potion"},{"floor":14,"key":"Fire Potion"},{"floor":18,"key":"EntropicBrew"},{"floor":31,"key":"PowerPotion"},{"floor":36,"key":"Strength Potion"},{"floor":41,"key":"Fire Potion"},{"floor":47,"key":"Fire Potion"}],"is_trial":false,"path_per_floor":["M","?","?","?","?","R","M","M","T","M","?","R","M","M","R","B",null,"M","M","?","M","M","R","?","R","T","?","$","M","R","E","R","B",null,"M","M","M","$","M","R","M","$","T","?","?","R","?","?","R","B",null],"character_chosen":"DEFECT","items_purchased":["Bottled Tornado"],"campfire_rested":3,"item_purchase_floors":[42],"current_hp_per_floor":[73,58,58,51,51,51,51,51,51,47,47,47,44,44,64,69,69,69,69,69,53,68,68,68,68,78,62,62,62,62,24,47,72,79,70,60,60,60,60,60,60,60,60,60,60,79,79,75,75,54],"gold":544,"neow_bonus":"REMOVE_TWO","is_prod":false,"is_daily":false,"chose_seed":false,"campfire_upgraded":7,"win_rate":0,"timestamp":1545180035,"path_taken":["M","?","?","?","?","R","M","?","T","M","?","R","M","M","R","BOSS","M","M","?","?","M","R","?","R","T","?","?","?","R","E","R","BOSS","M","M","M","$","?","R","M","$","T","?","?","R","?","?","R","BOSS"],"build_version":"2018-12-17","purchased_purges":2,"victory":true,"max_hp_per_floor":[75,75,69,69,69,69,69,69,69,69,69,69,69,69,69,69,69,69,69,69,69,69,69,69,69,79,79,79,79,79,79,79,79,79,79,79,79,79,79,79,79,79,79,79,79,79,79,75,75,75],"card_choices":[{"not_picked":["Reprogram","Stack"],"picked":"Leap","floor":1},{"not_picked":["Leap","Capacitor"],"picked":"Conserve Battery","floor":7},{"not_picked":["Rebound","Hologram"],"picked":"Coolheaded","floor":8},{"not_picked":["Sweeping Beam","Stack"],"picked":"Compile Driver","floor":10},{"not_picked":["Coolheaded","Auto Shields"],"picked":"Buffer","floor":13},{"not_picked":["Hologram","Glacier","Sweeping Beam"],"picked":"SKIP","floor":14},{"not_picked":["Amplify","All For One"],"picked":"Creative AI","floor":16},{"not_picked":["Streamline","Turbo","Rebound+1"],"picked":"SKIP","floor":18},{"not_picked":["FTL","Doom and Gloom+1"],"picked":"Leap+1","floor":19},{"not_picked":["Sweeping Beam+1","Gash+1"],"picked":"Defragment","floor":21},{"not_picked":["Stack","Ball Lightning","Redo"],"picked":"SKIP","floor":22},{"not_picked":["Doom and Gloom","Double Energy","Leap+1"],"picked":"SKIP","floor":29},{"not_picked":["Auto Shields","Storm"],"picked":"Chill+1","floor":31},{"not_picked":["Rebound","Hello World"],"picked":"Chaos","floor":34},{"not_picked":["Storm","Compile Driver","Force Field+1"],"picked":"SKIP","floor":35},{"not_picked":["Heatsinks","Steam Power","Streamline"],"picked":"SKIP","floor":36},{"not_picked":["Sweeping Beam+1","Cold Snap+1","Ball Lightning"],"picked":"SKIP","floor":37},{"not_picked":["Leap","Streamline","Sweeping Beam+1"],"picked":"SKIP","floor":39},{"not_picked":["Leap+1","Ball Lightning"],"picked":"Heatsinks+1","floor":41}],"player_experience":532654,"relics_obtained":[{"floor":9,"key":"Pantograph"},{"floor":26,"key":"Pear"},{"floor":27,"key":"Nilry\u0027s Codex"},{"floor":31,"key":"Vajra"},{"floor":43,"key":"Meat on the Bone"},{"floor":47,"key":"Incense Burner"}],"event_choices":[{"damage_healed":0,"gold_gain":0,"player_choice":"Entered Light","damage_taken":15,"max_hp_gain":0,"max_hp_loss":0,"event_name":"Shining Light","floor":2,"gold_loss":0,"cards_upgraded":["Defend_B","Leap"]},{"damage_healed":0,"gold_gain":0,"player_choice":"Lose Max HP","damage_taken":0,"relics_obtained":["Golden Idol"],"max_hp_gain":0,"max_hp_loss":6,"event_name":"Golden Idol","floor":3,"gold_loss":0},{"cards_removed":["Defend_B"],"damage_healed":0,"gold_gain":0,"player_choice":"Card Removal","damage_taken":7,"max_hp_gain":0,"max_hp_loss":0,"event_name":"Golden Wing","floor":4,"gold_loss":0},{"damage_healed":0,"gold_gain":0,"player_choice":"Upgraded","damage_taken":0,"max_hp_gain":0,"max_hp_loss":0,"event_name":"Upgrade Shrine","floor":5,"gold_loss":0,"cards_upgraded":["Dualcast"]},{"cards_removed":["Strike_B"],"damage_healed":0,"gold_gain":0,"player_choice":"Card Removal","damage_taken":0,"max_hp_gain":0,"max_hp_loss":0,"event_name":"The Cleric","floor":11,"gold_loss":50},{"damage_healed":0,"gold_gain":0,"player_choice":"Forge","damage_taken":0,"max_hp_gain":0,"max_hp_loss":0,"event_name":"Accursed Blacksmith","floor":20,"gold_loss":0,"cards_upgraded":["Creative AI"]},{"damage_healed":0,"gold_gain":0,"player_choice":"Ignored","damage_taken":0,"max_hp_gain":0,"max_hp_loss":0,"event_name":"The Mausoleum","floor":24,"gold_loss":0},{"damage_healed":0,"gold_gain":0,"player_choice":"Obtained Book","damage_taken":16,"max_hp_gain":0,"max_hp_loss":0,"event_name":"Cursed Tome","floor":27,"gold_loss":0},{"cards_removed":["Compile Driver"],"damage_healed":0,"gold_gain":0,"player_choice":"Removed Attack","damage_taken":0,"max_hp_gain":0,"max_hp_loss":0,"event_name":"Falling","floor":44,"gold_loss":0},{"damage_healed":0,"gold_gain":333,"player_choice":"Gave Idol","damage_taken":0,"max_hp_gain":0,"max_hp_loss":0,"event_name":"The Moai Head","floor":45,"relics_lost":["Golden Idol"],"gold_loss":0},{"damage_healed":0,"gold_gain":0,"player_choice":"Fight","damage_taken":0,"max_hp_gain":0,"max_hp_loss":0,"event_name":"MindBloom","floor":47,"gold_loss":0},{"damage_healed":0,"gold_gain":0,"player_choice":"Max HP","damage_taken":0,"max_hp_gain":0,"max_hp_loss":4,"event_name":"Winding Halls","floor":48,"gold_loss":0}],"is_beta":true,"boss_relics":[{"not_picked":["Empty Cage","Tiny House"],"picked":"Velvet Choker"},{"not_picked":["Snecko Eye","Calling Bell"],"picked":"Orrery"}],"items_purged_floors":[28,38],"is_endless":false,"potions_floor_spawned":[1,7,13,14,18,31,36,41,47],"ascension_level":3}