{"gold_per_floor":[110,110,35,45,57,57,132,132,132,146,179,179,196,0,0,103,103,43,43,43,8,8,8,8,8,8,8,8,8,8,8,8,8,8,8,8,8,8,8,8,8,8,8,8,8,8,8,8,8,8,8,8,8,8,8],"floor_reached":55,"playtime":3328,"items_purged":["Writhe"],"score":1074,"play_id":"13201162-0e37-413b-abbe-0a9e34fe0525","local_time":"20190703155249","is_ascension_mode":true,"campfire_choices":[{"data":"Storm","floor":6,"key":"SMITH"},{"data":"Zap","floor":8,"key":"SMITH"},{"data":"Buffer","floor":12,"key":"SMITH"},{"data":"Chill","floor":15,"key":"SMITH"},{"data":"Biased Cognition","floor":24,"key":"SMITH"},{"floor":32,"key":"REST"},{"floor":41,"key":"RECALL"},{"data":"White Noise","floor":46,"key":"SMITH"},{"data":"White Noise","floor":49,"key":"SMITH"},{"data":"Biased Cognition","floor":52,"key":"SMITH"}],"neow_cost":"CURSE","seed_source_timestamp":28803065798985,"circlet_count":0,"master_deck":["Strike_B+1","Defend_B+1","Defend_B+1","Defend_B+1","Defend_B+1","Zap+1","Dualcast+1","Electrodynamics+1","Force Field+1","Ball Lightning+1","Conserve Battery+1","Storm+1","Buffer+1","Ball Lightning+1","Chill+1","Biased Cognition+1","Capacitor+1","Steam Power+1","Barrage+1","RitualDagger+1","Core Surge+1","Loop","Biased Cognition+1","White Noise+1","White Noise+1","Tempest+1"],"relics":["Cracked Core","Pantograph","Gremlin Horn","Runic Capacitor","Ectoplasm","Torii","Happy Flower","Art of War","Thread and Needle","Anchor","Unceasing Top","Empty Cage","Mark of the Bloom","Question Card","Whetstone","Lantern","Du-Vu Doll","Shuriken"],"potions_floor_usage":[16,16,16,25,31,33,42,45,50,55,55],"damage_taken":[{"damage":0,"enemies":"Cultist","floor":1,"turns":3},{"damage":2,"enemies":"Jaw Worm","floor":4,"turns":3},{"damage":3,"enemies":"2 Louse","floor":5,"turns":3},{"damage":10,"enemies":"2 Fungi Beasts","floor":10,"turns":3},{"damage":15,"enemies":"Gremlin Nob","floor":11,"turns":5},{"damage":0,"enemies":"Exordium Wildlife","floor":13,"turns":2},{"damage":10,"enemies":"Slime Boss","floor":16,"turns":8},{"damage":3,"enemies":"2 Thieves","floor":18,"turns":3},{"damage":29,"enemies":"Book of Stabbing","floor":23,"turns":5},{"damage":22,"enemies":"Slavers","floor":25,"turns":3},{"damage":0,"enemies":"Spheric Guardian","floor":27,"turns":3},{"damage":0,"enemies":"3 Cultists","floor":30,"turns":3},{"damage":9,"enemies":"Book of Stabbing","floor":31,"turns":3},{"damage":0,"enemies":"Automaton","floor":33,"turns":5},{"damage":0,"enemies":"3 Shapes","floor":35,"turns":4},{"damage":0,"enemies":"3 Darklings","floor":36,"turns":4},{"damage":0,"enemies":"Writhing Mass","floor":39,"turns":4},{"damage":0,"enemies":"Giant Head","floor":40,"turns":6},{"damage":1,"enemies":"Nemesis","floor":42,"turns":5},{"damage":0,"enemies":"Giant Head","floor":44,"turns":6},{"damage":9,"enemies":"2 Orb Walkers","floor":45,"turns":3},{"damage":17,"enemies":"Maw","floor":47,"turns":4},{"damage":0,"enemies":"Donu and Deca","floor":50,"turns":4},{"damage":0,"enemies":"Shield and Spear","floor":54,"turns":3},{"damage":48,"enemies":"The Heart","floor":55,"turns":3}],"seed_played":"-1628460592611906297","potions_obtained":[{"floor":10,"key":"LiquidBronze"},{"floor":11,"key":"PowerPotion"},{"floor":13,"key":"GamblersBrew"},{"floor":16,"key":"Ancient Potion"},{"floor":23,"key":"Dexterity Potion"},{"floor":27,"key":"FearPotion"},{"floor":31,"key":"PowerPotion"},{"floor":33,"key":"SkillPotion"},{"floor":40,"key":"Fire Potion"},{"floor":42,"key":"LiquidBronze"},{"floor":47,"key":"Poison Potion"}],"is_trial":false,"path_per_floor":["M","?","$","M","M","R","?","R","T","M","E","R","M","$","R","B",null,"M","?","?","$","?","E","R","E","T","M","?","?","M","E","R","B",null,"M","M","?","?","M","E","R","E","T","E","?","R","M","?","R","B",null,"R","$","E","B"],"character_chosen":"DEFECT","items_purchased":["Runic Capacitor","Capacitor"],"campfire_rested":1,"item_purchase_floors":[14,21],"current_hp_per_floor":[75,75,75,73,70,70,59,59,59,49,34,34,34,34,34,49,75,72,72,72,72,72,43,43,21,21,21,15,15,15,6,28,53,75,75,75,75,75,75,75,75,74,74,74,65,65,48,48,48,48,48,48,48,48,0],"gold":8,"neow_bonus":"THREE_RARE_CARDS","is_prod":false,"is_daily":false,"chose_seed":false,"campfire_upgraded":8,"win_rate":0,"timestamp":1562194369,"path_taken":["M","?","$","M","M","R","?","R","T","M","E","R","M","$","R","BOSS","M","?","?","$","?","E","R","E","T","M","?","?","M","E","R","BOSS","M","M","?","?","?","E","R","E","T","E","?","R","M","?","R","BOSS","R","$","E","BOSS"],"build_version":"2019-07-01","purchased_purges":1,"victory":false,"max_hp_per_floor":[75,75,75,75,75,75,75,75,75,75,75,75,75,75,75,75,75,75,75,75,75,75,75,75,75,75,75,75,75,75,75,75,75,75,75,75,75,75,75,75,75,75,75,75,75,75,75,75,75,75,75,75,75,75,75],"card_choices":[{"not_picked":["Hyperbeam","Thunder Strike"],"picked":"Electrodynamics","floor":0},{"not_picked":["Stack","Coolheaded"],"picked":"Force Field","floor":1},{"not_picked":["Cold Snap","Force Field"],"picked":"Conserve Battery","floor":4},{"not_picked":["FTL","Rebound"],"picked":"Storm","floor":5},{"not_picked":["Streamline","Compile Driver"],"picked":"Buffer","floor":10},{"not_picked":["Compile Driver","Redo"],"picked":"Ball Lightning","floor":11},{"not_picked":["Blizzard","Redo"],"picked":"Chill","floor":13},{"not_picked":["Core Surge","Buffer"],"picked":"Biased Cognition","floor":16},{"not_picked":["Streamline","Ball Lightning"],"picked":"Go for the Eyes","floor":18},{"not_picked":["Coolheaded","Cold Snap+1"],"picked":"Steam Power","floor":23},{"not_picked":["Sunder","Fission","Ball Lightning"],"picked":"SKIP","floor":25},{"not_picked":["Beam Cell+1","Coolheaded"],"picked":"Barrage+1","floor":27},{"not_picked":["Gash","Beam Cell+1","Sweeping Beam"],"picked":"SKIP","floor":30},{"not_picked":["Glacier","Fission","BootSequence"],"picked":"SKIP","floor":31},{"not_picked":["Machine Learning","All For One"],"picked":"Core Surge","floor":33},{"not_picked":["Conserve Battery+1","Rebound","Coolheaded+1"],"picked":"SKIP","floor":35},{"not_picked":["Rip and Tear+1","Hologram"],"picked":"Self Repair","floor":36},{"not_picked":["Leap+1","Barrage+1"],"picked":"Loop","floor":39},{"not_picked":["Rebound","Sunder","Beam Cell"],"picked":"SKIP","floor":40},{"not_picked":["Go for the Eyes+1","Capacitor","Reboot"],"picked":"Biased Cognition","floor":42},{"not_picked":["Rebound+1","Barrage","Compile Driver+1","Stack+1"],"picked":"SKIP","floor":44},{"not_picked":["Ball Lightning+1","Coolheaded+1","Compile Driver+1"],"picked":"White Noise","floor":45},{"not_picked":["Tempest","Leap+1","Streamline+1"],"picked":"White Noise","floor":47},{"not_picked":["Reboot","Blizzard+1","Redo"],"picked":"Tempest+1","floor":54}],"player_experience":149541,"relics_obtained":[{"floor":9,"key":"Pantograph"},{"floor":11,"key":"Gremlin Horn"},{"floor":23,"key":"Art of War"},{"floor":25,"key":"Thread and Needle"},{"floor":26,"key":"Anchor"},{"floor":31,"key":"Unceasing Top"},{"floor":40,"key":"Question Card"},{"floor":42,"key":"Whetstone"},{"floor":44,"key":"Lantern"},{"floor":45,"key":"Du-Vu Doll"},{"floor":54,"key":"Shuriken"}],"event_choices":[{"damage_healed":0,"gold_gain":0,"cards_transformed":["Strike_B"],"player_choice":"Change","damage_taken":0,"max_hp_gain":0,"max_hp_loss":0,"event_name":"Living Wall","floor":2,"gold_loss":0,"cards_obtained":["Ball Lightning"]},{"damage_healed":0,"gold_gain":75,"player_choice":"Gather Gold","damage_taken":11,"max_hp_gain":0,"max_hp_loss":0,"event_name":"World of Goop","floor":7,"gold_loss":0},{"damage_healed":0,"gold_gain":0,"player_choice":"Ignored","damage_taken":0,"max_hp_gain":0,"max_hp_loss":0,"event_name":"Vampires","floor":19,"gold_loss":0},{"damage_healed":0,"gold_gain":0,"player_choice":"Opened","damage_taken":0,"relics_obtained":["Torii"],"max_hp_gain":0,"max_hp_loss":0,"event_name":"The Mausoleum","floor":20,"gold_loss":0},{"damage_healed":0,"gold_gain":0,"player_choice":"Stole Relic","damage_taken":0,"relics_obtained":["Happy Flower"],"max_hp_gain":0,"max_hp_loss":0,"event_name":"Addict","floor":22,"gold_loss":0,"cards_obtained":["Shame"]},{"damage_healed":0,"gold_gain":0,"player_choice":"Joined the Cult","damage_taken":6,"max_hp_gain":0,"max_hp_loss":0,"event_name":"Nest","floor":28,"gold_loss":0,"cards_obtained":["RitualDagger"]},{"cards_removed":["Strike_B"],"damage_healed":0,"gold_gain":0,"player_choice":"Elegance","damage_taken":0,"max_hp_gain":0,"max_hp_loss":0,"event_name":"Back to Basics","floor":29,"gold_loss":0},{"damage_healed":0,"gold_gain":0,"player_choice":"Upgrade","damage_taken":0,"relics_obtained":["Mark of the Bloom"],"max_hp_gain":0,"max_hp_loss":0,"event_name":"MindBloom","floor":37,"gold_loss":0,"cards_upgraded":["Strike_B","Defend_B","Defend_B","Defend_B","Defend_B","Dualcast","Electrodynamics","Force Field","Ball Lightning","Conserve Battery","Ball Lightning","Go for the Eyes","Capacitor","Steam Power","RitualDagger","Core Surge","Self Repair"]},{"cards_removed":["Self Repair"],"damage_healed":0,"gold_gain":0,"player_choice":"Purged","damage_taken":0,"max_hp_gain":0,"max_hp_loss":0,"event_name":"Purifier","floor":38,"gold_loss":0},{"damage_healed":0,"gold_gain":0,"player_choice":"Fight","damage_taken":0,"max_hp_gain":0,"max_hp_loss":0,"event_name":"Mysterious Sphere","floor":45,"gold_loss":0},{"cards_removed":["Go for the Eyes"],"damage_healed":0,"gold_gain":0,"player_choice":"Removed Attack","damage_taken":0,"max_hp_gain":0,"max_hp_loss":0,"event_name":"Falling","floor":48,"gold_loss":0}],"is_beta":false,"boss_relics":[{"not_picked":["Tiny House","White Beast Statue"],"picked":"Ectoplasm"},{"not_picked":["Calling Bell","Snecko Eye"],"picked":"Empty Cage"}],"items_purged_floors":[3],"is_endless":false,"potions_floor_spawned":[10,11,13,16,23,27,31,33,40,42,44,47],"killed_by":"The Heart","ascension_level":3}