{"gold_per_floor":[119,119,119,119,139,139,157,182,182,182,196,90,90,90],"floor_reached":14,"playtime":413,"items_purged":["Strike_R"],"score":158,"play_id":"a346c4ad-b6af-4469-992f-29227bf62f77","local_time":"20181009025103","is_ascension_mode":true,"campfire_choices":[{"floor":6,"key":"DIG"},{"floor":10,"key":"DIG"},{"floor":13,"key":"DIG"}],"neow_cost":"NONE","seed_source_timestamp":2369596616926234,"circlet_count":0,"master_deck":["Strike_R","Strike_R","Strike_R","Strike_R","Defend_R","Defend_R","Defend_R","Defend_R","Bash+1","AscendersBane","Flame Barrier","Shrug It Off","Headbutt","Evolve","Shrug It Off"],"relics":["Burning Blood","Shovel","Gambling Chip","Blue Candle","Sundial","Letter Opener","WingedGreaves"],"potions_floor_usage":[8],"damage_taken":[{"damage":5,"enemies":"2 Louse","floor":1,"turns":4},{"damage":5,"enemies":"Cultist","floor":5,"turns":4},{"damage":0,"enemies":"Jaw Worm","floor":7,"turns":5},{"damage":42,"enemies":"Gremlin Nob","floor":8,"turns":5},{"damage":6,"enemies":"2 Fungi Beasts","floor":11,"turns":4},{"damage":41,"enemies":"Exordium Thugs","floor":14,"turns":5}],"seed_played":"-2478220192251470456","potions_obtained":[{"floor":1,"key":"SteroidPotion"},{"floor":5,"key":"SkillPotion"}],"is_trial":false,"path_per_floor":["M","?","?","?","M","R","M","E","T","R","M","$","R"],"character_chosen":"IRONCLAD","items_purchased":["Shrug It Off"],"campfire_rested":0,"item_purchase_floors":[12],"current_hp_per_floor":[69,69,69,69,70,70,75,39,39,39,39,39,39,0],"gold":90,"neow_bonus":"UPGRADE_CARD","is_prod":false,"is_daily":false,"chose_seed":false,"campfire_upgraded":0,"win_rate":0,"timestamp":1539067863,"path_taken":["M","?","?","?","M","R","M","E","T","R","M","$","R","?"],"build_version":"2018-10-04v2","purchased_purges":1,"victory":false,"max_hp_per_floor":[75,75,75,75,75,75,75,75,75,75,75,75,75,75],"card_choices":[{"not_picked":["Anger","Combust"],"picked":"Flame Barrier","floor":1},{"not_picked":["Wild Strike","Searing Blow"],"picked":"Shrug It Off","floor":5},{"not_picked":["Flame Barrier","Perfected Strike","Armaments"],"picked":"SKIP","floor":7},{"not_picked":["Clothesline","Reckless Charge"],"picked":"Headbutt","floor":8},{"not_picked":["Havoc","Anger"],"picked":"Evolve","floor":11}],"player_experience":476162,"relics_obtained":[{"floor":6,"key":"Gambling Chip"},{"floor":8,"key":"Blue Candle"},{"floor":9,"key":"Sundial"},{"floor":10,"key":"Letter Opener"},{"floor":13,"key":"WingedGreaves"}],"event_choices":[{"event_name":"WeMeetAgain","player_choice":"Potion","floor":2,"damage_taken":0},{"event_name":"Shining Light","player_choice":"Ignored","floor":3,"damage_taken":0},{"event_name":"Liars Game","player_choice":"disagreed","floor":4,"damage_taken":0}],"is_beta":false,"boss_relics":[],"items_purged_floors":[12],"is_endless":false,"potions_floor_spawned":[1,5],"killed_by":"Exordium Thugs","ascension_level":16}