{"gold_per_floor":[112,187,137,43,59,59,93,93,93,93,125,140,140,158,158,263,263,273,286,45,45,65,65,91,6,6,19,36,47,47,61,61,166,166,183,203,203,215,228,228,241,256,256,256,256,284,184,195,195,195],"floor_reached":51,"playtime":2766,"items_purged":["Strike_B"],"score":736,"play_id":"66d943fd-b524-46be-83d1-f3d09a687747","local_time":"20190727160158","is_ascension_mode":false,"campfire_choices":[{"data":"Defragment","floor":6,"key":"SMITH"},{"data":"Zap","floor":10,"key":"SMITH"},{"data":"Sunder","floor":15,"key":"SMITH"},{"data":"Coolheaded","floor":23,"key":"SMITH"},{"data":"Coolheaded","floor":30,"key":"SMITH"},{"data":"Coolheaded","floor":32,"key":"SMITH"},{"data":"Dualcast","floor":40,"key":"SMITH"},{"data":"Coolheaded","floor":49,"key":"SMITH"}],"neow_cost":"NONE","seed_source_timestamp":190632573908062,"circlet_count":0,"master_deck":["Strike_B","Strike_B","Defend_B","Defend_B","Defend_B","Defend_B","Zap+1","Dualcast+1","Cold Snap","Defragment+1","Gash","Rebound","Glacier","Self Repair","Rebound","Sunder+1","Leap","Echo Form","Gash","Cold Snap","Cold Snap+1","Coolheaded+1","Cold Snap","Coolheaded+1","Coolheaded+1","Capacitor+1","Glacier+1","Barrage+1","Chill+1","Blizzard","Coolheaded+1","Coolheaded"],"relics":["FrozenCore","Prayer Wheel","Letter Opener","Omamori","Sozu","Cables","Unceasing Top","Kunai","Vajra","Shuriken","DataDisk"],"potions_floor_usage":[13,16,24,50,50],"damage_taken":[{"damage":1,"enemies":"Jaw Worm","floor":1,"turns":3},{"damage":3,"enemies":"2 Louse","floor":5,"turns":2},{"damage":21,"enemies":"Lagavulin","floor":7,"turns":6},{"damage":4,"enemies":"Gremlin Nob","floor":11,"turns":3},{"damage":0,"enemies":"Small Slimes","floor":12,"turns":3},{"damage":1,"enemies":"3 Louse","floor":14,"turns":2},{"damage":18,"enemies":"The Guardian","floor":16,"turns":17},{"damage":2,"enemies":"Shell Parasite","floor":18,"turns":4},{"damage":0,"enemies":"Chosen","floor":19,"turns":5},{"damage":14,"enemies":"Shelled Parasite and Fungi","floor":22,"turns":6},{"damage":5,"enemies":"Book of Stabbing","floor":24,"turns":6},{"damage":16,"enemies":"Snake Plant","floor":27,"turns":5},{"damage":0,"enemies":"Snecko","floor":28,"turns":3},{"damage":6,"enemies":"Centurion and Healer","floor":29,"turns":4},{"damage":16,"enemies":"Shelled Parasite and Fungi","floor":31,"turns":6},{"damage":10,"enemies":"Automaton","floor":33,"turns":11},{"damage":11,"enemies":"Orb Walker","floor":35,"turns":5},{"damage":0,"enemies":"3 Darklings","floor":36,"turns":11},{"damage":0,"enemies":"Sphere and 2 Shapes","floor":38,"turns":11},{"damage":6,"enemies":"Maw","floor":39,"turns":8},{"damage":32,"enemies":"3 Darklings","floor":41,"turns":4},{"damage":36,"enemies":"Spire Growth","floor":42,"turns":6},{"damage":11,"enemies":"Reptomancer","floor":46,"turns":8},{"damage":6,"enemies":"Writhing Mass","floor":48,"turns":8},{"damage":11,"enemies":"Time Eater","floor":50,"turns":16}],"seed_played":"-44605455704603657","potions_obtained":[{"floor":7,"key":"Ancient Potion"},{"floor":11,"key":"SkillPotion"},{"floor":13,"key":"Fruit Juice"},{"floor":13,"key":"Dexterity Potion"},{"floor":16,"key":"LiquidBronze"}],"is_trial":false,"path_per_floor":["M","?","?","$","M","R","E","?","T","R","E","M","?","M","R","B",null,"M","M","$","?","M","R","E","?","T","M","M","M","R","M","R","B",null,"M","M","?","M","M","R","M","M","T","?","?","E","$","M","R","B",null],"character_chosen":"DEFECT","items_purchased":["Defragment","Gash","Cables","Coolheaded"],"campfire_rested":0,"item_purchase_floors":[4,4,20,47],"current_hp_per_floor":[81,70,70,70,67,67,46,51,51,51,47,47,52,58,58,47,92,90,92,92,92,92,92,92,92,92,83,83,84,84,82,82,72,92,88,92,92,92,92,92,74,45,45,80,80,76,76,77,77,73],"gold":195,"neow_bonus":"TEN_PERCENT_HP_BONUS","is_prod":false,"is_daily":false,"chose_seed":false,"campfire_upgraded":8,"win_rate":0,"timestamp":1564257718,"path_taken":["M","?","?","$","M","R","E","?","T","R","E","M","?","M","R","BOSS","M","M","?","?","M","R","E","?","T","M","?","M","R","M","R","BOSS","M","M","?","M","M","R","M","M","T","?","?","E","$","M","R","BOSS"],"build_version":"2019-07-17","purchased_purges":1,"victory":true,"max_hp_per_floor":[82,82,82,82,82,82,82,87,87,87,87,87,92,92,92,92,92,92,92,92,92,92,92,92,92,92,92,92,92,92,92,92,92,92,92,92,92,92,92,92,92,92,92,80,80,80,80,80,80,80],"card_choices":[{"not_picked":["Compile Driver","Capacitor"],"picked":"Cold Snap","floor":1},{"not_picked":["Steam Power","Stack"],"picked":"Rebound","floor":5},{"not_picked":["Go for the Eyes","Streamline","Buffer"],"picked":"SKIP","floor":7},{"not_picked":["Heatsinks","Cold Snap"],"picked":"Glacier","floor":11},{"not_picked":["Reprogram","Redo"],"picked":"Self Repair","floor":12},{"not_picked":["Turbo","Leap"],"picked":"Rebound","floor":12},{"not_picked":["Conserve Battery","Genetic Algorithm"],"picked":"Sunder","floor":14},{"not_picked":["Sweeping Beam","Streamline"],"picked":"Leap","floor":14},{"not_picked":["Electrodynamics","Buffer"],"picked":"Echo Form","floor":16},{"not_picked":["Rip and Tear","Steam+1"],"picked":"Gash","floor":18},{"not_picked":["Compile Driver","Steam Power"],"picked":"Cold Snap","floor":18},{"not_picked":["Rebound","Barrage"],"picked":"Cold Snap+1","floor":19},{"not_picked":["Conserve Battery","Stack","Barrage"],"picked":"SKIP","floor":19},{"not_picked":["Skim","Beam Cell","Sweeping Beam"],"picked":"SKIP","floor":22},{"not_picked":["Ball Lightning","Compile Driver+1","Thunder Strike"],"picked":"SKIP","floor":22},{"not_picked":["Chaos","Barrage"],"picked":"Cold Snap","floor":24},{"not_picked":["Recycle+1","Rebound+1"],"picked":"Coolheaded","floor":27},{"not_picked":["All For One","Steam Power","Compile Driver"],"picked":"SKIP","floor":27},{"not_picked":["Hologram","Doom and Gloom","Redo"],"picked":"SKIP","floor":28},{"not_picked":["Melter","Compile Driver+1","Beam Cell"],"picked":"SKIP","floor":28},{"not_picked":["Reinforced Body+1","Stack"],"picked":"Coolheaded","floor":29},{"not_picked":["Gash+1","Cold Snap"],"picked":"Capacitor+1","floor":29},{"not_picked":["Cold Snap","Self Repair"],"picked":"Glacier+1","floor":31},{"not_picked":["Leap+1","Turbo","Conserve Battery"],"picked":"SKIP","floor":31},{"not_picked":["Heatsinks+1","Consume"],"picked":"Cold Snap+1","floor":35},{"not_picked":["Self Repair+1","Redo","Scrape"],"picked":"SKIP","floor":35},{"not_picked":["Gash","FTL+1","Streamline"],"picked":"SKIP","floor":36},{"not_picked":["Beam Cell+1","Leap","Barrage+1"],"picked":"SKIP","floor":36},{"not_picked":["Go for the Eyes+1","Steam+1"],"picked":"Barrage+1","floor":38},{"not_picked":["Streamline","Static Discharge+1","Redo"],"picked":"SKIP","floor":38},{"not_picked":["Turbo","Electrodynamics","Sunder"],"picked":"SKIP","floor":39},{"not_picked":["Stack+1","Rebound+1","Double Energy"],"picked":"SKIP","floor":39},{"not_picked":["Compile Driver","Static Discharge"],"picked":"Chill+1","floor":41},{"not_picked":["Stack","Loop+1","Conserve Battery+1"],"picked":"SKIP","floor":41},{"not_picked":["FTL","Reprogram+1"],"picked":"Blizzard","floor":42},{"not_picked":["Double Energy","Redo"],"picked":"Coolheaded","floor":42},{"not_picked":["Reprogram+1","Tempest+1","Self Repair+1"],"picked":"SKIP","floor":46},{"not_picked":["Sweeping Beam","Chill","Go for the Eyes"],"picked":"SKIP","floor":48},{"not_picked":["Echo Form","Gash+1","Hologram+1"],"picked":"SKIP","floor":48}],"player_experience":932941,"relics_obtained":[{"floor":7,"key":"Prayer Wheel"},{"floor":9,"key":"Letter Opener"},{"floor":11,"key":"Omamori"},{"floor":24,"key":"Unceasing Top"},{"floor":26,"key":"Vajra"},{"floor":43,"key":"Shuriken"},{"floor":46,"key":"DataDisk"}],"event_choices":[{"damage_healed":0,"gold_gain":75,"player_choice":"Gather Gold","damage_taken":11,"max_hp_gain":0,"max_hp_loss":0,"event_name":"World of Goop","floor":2,"gold_loss":0},{"cards_removed":["Strike_B"],"damage_healed":0,"gold_gain":0,"player_choice":"Card Removal","damage_taken":0,"max_hp_gain":0,"max_hp_loss":0,"event_name":"The Cleric","floor":3,"gold_loss":50},{"damage_healed":0,"gold_gain":0,"player_choice":"Donut","damage_taken":0,"max_hp_gain":5,"max_hp_loss":0,"event_name":"Big Fish","floor":8,"gold_loss":0},{"damage_healed":0,"gold_gain":0,"player_choice":"Got Potions","damage_taken":0,"max_hp_gain":0,"max_hp_loss":0,"event_name":"Lab","floor":13,"gold_loss":0},{"damage_healed":0,"gold_gain":0,"player_choice":"Read","damage_taken":0,"max_hp_gain":0,"max_hp_loss":0,"event_name":"The Library","floor":21,"gold_loss":0,"cards_obtained":["Coolheaded"]},{"damage_healed":0,"gold_gain":0,"player_choice":"Obtained Relic","damage_taken":0,"relics_obtained":["Kunai"],"max_hp_gain":0,"max_hp_loss":0,"event_name":"Addict","floor":25,"gold_loss":85},{"damage_healed":0,"gold_gain":0,"player_choice":"Memory 1","damage_taken":0,"max_hp_gain":0,"max_hp_loss":0,"event_name":"SensoryStone","floor":37,"gold_loss":0},{"damage_healed":80,"gold_gain":0,"player_choice":"Heal","damage_taken":0,"max_hp_gain":0,"max_hp_loss":12,"event_name":"The Moai Head","floor":44,"gold_loss":0},{"cards_removed":["Cold Snap"],"damage_healed":0,"gold_gain":0,"player_choice":"Removed Attack","damage_taken":0,"max_hp_gain":0,"max_hp_loss":0,"event_name":"Falling","floor":45,"gold_loss":0}],"is_beta":false,"boss_relics":[{"not_picked":["Pandora\u0027s Box","Philosopher\u0027s Stone"],"picked":"Sozu"},{"not_picked":["Eternal Feather","White Beast Statue"],"picked":"FrozenCore"}],"items_purged_floors":[47],"is_endless":false,"potions_floor_spawned":[7,11,16,18,24,28,33,36,38,39,41,46],"ascension_level":0}