{"gold_per_floor":[113,113,38,51,51,77,87,87,87,112,129,163,40,56,56,153,153,167,167,266,284,307,307,342,342,368,398,409,434,449,468,468,572,572,587,90,90,90,43,74,74,105,186,186,206,50,80,92,92,92],"floor_reached":51,"playtime":3927,"items_purged":["Strike_B","Strike_B"],"score":1033,"play_id":"4c0b8d9e-3e37-4788-9c0c-38b6828c5fc1","local_time":"20190811161902","is_ascension_mode":true,"campfire_choices":[{"data":"Double Energy","floor":8,"key":"SMITH"},{"data":"Defragment","floor":15,"key":"SMITH"},{"data":"Machine Learning","floor":23,"key":"SMITH"},{"data":"Sunder","floor":25,"key":"SMITH"},{"floor":32,"key":"REST"},{"floor":41,"key":"REST"},{"data":"Echo Form","floor":44,"key":"SMITH"},{"floor":49,"key":"REST"}],"neow_cost":"NONE","seed_source_timestamp":73854846603900,"circlet_count":0,"master_deck":["Strike_B","Strike_B","Defend_B","Defend_B","Zap","Dualcast","Darkness","Double Energy+1","Sunder+1","FTL","Cold Snap","Coolheaded","Undo","Defragment+1","Gash","Coolheaded","Machine Learning+1","Hologram","Turbo+1","Lockon","Defragment","Echo Form+1","Sweeping Beam","Flash of Steel","Gash","White Noise+1","Double Energy+1"],"relics":["Cracked Core","NeowsBlessing","Incense Burner","Calipers","Nunchaku","Bag of Preparation","Runic Pyramid","Pen Nib","DataDisk","Regal Pillow","Gremlin Horn","Omamori","Sozu","Symbiotic Virus","Art of War","Mercury Hourglass","Ancient Tea Set","Toxic Egg 2","PreservedInsect","Orichalcum"],"potions_floor_usage":[10,16,24,24,24,27,29,29,29,40,50],"damage_taken":[{"damage":0,"enemies":"Small Slimes","floor":1,"turns":1},{"damage":0,"enemies":"Cultist","floor":4,"turns":1},{"damage":0,"enemies":"3 Sentries","floor":6,"turns":1},{"damage":1,"enemies":"2 Louse","floor":7,"turns":2},{"damage":8,"enemies":"Lagavulin","floor":10,"turns":5},{"damage":0,"enemies":"Gremlin Gang","floor":11,"turns":3},{"damage":1,"enemies":"Gremlin Nob","floor":12,"turns":3},{"damage":0,"enemies":"3 Louse","floor":14,"turns":2},{"damage":0,"enemies":"Slime Boss","floor":16,"turns":6},{"damage":0,"enemies":"Spheric Guardian","floor":18,"turns":3},{"damage":0,"enemies":"Chosen","floor":21,"turns":3},{"damage":3,"enemies":"Book of Stabbing","floor":24,"turns":6},{"damage":1,"enemies":"Gremlin Leader","floor":27,"turns":7},{"damage":16,"enemies":"Snake Plant","floor":28,"turns":4},{"damage":6,"enemies":"Book of Stabbing","floor":29,"turns":6},{"damage":6,"enemies":"Cultist and Chosen","floor":30,"turns":4},{"damage":26,"enemies":"Centurion and Healer","floor":31,"turns":3},{"damage":58,"enemies":"Champ","floor":33,"turns":15},{"damage":5,"enemies":"3 Shapes","floor":35,"turns":4},{"damage":45,"enemies":"Nemesis","floor":40,"turns":4},{"damage":1,"enemies":"Reptomancer","floor":42,"turns":4},{"damage":3,"enemies":"Orb Walker","floor":45,"turns":3},{"damage":33,"enemies":"Nemesis","floor":47,"turns":5},{"damage":8,"enemies":"4 Shapes","floor":48,"turns":3},{"damage":41,"enemies":"Donu and Deca","floor":50,"turns":10}],"seed_played":"4743878668136580125","potions_obtained":[{"floor":2,"key":"Energy Potion"},{"floor":2,"key":"Weak Potion"},{"floor":2,"key":"Block Potion"},{"floor":10,"key":"GamblersBrew"},{"floor":16,"key":"FocusPotion"},{"floor":21,"key":"EntropicBrew"},{"floor":27,"key":"Block Potion"},{"floor":30,"key":"Ancient Potion"},{"floor":33,"key":"PowerPotion"}],"is_trial":false,"path_per_floor":["M","?","$","M","?","E","M","R","T","E","M","E","$","M","R","B",null,"M","?","?","M","T","R","E","R","T","E","M","E","M","M","R","B",null,"M","$","?","?","$","E","R","E","T","R","M","$","E","M","R","B",null],"character_chosen":"DEFECT","items_purchased":["Defragment","Gash","Symbiotic Virus","Art of War","Gash","PreservedInsect"],"campfire_rested":3,"item_purchase_floors":[13,13,36,36,39,46],"current_hp_per_floor":[75,75,75,75,75,75,74,74,74,66,66,65,65,65,65,65,75,75,75,75,75,75,75,72,72,72,71,55,64,58,32,69,11,75,70,70,70,70,70,25,62,61,61,61,58,58,25,17,54,13],"gold":92,"neow_bonus":"THREE_ENEMY_KILL","is_prod":false,"is_daily":false,"chose_seed":false,"campfire_upgraded":5,"win_rate":0,"timestamp":1565565542,"path_taken":["M","?","$","?","?","E","?","R","T","E","M","E","$","M","R","BOSS","M","?","?","M","?","R","E","R","T","E","M","E","M","M","R","BOSS","M","$","?","?","?","E","R","E","T","R","M","$","E","M","R","BOSS"],"build_version":"2019-07-17","purchased_purges":2,"victory":true,"max_hp_per_floor":[75,75,75,75,75,75,75,75,75,75,75,75,75,75,75,75,75,75,75,75,75,75,75,75,75,75,75,75,75,75,75,75,75,75,75,75,75,75,75,75,75,75,75,75,75,75,75,75,75,75],"card_choices":[{"not_picked":["Barrage","Steam"],"picked":"Darkness","floor":1},{"not_picked":["Compile Driver","Rebound"],"picked":"Double Energy","floor":4},{"not_picked":["Hologram","Hello World"],"picked":"Sunder","floor":6},{"not_picked":["Hologram","Steam"],"picked":"FTL","floor":7},{"not_picked":["Steam","Auto Shields"],"picked":"Cold Snap","floor":10},{"not_picked":["Chaos","Barrage"],"picked":"Coolheaded","floor":11},{"not_picked":["Reprogram","Barrage"],"picked":"Undo","floor":12},{"not_picked":["Rip and Tear","Redo"],"picked":"Coolheaded","floor":14},{"not_picked":["Thunder Strike","Biased Cognition"],"picked":"Machine Learning","floor":16},{"not_picked":["Fusion","Compile Driver","Undo"],"picked":"SKIP","floor":18},{"not_picked":["Coolheaded","Melter+1","Heatsinks"],"picked":"SKIP","floor":21},{"not_picked":["Go for the Eyes+1","Sweeping Beam"],"picked":"Hologram","floor":24},{"not_picked":["Auto Shields+1","Thunder Strike","Leap"],"picked":"SKIP","floor":27},{"not_picked":["Force Field","Tempest"],"picked":"Turbo+1","floor":28},{"not_picked":["Cold Snap","Sweeping Beam"],"picked":"Lockon","floor":29},{"not_picked":["Turbo+1","Lockon"],"picked":"Defragment","floor":30},{"not_picked":["Rip and Tear","Sunder+1","Go for the Eyes+1"],"picked":"SKIP","floor":31},{"not_picked":["Hyperbeam","Machine Learning"],"picked":"Echo Form","floor":33},{"not_picked":["Barrage","Static Discharge+1"],"picked":"Sweeping Beam","floor":35},{"not_picked":["Swift Strike","Panache"],"picked":"Flash of Steel","floor":38},{"not_picked":["Fusion+1","Hello World","Rebound"],"picked":"SKIP","floor":40},{"not_picked":["Scrape+1","Chill","Compile Driver+1"],"picked":"SKIP","floor":42},{"not_picked":["Ball Lightning+1","Recycle+1"],"picked":"White Noise+1","floor":45},{"not_picked":["Rebound","Buffer","Compile Driver+1"],"picked":"SKIP","floor":47},{"not_picked":["Cold Snap","Compile Driver"],"picked":"Double Energy+1","floor":48}],"player_experience":291353,"relics_obtained":[{"floor":6,"key":"Incense Burner"},{"floor":9,"key":"Calipers"},{"floor":10,"key":"Nunchaku"},{"floor":12,"key":"Bag of Preparation"},{"floor":22,"key":"Pen Nib"},{"floor":24,"key":"DataDisk"},{"floor":26,"key":"Regal Pillow"},{"floor":27,"key":"Gremlin Horn"},{"floor":29,"key":"Omamori"},{"floor":40,"key":"Mercury Hourglass"},{"floor":42,"key":"Ancient Tea Set"},{"floor":43,"key":"Toxic Egg 2"},{"floor":47,"key":"Orichalcum"}],"event_choices":[{"damage_healed":0,"gold_gain":0,"player_choice":"Got Potions","damage_taken":0,"max_hp_gain":0,"max_hp_loss":0,"event_name":"Lab","floor":2,"gold_loss":0},{"cards_removed":["Defend_B"],"damage_healed":0,"gold_gain":0,"player_choice":"Purged","damage_taken":0,"max_hp_gain":0,"max_hp_loss":0,"event_name":"Purifier","floor":5,"gold_loss":0},{"damage_healed":0,"gold_gain":0,"player_choice":"Ignored","damage_taken":0,"max_hp_gain":0,"max_hp_loss":0,"event_name":"Ghosts","floor":19,"gold_loss":0},{"damage_healed":0,"gold_gain":99,"player_choice":"Stole From Cult","damage_taken":0,"max_hp_gain":0,"max_hp_loss":0,"event_name":"Nest","floor":20,"gold_loss":0},{"cards_removed":["Defend_B"],"damage_healed":0,"gold_gain":0,"player_choice":"Removed Skill","damage_taken":0,"max_hp_gain":0,"max_hp_loss":0,"event_name":"Falling","floor":37,"gold_loss":0},{"damage_healed":0,"gold_gain":0,"player_choice":"Memory 1","damage_taken":0,"max_hp_gain":0,"max_hp_loss":0,"event_name":"SensoryStone","floor":38,"gold_loss":0}],"is_beta":false,"boss_relics":[{"not_picked":["Pandora\u0027s Box","Calling Bell"],"picked":"Runic Pyramid"},{"not_picked":["Busted Crown","Tiny House"],"picked":"Sozu"}],"items_purged_floors":[3,36],"is_endless":false,"potions_floor_spawned":[7,10,11,12,16,21,27,28,30,33,35,47,48],"ascension_level":4}