{"gold_per_floor":[114,189,189,114,127,154,154,172,198,98,98,115,115,126,126,230,230,248,266,191,191,66,99,99,126,176,176,176,196,196,46,46,145,145,157,157,257,82,82,82,101,450,450,450,250,250,262,274,274,274,274,274,49,82,82],"floor_reached":55,"playtime":5411,"items_purged":["Strike_G","Strike_G","Defend_G","Defend_G","Defend_G","Survivor","Eviscerate+1"],"score":829,"play_id":"9677d894-5b91-4c8e-add8-56ea879fc204","local_time":"20181205230501","is_ascension_mode":false,"campfire_choices":[{"floor":7.0,"key":"REST"},{"data":"Calculated Gamble","floor":11.0,"key":"SMITH"},{"data":"Eviscerate","floor":13.0,"key":"SMITH"},{"data":"Endless Agony","floor":15.0,"key":"SMITH"},{"data":"Reflex","floor":24.0,"key":"SMITH"},{"floor":27.0,"key":"REST"},{"data":"Prepared","floor":30.0,"key":"SMITH"},{"floor":32.0,"key":"REST"},{"floor":40.0,"key":"RECALL"},{"data":"Grand Finale","floor":46.0,"key":"SMITH"},{"floor":49.0,"key":"REST"},{"floor":52.0,"key":"REST"}],"neow_cost":"NONE","seed_source_timestamp":83708519145951,"circlet_count":0,"master_deck":["Dagger Throw+1","Quick Slash+1","Endless Agony+1","Calculated Gamble+1","Reflex+1","Prepared+1","Grand Finale+1"],"special_seed":0,"relics":["Astrolabe","Happy Flower","Juzu Bracelet","Busted Crown","Singing Bowl","Snake Skull","Cursed Key","Old Coin","Darkstone Periapt"],"potions_floor_usage":[55,55,55],"damage_taken":[{"damage":0.0,"enemies":"Small Slimes","floor":1.0,"turns":3.0},{"damage":3.0,"enemies":"Jaw Worm","floor":5.0,"turns":2.0},{"damage":26.0,"enemies":"Lagavulin","floor":6.0,"turns":7.0},{"damage":0.0,"enemies":"2 Louse","floor":8.0,"turns":2.0},{"damage":0.0,"enemies":"Looter","floor":12.0,"turns":2.0},{"damage":0.0,"enemies":"Exordium Wildlife","floor":14.0,"turns":2.0},{"damage":9.0,"enemies":"Hexaghost","floor":16.0,"turns":7.0},{"damage":0.0,"enemies":"Spheric Guardian","floor":18.0,"turns":3.0},{"damage":0.0,"enemies":"Chosen","floor":19.0,"turns":3.0},{"damage":25.0,"enemies":"Book of Stabbing","floor":23.0,"turns":5.0},{"damage":28.0,"enemies":"Slavers","floor":25.0,"turns":5.0},{"damage":9.0,"enemies":"Snake Plant","floor":29.0,"turns":4.0},{"damage":2.0,"enemies":"Collector","floor":33.0,"turns":3.0},{"damage":0.0,"enemies":"Orb Walker","floor":35.0,"turns":2.0},{"damage":0.0,"enemies":"3 Darklings","floor":41.0,"turns":1.0},{"damage":0.0,"enemies":"2 Orb Walkers","floor":42.0,"turns":1.0},{"damage":0.0,"enemies":"Transient","floor":47.0,"turns":2.0},{"damage":3.0,"enemies":"Sphere and 2 Shapes","floor":48.0,"turns":1.0},{"damage":0.0,"enemies":"Awakened One","floor":50.0,"turns":2.0},{"damage":0.0,"enemies":"Shield and Spear","floor":54.0,"turns":1.0},{"damage":86,"enemies":"The Heart","floor":55,"turns":3}],"seed_played":"-433369537711283896","potions_obtained":[{"floor":12.0,"key":"Dexterity Potion"},{"floor":14.0,"key":"AttackPotion"},{"floor":29.0,"key":"FearPotion"},{"floor":33.0,"key":"GamblersBrew"},{"floor":35.0,"key":"Fire Potion"}],"is_trial":false,"path_per_floor":["M","?","?","$","M","E","R","M","T","$","R","M","R","M","R","B",null,"M","M","?","?","$","E","R","E","T","R","?","M","R","$","R","B",null,"M","?","?","$","?","R","M","?","T","T","$","R","M","M","R","B",null,"R","$","E","B"],"character_chosen":"THE_SILENT","items_purchased":[],"campfire_rested":5,"item_purchase_floors":[],"current_hp_per_floor":[70,59,52,52,49,23,44,44,44,44,44,44,44,44,44,35,70,70,70,70,70,70,45,45,19,19,40,40,33,33,33,55,53,74,76,76,76,76,76,76,78,80,80,80,80,80,82,81,84,84,84,84,84,86,0],"gold":82,"neow_bonus":"BOSS_RELIC","is_prod":false,"is_daily":false,"chose_seed":false,"campfire_upgraded":6,"win_rate":0,"timestamp":1544069101,"path_taken":["M","?","?","$","M","E","R","M","T","?","R","M","R","M","R","BOSS","M","M","?","?","?","E","R","E","T","R","?","M","R","$","R","BOSS","M","?","?","$","?","R","M","?","T","?","?","R","M","M","R","BOSS","R","$","E","BOSS"],"build_version":"2018-11-15","purchased_purges":7,"victory":false,"max_hp_per_floor":[70,70,70,70,70,70,70,70,70,70,70,70,70,70,70,70,70,70,70,70,70,70,70,70,72,72,72,72,74,74,74,74,74,74,76,76,76,76,76,76,78,80,80,80,80,80,82,84,84,84,84,84,84,86,86],"card_choices":[{"not_picked":["Dodge and Roll","Dagger Spray"],"picked":"Endless Agony","floor":1.0},{"not_picked":["Catalyst","Dodge and Roll","Infinite Blades"],"picked":"SKIP","floor":5.0},{"not_picked":["Dash","Quick Slash","Dagger Throw"],"picked":"SKIP","floor":6.0},{"not_picked":["Blade Dance","Prepared"],"picked":"Calculated Gamble","floor":8.0},{"not_picked":["Sucker Punch","Deflect"],"picked":"Eviscerate","floor":12.0},{"not_picked":["Slice","Deflect","Masterful Stab"],"picked":"SKIP","floor":14.0},{"not_picked":["Poisoned Stab+1"],"picked":"SKIP","floor":18.0},{"not_picked":["Deflect"],"picked":"SKIP","floor":19.0},{"not_picked":[],"picked":"Prepared","floor":23.0},{"not_picked":["Sucker Punch"],"picked":"Singing Bowl","floor":25.0},{"not_picked":["Poisoned Stab"],"picked":"Singing Bowl","floor":29.0},{"not_picked":[],"picked":"Grand Finale","floor":33.0},{"not_picked":["Blade Dance+1"],"picked":"Singing Bowl","floor":35.0},{"not_picked":["Prepared+1"],"picked":"Singing Bowl","floor":41.0},{"not_picked":["Slice"],"picked":"Singing Bowl","floor":42.0},{"not_picked":["Slice+1"],"picked":"Singing Bowl","floor":47.0},{"not_picked":["Deadly Poison+1"],"picked":"Singing Bowl","floor":48.0},{"not_picked":["Acrobatics+1"],"picked":"Singing Bowl","floor":54.0}],"player_experience":598202,"relics_obtained":[{"floor":6.0,"key":"Happy Flower"},{"floor":9.0,"key":"Juzu Bracelet"},{"floor":23.0,"key":"Singing Bowl"},{"floor":25.0,"key":"Snake Skull"},{"floor":42.0,"key":"Old Coin"},{"floor":54.0,"key":"Darkstone Periapt"}],"event_choices":[{"damage_healed":0.0,"max_hp_gain":0.0,"max_hp_loss":0.0,"gold_gain":75.0,"event_name":"World of Goop","player_choice":"Gather Gold","floor":2.0,"gold_loss":0.0,"damage_taken":11.0},{"cards_removed":["Strike_G"],"damage_healed":0.0,"max_hp_gain":0.0,"max_hp_loss":0.0,"gold_gain":0.0,"event_name":"Golden Wing","player_choice":"Card Removal","floor":3.0,"gold_loss":0.0,"damage_taken":7.0},{"cards_removed":["Defend_G"],"damage_healed":0.0,"max_hp_gain":0.0,"max_hp_loss":0.0,"gold_gain":0.0,"event_name":"Beggar","player_choice":"Gave Gold","floor":20.0,"gold_loss":75.0,"damage_taken":0.0},{"damage_healed":0.0,"max_hp_gain":0.0,"max_hp_loss":0.0,"gold_gain":0.0,"event_name":"The Library","player_choice":"Read","floor":21.0,"gold_loss":0.0,"damage_taken":0.0,"cards_obtained":["Reflex"]},{"cards_removed":["Neutralize"],"damage_healed":0.0,"max_hp_gain":0.0,"max_hp_loss":0.0,"gold_gain":0.0,"event_name":"Back to Basics","player_choice":"Elegance","floor":28.0,"gold_loss":0.0,"damage_taken":0.0},{"damage_healed":0.0,"max_hp_gain":0.0,"max_hp_loss":0.0,"gold_gain":0.0,"event_name":"Tomb of Lord Red Mask","player_choice":"Ignored","floor":36.0,"gold_loss":0.0,"damage_taken":0.0},{"damage_healed":0.0,"max_hp_gain":0.0,"max_hp_loss":0.0,"gold_gain":100.0,"event_name":"Golden Shrine","player_choice":"Pray","floor":37.0,"gold_loss":0.0,"damage_taken":0.0},{"cards_removed":["Sucker Punch"],"damage_healed":0.0,"max_hp_gain":0.0,"max_hp_loss":0.0,"gold_gain":0.0,"event_name":"Purifier","player_choice":"Purged","floor":39.0,"gold_loss":0.0,"damage_taken":0.0},{"damage_healed":0.0,"max_hp_gain":0.0,"max_hp_loss":0.0,"gold_gain":0.0,"event_name":"Mysterious Sphere","player_choice":"Fight","floor":42.0,"gold_loss":0.0,"damage_taken":0.0}],"is_beta":false,"boss_relics":[{"not_picked":["Orrery","Velvet Choker"],"picked":"Busted Crown"},{"not_picked":["Fusion Hammer","HoveringKite"],"picked":"Cursed Key"}],"items_purged_floors":[4,10,22,31,38,45,53],"is_endless":false,"potions_floor_spawned":[12,14,29,33,35,47,54],"killed_by":"The Heart","ascension_level":0}