{"gold_per_floor":[116,116,19,19,33,33,59,59,130,150,184,197,209,239,239,341,341,352,352,352,371,296,296,321,37,84,84,114,114],"floor_reached":29,"playtime":1628,"items_purged":["Strike_B"],"score":407,"play_id":"c10177ed-97b5-4752-a08a-89639b5f340b","local_time":"20190702175208","is_ascension_mode":true,"campfire_choices":[{"data":"Fusion","floor":6,"key":"SMITH"},{"data":"Zap","floor":8,"key":"SMITH"},{"data":"Coolheaded","floor":15,"key":"SMITH"},{"floor":23,"key":"DIG"},{"data":"Steam Power","floor":27,"key":"SMITH"}],"neow_cost":"TEN_PERCENT_HP_LOSS","seed_source_timestamp":553631674527001,"circlet_count":0,"master_deck":["Strike_B","Strike_B","Defend_B","Defend_B","Defend_B","Zap+1","Dualcast","Fusion+1","Core Surge","Coolheaded+1","Ball Lightning","Darkness","Redo","Core Surge","Electrodynamics","Echo Form","Conserve Battery","Stack","Gash","Steam Power+1","FTL","Sweeping Beam","Genetic Algorithm","Go for the Eyes","Self Repair","Compile Driver"],"relics":["Cracked Core","FossilizedHelix","Dream Catcher","Blue Candle","Bronze Scales","Orrery","Shovel","Bird Faced Urn","Bag of Marbles","Bottled Flame","Gremlin Horn","PreservedInsect","Orichalcum"],"potions_floor_usage":[7,12,24,24,29],"damage_taken":[{"damage":0,"enemies":"Jaw Worm","floor":1,"turns":2},{"damage":0,"enemies":"Cultist","floor":5,"turns":3},{"damage":9,"enemies":"Gremlin Nob","floor":7,"turns":4},{"damage":0,"enemies":"Small Slimes","floor":10,"turns":2},{"damage":0,"enemies":"Lagavulin","floor":11,"turns":7},{"damage":11,"enemies":"Exordium Thugs","floor":12,"turns":3},{"damage":0,"enemies":"Looter","floor":13,"turns":2},{"damage":0,"enemies":"Gremlin Nob","floor":14,"turns":3},{"damage":3,"enemies":"Slime Boss","floor":16,"turns":7},{"damage":6,"enemies":"Chosen","floor":18,"turns":4},{"damage":22,"enemies":"2 Thieves","floor":21,"turns":3},{"damage":25,"enemies":"Book of Stabbing","floor":24,"turns":5},{"damage":0,"enemies":"Gremlin Leader","floor":28,"turns":4},{"damage":26,"enemies":"Snake Plant","floor":29,"turns":2}],"seed_played":"-3592121492426006633","potions_obtained":[{"floor":5,"key":"EssenceOfSteel"},{"floor":11,"key":"Fire Potion"},{"floor":12,"key":"FocusPotion"},{"floor":14,"key":"FearPotion"},{"floor":16,"key":"Poison Potion"},{"floor":18,"key":"EssenceOfSteel"},{"floor":24,"key":"Fire Potion"}],"is_trial":false,"path_per_floor":["M","?","$","?","M","R","E","R","T","M","E","M","M","E","R","B",null,"M","?","T","M","?","R","E","$","T","R","E","M"],"character_chosen":"DEFECT","items_purchased":["Coolheaded","Gremlin Horn","Self Repair"],"campfire_rested":0,"item_purchase_floors":[3,25,25],"current_hp_per_floor":[68,68,68,68,68,68,59,59,59,59,59,48,48,48,48,45,68,62,62,62,46,46,46,23,23,23,23,25,0],"gold":114,"neow_bonus":"ONE_RARE_RELIC","is_prod":false,"is_daily":false,"chose_seed":false,"campfire_upgraded":4,"win_rate":0,"timestamp":1562115128,"path_taken":["M","?","$","?","M","R","E","R","T","?","E","M","?","E","R","BOSS","M","?","?","?","?","R","E","$","T","R","E","M"],"build_version":"2019-07-01","purchased_purges":1,"victory":false,"max_hp_per_floor":[68,68,68,68,68,68,68,68,68,68,68,68,68,68,68,68,68,68,68,68,68,68,68,68,68,68,68,68,68],"card_choices":[{"not_picked":["Stack","Reprogram"],"picked":"Fusion","floor":1},{"not_picked":["Barrage","BootSequence"],"picked":"Ball Lightning","floor":5},{"not_picked":["Auto Shields","Rebound","Streamline"],"picked":"SKIP","floor":7},{"not_picked":["Recycle","Melter"],"picked":"Darkness","floor":10},{"not_picked":["Consume","Tempest"],"picked":"Redo","floor":11},{"not_picked":["Streamline","Sweeping Beam","Steam"],"picked":"SKIP","floor":12},{"not_picked":["Rip and Tear","Compile Driver"],"picked":"Core Surge","floor":13},{"not_picked":["Go for the Eyes","Streamline"],"picked":"Electrodynamics","floor":14},{"not_picked":["Reboot","Seek"],"picked":"Echo Form","floor":16},{"not_picked":["Steam Power","Hologram"],"picked":"Conserve Battery","floor":17},{"not_picked":["BootSequence","Coolheaded"],"picked":"Stack","floor":17},{"not_picked":["Barrage","Steam Power"],"picked":"Gash","floor":17},{"not_picked":["Leap","Ball Lightning"],"picked":"Steam Power","floor":17},{"not_picked":["Steam Power","Rebound"],"picked":"FTL","floor":17},{"not_picked":["Double Energy","Conserve Battery"],"picked":"Sweeping Beam","floor":18},{"not_picked":["Conserve Battery","Rip and Tear"],"picked":"Genetic Algorithm","floor":21},{"not_picked":["Amplify","Cold Snap"],"picked":"Go for the Eyes","floor":24},{"not_picked":["Capacitor","Lockon"],"picked":"Compile Driver","floor":28}],"player_experience":131970,"relics_obtained":[{"floor":7,"key":"Dream Catcher"},{"floor":11,"key":"Blue Candle"},{"floor":14,"key":"Bronze Scales"},{"floor":20,"key":"Bird Faced Urn"},{"floor":23,"key":"Bag of Marbles"},{"floor":24,"key":"Bottled Flame"},{"floor":26,"key":"PreservedInsect"},{"floor":28,"key":"Orichalcum"}],"event_choices":[{"damage_healed":0,"gold_gain":0,"cards_transformed":["Strike_B"],"player_choice":"Change","damage_taken":0,"max_hp_gain":0,"max_hp_loss":0,"event_name":"Living Wall","floor":2,"gold_loss":0,"cards_obtained":["Core Surge"]},{"cards_removed":["Defend_B"],"damage_healed":0,"gold_gain":0,"player_choice":"Purged","damage_taken":0,"max_hp_gain":0,"max_hp_loss":0,"event_name":"Purifier","floor":4,"gold_loss":0},{"damage_healed":0,"gold_gain":0,"player_choice":"Opened","damage_taken":0,"relics_obtained":["Shovel"],"max_hp_gain":0,"max_hp_loss":0,"event_name":"The Mausoleum","floor":19,"gold_loss":0,"cards_obtained":["Writhe"]},{"cards_removed":["Writhe"],"damage_healed":0,"gold_gain":0,"player_choice":"Gave Gold","damage_taken":0,"max_hp_gain":0,"max_hp_loss":0,"event_name":"Beggar","floor":22,"gold_loss":75}],"is_beta":false,"boss_relics":[{"not_picked":["Sozu","Runic Dome"],"picked":"Orrery"}],"items_purged_floors":[3],"is_endless":false,"potions_floor_spawned":[5,11,12,14,16,18,24],"killed_by":"Snake Plant","ascension_level":3}