{"gold_per_floor":[109,109,34,45,57,92,105,105,105,105,105,149,172,212,212,337,400,414,439],"floor_reached":19,"playtime":6395,"items_purged":["Strike_R"],"score":268,"play_id":"7554eccf-4f8e-4e6c-8764-94433407b65d","local_time":"20190712155002","is_ascension_mode":true,"campfire_choices":[{"floor":8.0,"key":"REST"},{"data":"Berserk","floor":11.0,"key":"SMITH"},{"floor":15.0,"key":"REST"}],"neow_cost":"NONE","seed_source_timestamp":0,"circlet_count":0,"master_deck":["Strike_R","Strike_R","Strike_R","Strike_R","Defend_R","Defend_R","Defend_R","Defend_R","Bash","Thunderclap","Cleave","Evolve","Entrench+1","Berserk+1","Seeing Red+1","Armaments+1","Armaments+1","Impervious+1","True Grit+1","Power Through+1","Iron Wave"],"special_seed":0,"relics":["Snecko Eye","Lantern","Turnip","Bottled Flame","Golden Idol","Toxic Egg 2","WingedGreaves","Tiny House"],"potions_floor_usage":[],"damage_taken":[{"damage":12.0,"enemies":"Jaw Worm","floor":1.0,"turns":3.0},{"damage":0.0,"enemies":"Cultist","floor":4.0,"turns":2.0},{"damage":6.0,"enemies":"2 Louse","floor":5.0,"turns":2.0},{"damage":42.0,"enemies":"Lagavulin","floor":6.0,"turns":10.0},{"damage":0.0,"enemies":"Large Slime","floor":7.0,"turns":3.0},{"damage":20.0,"enemies":"3 Sentries","floor":12.0,"turns":6.0},{"damage":10.0,"enemies":"2 Fungi Beasts","floor":13.0,"turns":3.0},{"damage":0.0,"enemies":"Gremlin Nob","floor":14.0,"turns":3.0},{"damage":55.0,"enemies":"Hexaghost","floor":16.0,"turns":11.0},{"damage":36,"enemies":"3 Byrds","floor":18,"turns":6},{"damage":3,"enemies":"Spheric Guardian","floor":19,"turns":7}],"seed_played":"1136585907234985139","potions_obtained":[{"floor":5.0,"key":"Weak Potion"},{"floor":6.0,"key":"Strength Potion"},{"floor":7.0,"key":"BloodPotion"},{"floor":12.0,"key":"GamblersBrew"},{"floor":13.0,"key":"FairyPotion"},{"floor":17,"key":"FairyPotion"}],"is_trial":false,"path_per_floor":["M","?","$","M","M","E","M","R","T","?","R","E","M","E","R","B",null,"M","M"],"character_chosen":"IRONCLAD","items_purchased":[],"campfire_rested":2,"item_purchase_floors":[],"current_hp_per_floor":[68,68,68,68,62,20,20,44,44,44,44,42,32,32,54,7,62,26,23],"gold":439,"neow_bonus":"BOSS_RELIC","is_prod":false,"is_daily":false,"chose_seed":false,"campfire_upgraded":1,"win_rate":0,"timestamp":1562971802,"path_taken":["M","?","$","M","M","E","?","R","T","?","R","E","M","E","R","BOSS","M","M"],"build_version":"2019-07-05","purchased_purges":1,"victory":false,"max_hp_per_floor":[80,80,80,80,80,80,80,80,80,74,74,74,74,74,74,74,79,79,79],"card_choices":[{"not_picked":["Headbutt","Body Slam"],"picked":"Thunderclap","floor":1.0},{"not_picked":["Carnage","Wild Strike"],"picked":"Cleave","floor":4.0},{"not_picked":["Disarm","Pummel"],"picked":"Evolve","floor":5.0},{"not_picked":["Anger","Blood for Blood"],"picked":"Entrench","floor":6.0},{"not_picked":["Uppercut","Wild Strike"],"picked":"Berserk","floor":7.0},{"not_picked":["Perfected Strike","Sever Soul"],"picked":"Seeing Red","floor":12.0},{"not_picked":["True Grit+1","Perfected Strike"],"picked":"Armaments+1","floor":13.0},{"not_picked":["Exhume+1","Fire Breathing"],"picked":"Armaments+1","floor":14.0},{"not_picked":["Exhume+1","Dark Embrace"],"picked":"Impervious+1","floor":16.0},{"not_picked":["Headbutt","Entrench+1"],"picked":"True Grit+1","floor":17},{"not_picked":["Carnage+1","Twin Strike+1"],"picked":"Power Through+1","floor":18},{"not_picked":["Heavy Blade","Sentinel+1"],"picked":"Iron Wave","floor":19}],"player_experience":263727,"relics_obtained":[{"floor":2.0,"key":"Lantern"},{"floor":6.0,"key":"Turnip"},{"floor":9.0,"key":"Bottled Flame"},{"floor":12.0,"key":"Toxic Egg 2"},{"floor":14.0,"key":"WingedGreaves"}],"event_choices":[{"damage_healed":0.0,"max_hp_gain":0.0,"max_hp_loss":0.0,"gold_gain":0.0,"event_name":"Wheel of Change","player_choice":"Relic","floor":2.0,"gold_loss":0.0,"damage_taken":0.0},{"damage_healed":0.0,"max_hp_gain":0.0,"max_hp_loss":6.0,"gold_gain":0.0,"event_name":"Golden Idol","player_choice":"Lose Max HP","floor":10.0,"gold_loss":0.0,"damage_taken":0.0,"relics_obtained":["Golden Idol"]}],"is_beta":false,"boss_relics":[{"not_picked":["Fusion Hammer","Lizard Tail"],"picked":"Tiny House"}],"items_purged_floors":[3],"is_endless":false,"potions_floor_spawned":[5,6,7,12,13],"killed_by":"Spheric Guardian","ascension_level":5}