{"gold_per_floor":[116,116,129,147,50,50,64,84,130,148,113,127,127,127,127,222,222,241,241,259,272,272,272,21,21,46,23,42,53,2,2,2,2],"floor_reached":33,"playtime":4746,"items_purged":[],"score":289,"play_id":"6d263be9-6e06-43b4-863d-88960a3ea25c","local_time":"20190813002423","is_ascension_mode":false,"campfire_choices":[{"data":"Armaments","floor":6,"key":"SMITH"},{"data":"Armaments","floor":13,"key":"SMITH"},{"floor":15,"key":"REST"},{"data":"Armaments","floor":23,"key":"SMITH"},{"floor":32,"key":"REST"}],"neow_cost":"PERCENT_DAMAGE","seed_source_timestamp":2611236557245500,"circlet_count":0,"master_deck":["Defend_R+1","Defend_R","Defend_R","Bash","Twin Strike","Burning Pact","Clothesline","Shockwave","Armaments+1","Armaments+1","Wild Strike+1","Combust","True Grit","Iron Wave","Flame Barrier","Ghostly Armor","Impervious","Clash","Dual Wield","Armaments+1","Battle Trance","Bludgeon","Flex","Bite","Bite","Bite","Bite","Bite","Carnage","Thunderclap","Metamorphosis+1","Fire Breathing","Flex","Flex","Anger"],"relics":["Burning Blood","Centennial Puzzle","Orrery","Happy Flower"],"potions_floor_usage":[16,16,28,33,33,33],"damage_taken":[{"damage":0,"enemies":"Small Slimes","floor":1,"turns":3},{"damage":2,"enemies":"2 Louse","floor":3,"turns":3},{"damage":4,"enemies":"Jaw Worm","floor":4,"turns":4},{"damage":4,"enemies":"Blue Slaver","floor":7,"turns":4},{"damage":26,"enemies":"Gremlin Gang","floor":8,"turns":6},{"damage":13,"enemies":"Red Slaver","floor":10,"turns":4},{"damage":4,"enemies":"Blue Slaver","floor":12,"turns":5},{"damage":10,"enemies":"The Guardian","floor":16,"turns":13},{"damage":13,"enemies":"Chosen","floor":18,"turns":5},{"damage":27,"enemies":"3 Byrds","floor":20,"turns":9},{"damage":13,"enemies":"Snecko","floor":21,"turns":7},{"damage":31,"enemies":"3 Cultists","floor":28,"turns":8},{"damage":11,"enemies":"Centurion and Healer","floor":29,"turns":6},{"damage":99,"enemies":"Collector","floor":33,"turns":11}],"seed_played":"5866544929895422728","potions_obtained":[{"floor":7,"key":"PowerPotion"},{"floor":8,"key":"Poison Potion"},{"floor":16,"key":"Fire Potion"},{"floor":18,"key":"Ancient Potion"},{"floor":29,"key":"Regen Potion"}],"is_trial":false,"path_per_floor":["M","?","M","M","$","R","M","M","T","M","?","M","R","?","R","B",null,"M","?","M","M","?","R","$","?","T","$","M","M","$","?","R","B"],"character_chosen":"IRONCLAD","items_purchased":["Wild Strike","Combust","Metamorphosis","Fire Breathing","Flex","Explosive Potion"],"campfire_rested":2,"item_purchase_floors":[5,5,24,24,27,30],"current_hp_per_floor":[62,62,66,68,68,68,70,50,50,43,63,65,65,49,73,69,80,73,56,49,48,48,48,48,48,48,48,36,35,35,35,51,0],"gold":2,"neow_bonus":"TRANSFORM_TWO_CARDS","is_prod":false,"is_daily":false,"chose_seed":false,"campfire_upgraded":3,"win_rate":0,"timestamp":1565681063,"path_taken":["M","?","M","M","$","R","M","M","T","M","?","M","R","?","R","BOSS","M","?","M","M","?","R","$","?","T","$","M","?","?","?","R","BOSS"],"build_version":"2019-07-17","purchased_purges":0,"victory":false,"max_hp_per_floor":[80,80,80,80,80,80,80,80,80,80,80,80,80,80,80,80,80,80,56,56,56,56,56,56,56,56,56,56,56,56,56,56,56],"card_choices":[{"not_picked":["Body Slam","Warcry"],"picked":"Clothesline","floor":1},{"not_picked":["Second Wind","Flex"],"picked":"Armaments","floor":3},{"not_picked":["Warcry","Intimidate"],"picked":"Armaments","floor":4},{"not_picked":["Iron Wave","Shrug It Off"],"picked":"True Grit","floor":7},{"not_picked":["True Grit","Flex"],"picked":"Iron Wave","floor":8},{"not_picked":["Cleave","Combust"],"picked":"Flame Barrier","floor":10},{"not_picked":["Perfected Strike","Armaments"],"picked":"Ghostly Armor","floor":12},{"not_picked":["Berserk","Fiend Fire"],"picked":"Impervious","floor":16},{"not_picked":["Clothesline","Sword Boomerang"],"picked":"Clash","floor":17},{"not_picked":["Warcry","Shrug It Off"],"picked":"Dual Wield","floor":17},{"not_picked":["Clash","Warcry"],"picked":"Armaments","floor":17},{"not_picked":["Heavy Blade","Shrug It Off"],"picked":"Battle Trance","floor":17},{"not_picked":["Clothesline","Sword Boomerang"],"picked":"Bludgeon","floor":17},{"not_picked":["Heavy Blade","Sever Soul"],"picked":"Flex","floor":18},{"not_picked":["Battle Trance","Burning Pact"],"picked":"Carnage","floor":20},{"not_picked":["Twin Strike","Heavy Blade"],"picked":"Thunderclap","floor":21},{"not_picked":["Rupture","Inflame"],"picked":"Flex","floor":28},{"not_picked":["Feel No Pain","Warcry+1","Headbutt"],"picked":"SKIP","floor":29}],"player_experience":66275,"relics_obtained":[{"floor":9,"key":"Centennial Puzzle"},{"floor":26,"key":"Happy Flower"}],"event_choices":[{"damage_healed":0,"gold_gain":0,"cards_transformed":["Strike_R"],"player_choice":"Change","damage_taken":0,"max_hp_gain":0,"max_hp_loss":0,"event_name":"Living Wall","floor":2,"gold_loss":0,"cards_obtained":["Shockwave"]},{"damage_healed":20,"gold_gain":0,"player_choice":"Healed","damage_taken":0,"max_hp_gain":0,"max_hp_loss":0,"event_name":"The Cleric","floor":11,"gold_loss":35},{"damage_healed":0,"gold_gain":0,"player_choice":"Entered Light","damage_taken":16,"max_hp_gain":0,"max_hp_loss":0,"event_name":"Shining Light","floor":14,"gold_loss":0,"cards_upgraded":["Wild Strike","Defend_R"]},{"damage_healed":0,"gold_gain":0,"player_choice":"Became a vampire","damage_taken":0,"max_hp_gain":0,"max_hp_loss":24,"event_name":"Vampires","floor":19,"gold_loss":0,"cards_obtained":["Bite","Bite","Bite","Bite","Bite"]},{"damage_healed":0,"gold_gain":0,"player_choice":"Ignored","damage_taken":0,"max_hp_gain":0,"max_hp_loss":0,"event_name":"Beggar","floor":22,"gold_loss":0},{"damage_healed":0,"gold_gain":0,"player_choice":"Forge","damage_taken":0,"max_hp_gain":0,"max_hp_loss":0,"event_name":"Accursed Blacksmith","floor":25,"gold_loss":0,"cards_upgraded":["Metamorphosis"]},{"damage_healed":0,"gold_gain":0,"player_choice":"Read","damage_taken":0,"max_hp_gain":0,"max_hp_loss":0,"event_name":"The Library","floor":31,"gold_loss":0,"cards_obtained":["Anger"]}],"is_beta":false,"boss_relics":[{"not_picked":["Cursed Key","Eternal Feather"],"picked":"Orrery"}],"items_purged_floors":[],"is_endless":false,"potions_floor_spawned":[7,8,16,18,29],"killed_by":"Collector","ascension_level":0}