{"gold_per_floor":[109,123,48,48,65,65,93,104,104,104],"floor_reached":10,"playtime":761,"items_purged":["Strike_R"],"score":68,"play_id":"8ffb8a12-1cee-402d-9660-e0a57a63240c","local_time":"20190301231113","is_ascension_mode":false,"campfire_choices":[{"data":"Uppercut","floor":6,"key":"SMITH"}],"neow_cost":"NONE","seed_source_timestamp":71680873196507,"circlet_count":0,"master_deck":["Strike_R","Strike_R","Strike_R","Defend_R","Defend_R","Defend_R","Defend_R","Bash","Uppercut+1","Sword Boomerang","Regret","Dual Wield+1","Disarm+1","Metallicize"],"relics":["Burning Blood","Toxic Egg 2","Meat on the Bone","Ornamental Fan"],"potions_floor_usage":[],"damage_taken":[{"damage":2,"enemies":"2 Louse","floor":1,"turns":4},{"damage":0,"enemies":"Small Slimes","floor":2,"turns":3},{"damage":1,"enemies":"Cultist","floor":5,"turns":3},{"damage":66,"enemies":"3 Sentries","floor":7,"turns":9},{"damage":16,"enemies":"Exordium Thugs","floor":8,"turns":6},{"damage":23,"enemies":"Gremlin Nob","floor":10,"turns":4}],"seed_played":"4638082993228981200","potions_obtained":[{"floor":1,"key":"Explosive Potion"},{"floor":5,"key":"SkillPotion"},{"floor":7,"key":"SpeedPotion"}],"is_trial":false,"path_per_floor":["M","M","$","?","M","R","E","M","T","E"],"character_chosen":"IRONCLAD","items_purchased":[],"campfire_rested":0,"item_purchase_floors":[],"current_hp_per_floor":[80,80,80,80,80,80,20,22,22,0],"gold":104,"neow_bonus":"REMOVE_CARD","is_prod":false,"is_daily":false,"chose_seed":false,"campfire_upgraded":1,"win_rate":0.0,"timestamp":1551510673,"path_taken":["M","M","$","?","M","R","E","M","T","E"],"build_version":"2019-01-23","purchased_purges":1,"victory":false,"max_hp_per_floor":[80,80,80,80,80,80,80,80,80,80],"card_choices":[{"not_picked":["Armaments","Pommel Strike"],"picked":"Uppercut","floor":1},{"not_picked":["Infernal Blade","Fire Breathing"],"picked":"Sword Boomerang","floor":2},{"not_picked":["Iron Wave","Clothesline"],"picked":"Dual Wield+1","floor":5},{"not_picked":["Headbutt","Clothesline"],"picked":"Disarm+1","floor":7},{"not_picked":["Iron Wave","Headbutt"],"picked":"Metallicize","floor":8}],"player_experience":21441,"relics_obtained":[{"floor":7,"key":"Meat on the Bone"},{"floor":9,"key":"Ornamental Fan"}],"event_choices":[{"damage_healed":0,"gold_gain":0,"player_choice":"Box","damage_taken":0,"relics_obtained":["Toxic Egg 2"],"max_hp_gain":0,"max_hp_loss":0,"event_name":"Big Fish","floor":4,"gold_loss":0,"cards_obtained":["Regret"]}],"is_beta":false,"boss_relics":[],"items_purged_floors":[3],"is_endless":false,"potions_floor_spawned":[1,5,7],"killed_by":"Gremlin Nob","ascension_level":0}