{"gold_per_floor":[118,118,133,150,165,165,229,244,244,244,258,290,290,323,323,400,400,412,327,327,344,355,355,355],"floor_reached":24,"playtime":1999,"items_purged":[],"score":487,"play_id":"03ec3a4a-f1a8-43c7-b70b-a95d005891e3","local_time":"20190525203102","is_ascension_mode":true,"campfire_choices":[{"data":"Neutralize","floor":6.0,"key":"SMITH"},{"data":"Sucker Punch","floor":10.0,"key":"SMITH"},{"data":"Bouncing Flask","floor":13.0,"key":"SMITH"},{"floor":15.0,"key":"DIG"},{"floor":23,"key":"REST"}],"neow_cost":"NONE","seed_source_timestamp":0,"circlet_count":0,"master_deck":["AscendersBane","Defend_G","Defend_G","Defend_G","Defend_G","Defend_G","Survivor","Neutralize+1","Endless Agony","Terror","Acrobatics","Quick Slash","Sucker Punch+1","All Out Attack","Bouncing Flask+1","Predator","Malaise","Deadly Poison","Bite","Bite","Bite","Bite","Bite","Footwork"],"special_seed":0,"relics":["Runic Dome","Tiny Chest","FossilizedHelix","Blue Candle","Shovel","Question Card","Runic Pyramid","Letter Opener"],"potions_floor_usage":[18,24],"damage_taken":[{"damage":1.0,"enemies":"Small Slimes","floor":1.0,"turns":4.0},{"damage":0.0,"enemies":"Cultist","floor":3.0,"turns":4.0},{"damage":0.0,"enemies":"Jaw Worm","floor":4.0,"turns":6.0},{"damage":0.0,"enemies":"Looter","floor":5.0,"turns":2.0},{"damage":10.0,"enemies":"Lagavulin","floor":7.0,"turns":7.0},{"damage":0.0,"enemies":"3 Louse","floor":8.0,"turns":5.0},{"damage":0.0,"enemies":"Blue Slaver","floor":11.0,"turns":5.0},{"damage":0.0,"enemies":"Gremlin Nob","floor":12.0,"turns":3.0},{"damage":16.0,"enemies":"3 Sentries","floor":14.0,"turns":7.0},{"damage":11.0,"enemies":"Hexaghost","floor":16.0,"turns":7.0},{"damage":22,"enemies":"3 Byrds","floor":18,"turns":3},{"damage":28,"enemies":"2 Thieves","floor":21,"turns":4},{"damage":0,"enemies":"Snecko","floor":22,"turns":5},{"damage":48,"enemies":"Slavers","floor":24,"turns":3}],"seed_played":"-4138066815439891086","potions_obtained":[{"floor":1.0,"key":"FearPotion"},{"floor":4.0,"key":"AttackPotion"},{"floor":11.0,"key":"Block Potion"},{"floor":16.0,"key":"Explosive Potion"},{"floor":22,"key":"Regen Potion"}],"is_trial":false,"path_per_floor":["M","?","M","M","M","R","E","M","T","R","M","E","R","E","R","B",null,"M","?","?","M","M","R","E"],"character_chosen":"THE_SILENT","items_purchased":[],"campfire_rested":1,"item_purchase_floors":[],"current_hp_per_floor":[58,58,58,58,58,58,48,48,48,48,48,48,48,32,32,21,55,33,33,33,13,21,34,0],"gold":355,"neow_bonus":"BOSS_RELIC","is_prod":false,"is_daily":false,"chose_seed":false,"campfire_upgraded":3,"win_rate":0,"timestamp":1558830662,"path_taken":["M","?","?","M","M","R","E","M","T","R","M","E","R","E","R","BOSS","M","?","?","M","M","R","E"],"build_version":"2019-01-23","purchased_purges":0,"victory":false,"max_hp_per_floor":[66,66,66,66,66,66,66,66,66,66,66,66,66,66,66,66,66,66,66,46,46,46,46,46],"card_choices":[{"not_picked":["Choke","Catalyst"],"picked":"Endless Agony","floor":1.0},{"not_picked":["Underhanded Strike","Outmaneuver"],"picked":"Acrobatics","floor":3.0},{"not_picked":["Dagger Throw","Dodge and Roll"],"picked":"Quick Slash","floor":4.0},{"not_picked":["Acrobatics","Bane"],"picked":"Sucker Punch","floor":5.0},{"not_picked":["Caltrops","Slice","Flechettes"],"picked":"SKIP","floor":7.0},{"not_picked":["Flying Knee","Eviscerate","Quick Slash"],"picked":"SKIP","floor":8.0},{"not_picked":["Deadly Poison","Catalyst"],"picked":"All Out Attack","floor":11.0},{"not_picked":["Blur","PiercingWail"],"picked":"Bouncing Flask","floor":12.0},{"not_picked":["Blade Dance","Catalyst"],"picked":"Predator","floor":14.0},{"not_picked":["Venomology","Die Die Die","Glass Knife"],"picked":"Malaise","floor":16.0},{"not_picked":["Leg Sweep","Deflect","Underhanded Strike"],"picked":"Deadly Poison","floor":18},{"not_picked":["Dash+1","Deflect","Heel Hook"],"picked":"Footwork","floor":21},{"not_picked":["Endless Agony","Dagger Throw","Well Laid Plans+1","Quick Slash"],"picked":"SKIP","floor":22}],"player_experience":832953,"relics_obtained":[{"floor":7.0,"key":"Tiny Chest"},{"floor":9.0,"key":"FossilizedHelix"},{"floor":12.0,"key":"Blue Candle"},{"floor":14.0,"key":"Shovel"},{"floor":15.0,"key":"Question Card"}],"event_choices":[{"damage_healed":0.0,"max_hp_gain":0.0,"max_hp_loss":0.0,"gold_gain":0.0,"cards_transformed":["Strike_G"],"event_name":"Transmorgrifier","player_choice":"Transformed","floor":2.0,"gold_loss":0.0,"damage_taken":0.0,"cards_obtained":["Terror"]},{"damage_healed":0,"gold_gain":0,"player_choice":"Obtained Relic","damage_taken":0,"relics_obtained":["Letter Opener"],"max_hp_gain":0,"max_hp_loss":0,"event_name":"Addict","floor":19,"gold_loss":85},{"damage_healed":0,"gold_gain":0,"player_choice":"Became a vampire","damage_taken":0,"max_hp_gain":0,"max_hp_loss":20,"event_name":"Vampires","floor":20,"gold_loss":0,"cards_obtained":["Bite","Bite","Bite","Bite","Bite"]}],"is_beta":false,"boss_relics":[{"not_picked":["Sozu","Cursed Key"],"picked":"Runic Pyramid"}],"items_purged_floors":[],"is_endless":false,"potions_floor_spawned":[1,4,11,16,22],"killed_by":"Slavers","ascension_level":18}