{"gold_per_floor":[114,214,226,226,226,226,226,259,259,282,282,326,50,71,71,199,199,212,212,235,155,168,168,202,202,202,222,236,236,274,298,298,426,426,449,449,277,277,277,277,295,310,310,310,310,333,333,333,333,333],"floor_reached":50,"playtime":3932,"items_purged":["Strike_B","Defend_B","Defend_B"],"score":513,"play_id":"30662b89-c4ea-4091-8586-befb5cf4aaa7","local_time":"20181222195821","is_ascension_mode":false,"campfire_choices":[{"data":"Zap","floor":6.0,"key":"SMITH"},{"data":"Defragment","floor":11.0,"key":"SMITH"},{"data":"Dualcast","floor":15.0,"key":"SMITH"},{"data":"Chaos","floor":23.0,"key":"SMITH"},{"floor":25.0,"key":"REST"},{"floor":29.0,"key":"RECALL"},{"floor":32.0,"key":"REST"},{"data":"Machine Learning","floor":40,"key":"SMITH"},{"data":"Impatience","floor":47,"key":"SMITH"},{"data":"Leap","floor":49,"key":"SMITH"}],"neow_cost":"NONE","seed_source_timestamp":0,"circlet_count":0,"master_deck":["Defend_B","Defend_B","Zap+1","Dualcast+1","Cold Snap","Defragment+1","Rebound","Tempest","Tempest","Chaos+1","Redo+1","Darkness+1","Leap+1","Machine Learning+1","Impatience+1","Doom and Gloom+1"],"special_seed":0,"relics":["Cracked Core","Golden Idol","Omamori","Thread and Needle","The Courier","Ancient Tea Set","ClockworkSouvenir","Empty Cage","Pantograph","Mummified Hand","Runic Dome","Symbiotic Virus","Bag of Preparation"],"potions_floor_usage":[42,50],"damage_taken":[{"damage":1.0,"enemies":"Jaw Worm","floor":1.0,"turns":3.0},{"damage":0.0,"enemies":"Cultist","floor":3.0,"turns":3.0},{"damage":17.0,"enemies":"Lagavulin","floor":8.0,"turns":8.0},{"damage":0.0,"enemies":"2 Louse","floor":10.0,"turns":2.0},{"damage":11.0,"enemies":"3 Sentries","floor":12.0,"turns":8.0},{"damage":1.0,"enemies":"Looter","floor":14.0,"turns":4.0},{"damage":6.0,"enemies":"Slime Boss","floor":16.0,"turns":12.0},{"damage":0.0,"enemies":"Chosen","floor":18.0,"turns":4.0},{"damage":0.0,"enemies":"3 Byrds","floor":20.0,"turns":3.0},{"damage":9.0,"enemies":"3 Cultists","floor":22.0,"turns":5.0},{"damage":18.0,"enemies":"Slavers","floor":24.0,"turns":4.0},{"damage":1.0,"enemies":"Cultist and Chosen","floor":27.0,"turns":4.0},{"damage":16.0,"enemies":"Snake Plant","floor":28.0,"turns":3.0},{"damage":24.0,"enemies":"Gremlin Leader","floor":30.0,"turns":6.0},{"damage":0.0,"enemies":"Chosen and Byrds","floor":31.0,"turns":3.0},{"damage":58.0,"enemies":"Collector","floor":33.0,"turns":8.0},{"damage":1.0,"enemies":"3 Darklings","floor":35.0,"turns":4.0},{"damage":5,"enemies":"Orb Walker","floor":41,"turns":3},{"damage":20,"enemies":"4 Shapes","floor":42,"turns":4},{"damage":19,"enemies":"3 Darklings","floor":46,"turns":4},{"damage":60,"enemies":"Awakened One","floor":50,"turns":7}],"seed_played":"6191961703886804968","potions_obtained":[{"floor":8.0,"key":"Poison Potion"},{"floor":10.0,"key":"LiquidBronze"},{"floor":20.0,"key":"Ancient Potion"},{"floor":24.0,"key":"SmokeBomb"},{"floor":27.0,"key":"SteroidPotion"},{"floor":30.0,"key":"SkillPotion"},{"floor":39,"key":"Regen Potion"},{"floor":39,"key":"EssenceOfSteel"},{"floor":42,"key":"SteroidPotion"}],"is_trial":false,"path_per_floor":["M","?","M","?","?","R","?","E","T","M","R","E","$","M","R","B",null,"M","?","M","$","M","R","E","R","T","M","M","R","E","M","R","B",null,"M","?","$","?","?","R","M","M","T","?","T","M","R","?","R","B"],"character_chosen":"DEFECT","items_purchased":["ClockworkSouvenir","Regen Potion","Impatience"],"campfire_rested":2,"item_purchase_floors":[13,13,37],"current_hp_per_floor":[74,74,74,69,62,62,62,45,45,45,45,34,34,45,45,39,69,69,69,69,69,60,60,42,62,62,61,45,45,21,21,41,8,69,68,68,68,66,66,66,61,50,50,50,50,31,31,31,31,0],"gold":333,"neow_bonus":"REMOVE_CARD","is_prod":false,"is_daily":false,"chose_seed":false,"campfire_upgraded":7,"win_rate":0,"timestamp":1545526701,"path_taken":["M","?","?","?","?","R","?","E","T","M","R","E","?","M","R","BOSS","M","?","?","$","?","R","E","R","T","M","M","R","E","M","R","BOSS","M","?","$","?","?","R","?","M","T","?","?","M","R","?","R","BOSS"],"build_version":"2018-12-20","purchased_purges":3,"victory":false,"max_hp_per_floor":[75,75,75,69,69,69,69,69,69,69,69,69,69,69,69,69,69,69,69,69,69,69,69,69,69,69,69,69,69,69,69,69,69,69,69,69,69,66,66,66,66,66,66,66,66,66,66,66,66,66],"card_choices":[{"not_picked":["Conserve Battery","Stack"],"picked":"Sweeping Beam","floor":1.0},{"not_picked":["Sweeping Beam","Steam"],"picked":"Cold Snap","floor":3.0},{"not_picked":["Static Discharge","Cold Snap","Redo"],"picked":"SKIP","floor":8.0},{"not_picked":["Cold Snap","Steam"],"picked":"Defragment","floor":10.0},{"not_picked":["Gash","Go for the Eyes"],"picked":"Rebound","floor":12.0},{"not_picked":["Steam Power","Rebound","Consume"],"picked":"SKIP","floor":14.0},{"not_picked":["Recycle","Heatsinks"],"picked":"Tempest","floor":18.0},{"not_picked":["Streamline","Ball Lightning+1"],"picked":"Chaos","floor":20.0},{"not_picked":["Rebound","Fusion"],"picked":"Redo+1","floor":22.0},{"not_picked":["Stack","White Noise+1"],"picked":"Darkness+1","floor":24.0},{"not_picked":["Tempest","Sweeping Beam"],"picked":"Leap","floor":27.0},{"not_picked":["Steam","Defragment","Barrage+1"],"picked":"SKIP","floor":28.0},{"not_picked":["Tempest","Capacitor","Storm"],"picked":"SKIP","floor":30.0},{"not_picked":["FTL","Hologram","Cold Snap"],"picked":"SKIP","floor":31.0},{"not_picked":["All For One","Fission"],"picked":"Machine Learning","floor":33.0},{"not_picked":["Cold Snap+1","Redo+1","Rebound"],"picked":"SKIP","floor":35.0},{"not_picked":["Cold Snap+1","Go for the Eyes","Ball Lightning"],"picked":"SKIP","floor":41},{"not_picked":["Chill+1","Redo","Static Discharge"],"picked":"SKIP","floor":42},{"not_picked":["Barrage+1","Coolheaded"],"picked":"Doom and Gloom+1","floor":46}],"player_experience":616557,"relics_obtained":[{"floor":8.0,"key":"Thread and Needle"},{"floor":9.0,"key":"The Courier"},{"floor":12.0,"key":"Ancient Tea Set"},{"floor":24.0,"key":"Pantograph"},{"floor":30.0,"key":"Mummified Hand"},{"floor":43,"key":"Symbiotic Virus"},{"floor":45,"key":"Bag of Preparation"}],"event_choices":[{"damage_healed":0.0,"max_hp_gain":0.0,"max_hp_loss":0.0,"gold_gain":100.0,"event_name":"Golden Shrine","player_choice":"Pray","floor":2.0,"gold_loss":0.0,"damage_taken":0.0},{"damage_healed":0.0,"max_hp_gain":0.0,"max_hp_loss":6.0,"gold_gain":0.0,"event_name":"Golden Idol","player_choice":"Lose Max HP","floor":4.0,"gold_loss":0.0,"damage_taken":0.0,"relics_obtained":["Golden Idol"]},{"damage_healed":0.0,"max_hp_gain":0.0,"max_hp_loss":0.0,"gold_gain":0.0,"event_name":"Scrap Ooze","player_choice":"Success","floor":5.0,"gold_loss":0.0,"damage_taken":7.0,"relics_obtained":["Omamori"]},{"damage_healed":0.0,"max_hp_gain":0.0,"max_hp_loss":0.0,"gold_gain":0.0,"event_name":"Liars Game","player_choice":"Ignored","floor":7.0,"gold_loss":0.0,"damage_taken":0.0},{"damage_healed":0.0,"max_hp_gain":0.0,"max_hp_loss":0.0,"gold_gain":0.0,"event_name":"Duplicator","player_choice":"Copied","floor":19.0,"gold_loss":0.0,"damage_taken":0.0,"cards_obtained":["Tempest"]},{"cards_removed":["Sweeping Beam"],"damage_healed":0,"gold_gain":0,"player_choice":"Removed Attack","damage_taken":0,"max_hp_gain":0,"max_hp_loss":0,"event_name":"Falling","floor":36,"gold_loss":0},{"damage_healed":0,"gold_gain":0,"player_choice":"Max HP","damage_taken":0,"max_hp_gain":0,"max_hp_loss":3,"event_name":"Winding Halls","floor":38,"gold_loss":0},{"damage_healed":0,"gold_gain":0,"player_choice":"Got Potions","damage_taken":0,"max_hp_gain":0,"max_hp_loss":0,"event_name":"Lab","floor":39,"gold_loss":0},{"damage_healed":0,"gold_gain":0,"player_choice":"Memory 1","damage_taken":0,"max_hp_gain":0,"max_hp_loss":0,"event_name":"SensoryStone","floor":44,"gold_loss":0},{"damage_healed":0,"gold_gain":0,"player_choice":"Ignored","damage_taken":0,"max_hp_gain":0,"max_hp_loss":0,"event_name":"Mysterious Sphere","floor":48,"gold_loss":0}],"is_beta":false,"boss_relics":[{"not_picked":["Tiny House","Ectoplasm"],"picked":"Empty Cage"},{"not_picked":["Coffee Dripper","Eternal Feather"],"picked":"Runic Dome"}],"items_purged_floors":[13,21,37],"is_endless":false,"potions_floor_spawned":[8,10,20,24,27,30,41,42],"killed_by":"Awakened One","ascension_level":0}