{"gold_per_floor":[112,130,55,68,14,14,42,53,53,66,66,141,167,67,67,67],"floor_reached":16,"playtime":1121,"items_purged":["Strike_G","Defend_G"],"score":127,"play_id":"119b43e9-66d6-44a5-b5bd-f0a3c87bf903","local_time":"20190706194324","is_ascension_mode":true,"campfire_choices":[{"data":"Neutralize","floor":6,"key":"SMITH"},{"floor":15,"key":"REST"}],"neow_cost":"NONE","seed_source_timestamp":96932599448082,"circlet_count":0,"master_deck":["Strike_G","Strike_G","Strike_G+1","Defend_G","Defend_G+1","Defend_G","Defend_G","Survivor","Neutralize+1","Infinite Blades","Flying Knee","Acrobatics","Masterful Stab","Escape Plan","Blade Dance","Well Laid Plans","Endless Agony","Crippling Poison"],"relics":["Ring of the Snake","Dream Catcher","Calipers","Meat on the Bone","Darkstone Periapt"],"potions_floor_usage":[4,13],"damage_taken":[{"damage":0,"enemies":"Cultist","floor":1,"turns":4},{"damage":1,"enemies":"Small Slimes","floor":2,"turns":4},{"damage":0,"enemies":"Jaw Worm","floor":4,"turns":3},{"damage":27,"enemies":"3 Sentries","floor":7,"turns":10},{"damage":0,"enemies":"2 Fungi Beasts","floor":8,"turns":3},{"damage":4,"enemies":"3 Louse","floor":10,"turns":3},{"damage":6,"enemies":"Gremlin Nob","floor":13,"turns":3},{"damage":41,"enemies":"Hexaghost","floor":16,"turns":11}],"seed_played":"2747431982782703233","potions_obtained":[{"floor":1,"key":"SteroidPotion"},{"floor":8,"key":"FearPotion"}],"is_trial":false,"path_per_floor":["M","M","$","M","?","R","E","M","T","M","?","?","E","$","R","B"],"character_chosen":"THE_SILENT","items_purchased":[],"campfire_rested":1,"item_purchase_floors":[],"current_hp_per_floor":[70,69,69,69,69,69,42,42,42,38,24,13,19,19,40,0],"gold":67,"neow_bonus":"TRANSFORM_CARD","is_prod":false,"is_daily":false,"chose_seed":false,"campfire_upgraded":1,"win_rate":0,"timestamp":1562467404,"path_taken":["M","M","?","M","?","R","E","M","T","?","?","?","E","$","R","BOSS"],"build_version":"2019-07-05","purchased_purges":2,"victory":false,"max_hp_per_floor":[70,70,70,70,70,70,70,70,70,70,70,70,70,70,70,70],"card_choices":[{"not_picked":["Dagger Throw","Eviscerate"],"picked":"Flying Knee","floor":1},{"not_picked":["PiercingWail","Outmaneuver"],"picked":"Acrobatics","floor":2},{"not_picked":["Flying Knee","Underhanded Strike"],"picked":"Masterful Stab","floor":4},{"not_picked":["Prepared","Acrobatics"],"picked":"Escape Plan","floor":7},{"not_picked":["Setup","Poisoned Stab"],"picked":"Blade Dance","floor":8},{"not_picked":["Sucker Punch","Calculated Gamble"],"picked":"Well Laid Plans","floor":10},{"not_picked":["Concentrate","Finisher"],"picked":"Endless Agony","floor":13},{"not_picked":["PiercingWail","Reflex"],"picked":"Crippling Poison","floor":15}],"player_experience":203726,"relics_obtained":[{"floor":7,"key":"Calipers"},{"floor":9,"key":"Meat on the Bone"},{"floor":13,"key":"Darkstone Periapt"}],"event_choices":[{"damage_healed":0,"gold_gain":0,"player_choice":"Paid Gold","damage_taken":0,"relics_obtained":["Dream Catcher"],"max_hp_gain":0,"max_hp_loss":0,"event_name":"WeMeetAgain","floor":5,"gold_loss":54},{"damage_healed":0,"gold_gain":0,"player_choice":"Entered Light","damage_taken":14,"max_hp_gain":0,"max_hp_loss":0,"event_name":"Shining Light","floor":11,"gold_loss":0,"cards_upgraded":["Defend_G","Strike_G"]},{"damage_healed":0,"gold_gain":75,"player_choice":"Gather Gold","damage_taken":11,"max_hp_gain":0,"max_hp_loss":0,"event_name":"World of Goop","floor":12,"gold_loss":0}],"is_beta":false,"boss_relics":[],"items_purged_floors":[3,14],"is_endless":false,"potions_floor_spawned":[1,8],"killed_by":"Hexaghost","ascension_level":3}