{"gold_per_floor":[119,119,129,34,34,34,34,60,60,60,75,88,88,111,111,188,188,201,2,182,194,212,212,228,260,260,260,273,11,11,31,31,108,108,118,218,235,247,266,266,266,283,283,283,283,0,0,13,13,13],"floor_reached":51,"playtime":4089,"items_purged":["Strike_G"],"score":1141,"play_id":"b898f565-c13d-4991-81e4-79ecc2e84dc6","local_time":"20190401164640","is_ascension_mode":true,"campfire_choices":[{"data":"Neutralize","floor":6.0,"key":"SMITH"},{"data":"Noxious Fumes","floor":10.0,"key":"SMITH"},{"data":"Footwork","floor":13.0,"key":"SMITH"},{"data":"Catalyst","floor":15.0,"key":"SMITH"},{"data":"Well Laid Plans","floor":23.0,"key":"SMITH"},{"floor":30.0,"key":"REST"},{"floor":32.0,"key":"REST"},{"floor":40.0,"key":"REST"},{"floor":44.0,"key":"REST"},{"floor":49,"key":"RECALL"}],"neow_cost":"NONE","seed_source_timestamp":0,"circlet_count":0,"master_deck":["AscendersBane","Defend_G+1","Defend_G+1","Defend_G+1","Defend_G+1","Defend_G+1","Strike_G+1","Strike_G+1","Strike_G+1","Survivor+1","Neutralize+1","Bane+1","Catalyst+1","Prepared+1","Footwork+1","Noxious Fumes+1","Dagger Spray+1","Catalyst+1","Corpse Explosion+1","Well Laid Plans+1","Calculated Gamble+1","Dodge and Roll+1","Prepared+1","Deadly Poison+1","Backflip+1","Backflip+1","Backflip+1","Footwork+1","Backflip+1","Malaise+1","Dash+1","Crippling Poison+1"],"special_seed":0,"relics":["Lizard Tail","Tough Bandages","Lantern","Mercury Hourglass","Bronze Scales","Cursed Key","Molten Egg 2","DollysMirror","Fusion Hammer","Mark of the Bloom","Red Mask"],"potions_floor_usage":[50,50],"damage_taken":[{"damage":12.0,"enemies":"Cultist","floor":1.0,"turns":7.0},{"damage":0.0,"enemies":"2 Louse","floor":3.0,"turns":4.0},{"damage":16.0,"enemies":"Lagavulin","floor":8.0,"turns":12.0},{"damage":0.0,"enemies":"Small Slimes","floor":11.0,"turns":3.0},{"damage":0.0,"enemies":"Exordium Wildlife","floor":12.0,"turns":3.0},{"damage":1.0,"enemies":"The Guardian","floor":16.0,"turns":9.0},{"damage":12.0,"enemies":"3 Byrds","floor":18.0,"turns":3.0},{"damage":4.0,"enemies":"Shell Parasite","floor":21.0,"turns":3.0},{"damage":0.0,"enemies":"Centurion and Healer","floor":22.0,"turns":4.0},{"damage":6.0,"enemies":"Cultist and Chosen","floor":24.0,"turns":5.0},{"damage":16.0,"enemies":"Slavers","floor":25.0,"turns":4.0},{"damage":10.0,"enemies":"Snake Plant","floor":28.0,"turns":3.0},{"damage":0.0,"enemies":"Snecko","floor":31.0,"turns":4.0},{"damage":19.0,"enemies":"Collector","floor":33.0,"turns":6.0},{"damage":15.0,"enemies":"3 Darklings","floor":35.0,"turns":2.0},{"damage":8.0,"enemies":"Orb Walker","floor":37.0,"turns":4.0},{"damage":1.0,"enemies":"Spire Growth","floor":38.0,"turns":6.0},{"damage":0.0,"enemies":"4 Shapes","floor":39.0,"turns":4.0},{"damage":0.0,"enemies":"Maw","floor":42.0,"turns":7.0},{"damage":0.0,"enemies":"Jaw Worm Horde","floor":48.0,"turns":4.0},{"damage":11,"enemies":"Donu and Deca","floor":50,"turns":6}],"seed_played":"-8909886925773742256","potions_obtained":[{"floor":8.0,"key":"SkillPotion"},{"floor":16.0,"key":"SkillPotion"},{"floor":21.0,"key":"Swift Potion"},{"floor":24.0,"key":"Weak Potion"},{"floor":31.0,"key":"SteroidPotion"},{"floor":33.0,"key":"SpeedPotion"},{"floor":35.0,"key":"EssenceOfSteel"},{"floor":38.0,"key":"Weak Potion"},{"floor":39.0,"key":"Energy Potion"}],"is_trial":false,"path_per_floor":["M","T","M","$","?","R","?","E","T","R","M","M","R","T","R","B",null,"M","$","?","M","M","R","M","E","T","T","M","$","R","M","R","B",null,"M","?","M","M","M","R","T","M","T","R","?","?","?","M","R","B",null],"character_chosen":"THE_SILENT","items_purchased":["Prepared","Footwork","Calculated Gamble","Dodge and Roll","DollysMirror","Backflip"],"campfire_rested":4,"item_purchase_floors":[4,4,19,19,29,29],"current_hp_per_floor":[47,47,47,47,40,40,27,11,11,11,11,11,11,11,11,10,52,40,40,16,12,12,12,6,28,28,28,18,18,37,37,56,37,59,44,44,36,35,35,54,54,54,54,66,66,66,66,66,66,55],"gold":13,"neow_bonus":"BOSS_RELIC","is_prod":false,"is_daily":false,"chose_seed":false,"campfire_upgraded":5,"win_rate":0,"timestamp":1554151600,"path_taken":["M","?","M","$","?","R","?","E","T","R","?","M","R","?","R","BOSS","M","$","?","?","?","R","M","E","T","?","M","?","R","M","R","BOSS","M","?","M","?","M","R","?","M","T","R","?","?","?","M","R","BOSS"],"build_version":"2019-01-23","purchased_purges":1,"victory":true,"max_hp_per_floor":[66,66,66,66,66,66,66,66,66,66,66,66,66,66,66,66,66,66,66,66,66,66,66,66,66,66,66,66,66,66,66,66,66,66,66,66,66,66,66,66,66,66,66,66,66,66,66,66,66,66],"card_choices":[{"not_picked":["Underhanded Strike","Leg Sweep"],"picked":"Bane","floor":1.0},{"not_picked":["Acrobatics","Blade Dance"],"picked":"Catalyst","floor":3.0},{"not_picked":["Catalyst","Underhanded Strike"],"picked":"Noxious Fumes","floor":8.0},{"not_picked":["Distraction","Bane"],"picked":"Dagger Spray","floor":11.0},{"not_picked":["Slice","Catalyst","Outmaneuver"],"picked":"SKIP","floor":12.0},{"not_picked":["Slice","Outmaneuver"],"picked":"Catalyst","floor":12.0},{"not_picked":["Night Terror","Wraith Form v2"],"picked":"Corpse Explosion","floor":16.0},{"not_picked":["Bane","Dodge and Roll"],"picked":"Well Laid Plans","floor":18.0},{"not_picked":["All Out Attack","PiercingWail+1"],"picked":"Prepared+1","floor":21.0},{"not_picked":["Distraction+1","Storm of Steel"],"picked":"Deadly Poison","floor":22.0},{"not_picked":["Tactician","Bane"],"picked":"Backflip","floor":24.0},{"not_picked":["Skewer+1","Leg Sweep"],"picked":"Backflip","floor":25.0},{"not_picked":["Blade Dance","Acrobatics"],"picked":"Backflip","floor":28.0},{"not_picked":["Prepared","Flechettes+1","Infinite Blades"],"picked":"SKIP","floor":31.0},{"not_picked":["Glass Knife+1","Die Die Die+1"],"picked":"Malaise","floor":33.0},{"not_picked":["All Out Attack+1","Quick Slash+1"],"picked":"Dash+1","floor":35.0},{"not_picked":["PiercingWail","Tactician"],"picked":"Crippling Poison+1","floor":37.0},{"not_picked":["Poisoned Stab+1","Terror+1","Well Laid Plans"],"picked":"SKIP","floor":38.0},{"not_picked":["Catalyst","Dagger Spray+1","Riddle With Holes+1"],"picked":"SKIP","floor":39.0},{"not_picked":["Slice+1","Cloak And Dagger","Quick Slash+1"],"picked":"SKIP","floor":42.0},{"not_picked":["Dodge and Roll","Masterful Stab+1","Eviscerate+1"],"picked":"SKIP","floor":48}],"player_experience":795236,"relics_obtained":[{"floor":2.0,"key":"Tough Bandages"},{"floor":8.0,"key":"Lantern"},{"floor":9.0,"key":"Mercury Hourglass"},{"floor":14.0,"key":"Bronze Scales"},{"floor":25.0,"key":"Molten Egg 2"}],"event_choices":[{"cards_removed":["Strike_G"],"damage_healed":0.0,"max_hp_gain":0.0,"max_hp_loss":0.0,"gold_gain":0.0,"event_name":"Golden Wing","player_choice":"Card Removal","floor":5.0,"gold_loss":0.0,"damage_taken":7.0},{"damage_healed":0.0,"max_hp_gain":0.0,"max_hp_loss":0.0,"gold_gain":0.0,"event_name":"Shining Light","player_choice":"Entered Light","floor":7.0,"gold_loss":0.0,"damage_taken":13.0,"cards_upgraded":["Strike_G","Prepared"]},{"damage_healed":0.0,"max_hp_gain":0.0,"max_hp_loss":0.0,"gold_gain":180.0,"event_name":"Knowing Skull","player_choice":"POTION GOLD GOLD ","floor":20.0,"potions_obtained":["PowerPotion"],"gold_loss":0.0,"damage_taken":24.0,"cards_obtained":[]},{"damage_healed":0.0,"max_hp_gain":0.0,"max_hp_loss":0.0,"gold_gain":100.0,"event_name":"Golden Shrine","player_choice":"Pray","floor":36.0,"gold_loss":0.0,"damage_taken":0.0},{"damage_healed":0.0,"max_hp_gain":0.0,"max_hp_loss":0.0,"gold_gain":0.0,"event_name":"MindBloom","player_choice":"Upgrade","floor":45.0,"gold_loss":0.0,"damage_taken":0.0,"cards_upgraded":["Defend_G","Defend_G","Defend_G","Defend_G","Defend_G","Strike_G","Strike_G","Survivor","Bane","Catalyst","Dagger Spray","Corpse Explosion","Calculated Gamble","Dodge and Roll","Deadly Poison","Backflip","Backflip","Backflip","Backflip","Malaise"],"relics_obtained":["Mark of the Bloom"]},{"damage_healed":0.0,"max_hp_gain":0.0,"max_hp_loss":0.0,"gold_gain":0.0,"event_name":"Tomb of Lord Red Mask","player_choice":"Paid","floor":46.0,"gold_loss":283.0,"damage_taken":0.0,"relics_obtained":["Red Mask"]},{"damage_healed":0.0,"max_hp_gain":0.0,"max_hp_loss":0.0,"gold_gain":0.0,"event_name":"Upgrade Shrine","player_choice":"Ignored","floor":47.0,"gold_loss":0.0,"damage_taken":0.0}],"is_beta":false,"boss_relics":[{"not_picked":["HoveringKite","Empty Cage"],"picked":"Cursed Key"},{"not_picked":["Pandora\u0027s Box","Eternal Feather"],"picked":"Fusion Hammer"}],"items_purged_floors":[19],"is_endless":false,"potions_floor_spawned":[8,16,21,24,31,33,35,38,39],"ascension_level":14}