{"gold_per_floor":[13,13,13,13,13,13,13,26,104,104,104,139,139,178,190,202],"floor_reached":16,"playtime":1158,"items_purged":[],"score":139,"play_id":"ee94bf85-1096-4527-81c1-1130b67ea15d","local_time":"20190811223450","is_ascension_mode":false,"campfire_choices":[{"data":"1","floor":6,"key":"LIFT"},{"data":"2","floor":11,"key":"LIFT"},{"floor":15,"key":"REST"}],"neow_cost":"NO_GOLD","seed_source_timestamp":2521848929324200,"circlet_count":0,"master_deck":["Strike_R+1","Strike_R","Strike_R","Strike_R","Strike_R","Defend_R","Defend_R","Defend_R+1","Defend_R","Bash","Twin Strike+1","Dual Wield","Offering","Second Wind"],"relics":["Burning Blood","Girya","Ornamental Fan","Smiling Mask","MawBank","Sundial"],"potions_floor_usage":[10,14],"damage_taken":[{"damage":10,"enemies":"Jaw Worm","floor":1,"turns":5},{"damage":0,"enemies":"2 Louse","floor":8,"turns":2},{"damage":1,"enemies":"3 Sentries","floor":10,"turns":2},{"damage":20,"enemies":"Gremlin Nob","floor":12,"turns":4},{"damage":12,"enemies":"3 Sentries","floor":14,"turns":6},{"damage":97,"enemies":"Hexaghost","floor":16,"turns":11}],"seed_played":"318245274861728538","potions_obtained":[{"floor":8,"key":"SmokeBomb"},{"floor":12,"key":"SkillPotion"}],"is_trial":false,"path_per_floor":["M","?","?","?","$","R","?","M","T","E","R","E","?","E","R","B"],"character_chosen":"IRONCLAD","items_purchased":[],"campfire_rested":1,"item_purchase_floors":[],"current_hp_per_floor":[92,92,92,73,73,73,73,79,79,84,84,70,70,64,92,0],"gold":202,"neow_bonus":"TWENTY_PERCENT_HP_BONUS","is_prod":false,"is_daily":false,"chose_seed":false,"campfire_upgraded":0,"win_rate":0,"timestamp":1565588090,"path_taken":["M","?","?","?","?","R","?","?","T","E","R","E","?","E","R","BOSS"],"build_version":"2019-07-17","purchased_purges":0,"victory":false,"max_hp_per_floor":[96,96,96,96,96,96,96,96,96,96,96,96,96,96,96,96],"card_choices":[{"not_picked":["Sword Boomerang","Inflame"],"picked":"Twin Strike","floor":1},{"not_picked":["Metallicize","Disarm"],"picked":"Dual Wield","floor":8},{"not_picked":["Intimidate","Dual Wield"],"picked":"Offering","floor":12},{"not_picked":["Warcry","Battle Trance"],"picked":"Second Wind","floor":14}],"player_experience":49370,"relics_obtained":[{"floor":9,"key":"Ornamental Fan"},{"floor":12,"key":"Smiling Mask"},{"floor":14,"key":"Sundial"}],"event_choices":[{"damage_healed":0,"gold_gain":0,"player_choice":"Grow","damage_taken":0,"max_hp_gain":0,"max_hp_loss":0,"event_name":"Living Wall","floor":2,"gold_loss":0,"cards_upgraded":["Twin Strike"]},{"damage_healed":0,"gold_gain":0,"player_choice":"Box","damage_taken":0,"relics_obtained":["Girya"],"max_hp_gain":0,"max_hp_loss":0,"event_name":"Big Fish","floor":3,"gold_loss":0,"cards_obtained":["Regret"]},{"damage_healed":0,"gold_gain":0,"player_choice":"Entered Light","damage_taken":19,"max_hp_gain":0,"max_hp_loss":0,"event_name":"Shining Light","floor":4,"gold_loss":0,"cards_upgraded":["Strike_R","Defend_R"]},{"cards_removed":["Regret"],"damage_healed":0,"gold_gain":0,"player_choice":"Card Removal","damage_taken":0,"max_hp_gain":0,"max_hp_loss":0,"event_name":"Wheel of Change","floor":7,"gold_loss":0},{"damage_healed":0,"gold_gain":0,"player_choice":"Searched \u00271\u0027 times","damage_taken":0,"relics_obtained":["MawBank"],"max_hp_gain":0,"max_hp_loss":0,"event_name":"Dead Adventurer","floor":13,"gold_loss":0}],"is_beta":false,"boss_relics":[],"items_purged_floors":[],"is_endless":false,"potions_floor_spawned":[8,12],"killed_by":"Hexaghost","ascension_level":0}