{"gold_per_floor":[110,110,110,124,143,175,175,205,205,205,217,217,236,260,260,360,360,377,392,407,207,220,246,256,256,256,272,182,182,210,224,224,322,322,332,342,12,12,12,12,23,41,41,41,75,75,92,0,0,0],"floor_reached":51,"playtime":7239,"items_purged":["Strike_G"],"score":1046,"play_id":"2c10d9e2-ae59-4656-8406-fb642cb00fd1","local_time":"20190316182101","is_ascension_mode":true,"campfire_choices":[{"data":"Neutralize","floor":7.0,"key":"SMITH"},{"floor":12.0,"key":"REST"},{"floor":15.0,"key":"REST"},{"data":"Backstab","floor":25.0,"key":"SMITH"},{"floor":29.0,"key":"REST"},{"floor":32.0,"key":"REST"},{"data":"Terror","floor":40.0,"key":"SMITH"},{"floor":44.0,"key":"REST"},{"floor":46.0,"key":"REST"},{"floor":49.0,"key":"REST"}],"neow_cost":"NONE","seed_source_timestamp":0,"circlet_count":0,"master_deck":["AscendersBane","Defend_G","Defend_G","Defend_G+1","Defend_G","Defend_G+1","Strike_G","Strike_G","Strike_G","Strike_G","Survivor","Neutralize+1","Dagger Throw+1","Backstab+1","Underhanded Strike","Unload","Heel Hook","Caltrops+1","Wraith Form v2+1","Prepared+1","Backflip","Accuracy+1","Noxious Fumes+1","Caltrops+1","Terror+1","Backflip","Night Terror+1","Caltrops+1","Blade Dance+1","Cloak And Dagger","Infinite Blades+1","Noxious Fumes+1","Choke+1","Deflect+1","Well Laid Plans+1","Infinite Blades+1","Footwork+1"],"special_seed":0,"relics":["Ring of the Snake","Juzu Bracelet","WarpedTongs","Pen Nib","Ginger","Frozen Egg 2","Happy Flower","Cursed Key","Red Mask","The Courier","Lizard Tail","Membership Card","Ninja Scroll","Boot"],"potions_floor_usage":[50,50],"damage_taken":[{"damage":0.0,"enemies":"Cultist","floor":1.0,"turns":4.0},{"damage":3.0,"enemies":"2 Louse","floor":4.0,"turns":3.0},{"damage":3.0,"enemies":"Jaw Worm","floor":5.0,"turns":3.0},{"damage":15.0,"enemies":"Lagavulin","floor":6.0,"turns":5.0},{"damage":23.0,"enemies":"Gremlin Nob","floor":8.0,"turns":4.0},{"damage":3.0,"enemies":"Large Slime","floor":11.0,"turns":4.0},{"damage":0.0,"enemies":"3 Louse","floor":13.0,"turns":2.0},{"damage":34.0,"enemies":"The Guardian","floor":16.0,"turns":12.0},{"damage":2.0,"enemies":"3 Byrds","floor":18.0,"turns":2.0},{"damage":0.0,"enemies":"Spheric Guardian","floor":19.0,"turns":1.0},{"damage":5.0,"enemies":"Snake Plant","floor":20.0,"turns":5.0},{"damage":18.0,"enemies":"Shelled Parasite and Fungi","floor":22.0,"turns":7.0},{"damage":7.0,"enemies":"Masked Bandits","floor":23.0,"turns":5.0},{"damage":3.0,"enemies":"3 Cultists","floor":24.0,"turns":5.0},{"damage":4.0,"enemies":"Snecko","floor":27.0,"turns":4.0},{"damage":14.0,"enemies":"Gremlin Leader","floor":30.0,"turns":5.0},{"damage":2.0,"enemies":"Shelled Parasite and Fungi","floor":31.0,"turns":4.0},{"damage":35.0,"enemies":"Collector","floor":33.0,"turns":8.0},{"damage":28.0,"enemies":"3 Darklings","floor":35.0,"turns":7.0},{"damage":5.0,"enemies":"Orb Walker","floor":36.0,"turns":3.0},{"damage":0.0,"enemies":"Spire Growth","floor":41.0,"turns":4.0},{"damage":9.0,"enemies":"Transient","floor":42.0,"turns":5.0},{"damage":15.0,"enemies":"Giant Head","floor":45.0,"turns":5.0},{"damage":5.0,"enemies":"4 Shapes","floor":47.0,"turns":5.0},{"damage":89,"enemies":"Donu and Deca","floor":50,"turns":8}],"seed_played":"5552386281998035271","potions_obtained":[{"floor":1.0,"key":"SteroidPotion"},{"floor":4.0,"key":"Poison Potion"},{"floor":8.0,"key":"Poison Potion"},{"floor":13.0,"key":"SpeedPotion"},{"floor":20.0,"key":"GamblersBrew"},{"floor":24.0,"key":"Poison Potion"},{"floor":27.0,"key":"SkillPotion"},{"floor":36.0,"key":"Dexterity Potion"},{"floor":41.0,"key":"SpeedPotion"},{"floor":45.0,"key":"Poison Potion"},{"floor":47.0,"key":"EssenceOfSteel"}],"is_trial":false,"path_per_floor":["M","?","?","M","M","E","R","E","T","?","M","R","M","T","R","B",null,"M","M","M","$","M","?","M","R","T","M","?","R","E","M","R","B",null,"M","M","$","?","$","R","M","M","T","R","E","R","M","$","R","B",null],"character_chosen":"THE_SILENT","items_purchased":["Backflip","Accuracy+1","Membership Card","Ninja Scroll","Cloak And Dagger","Infinite Blades+1","Noxious Fumes+1","Well Laid Plans+1","Infinite Blades+1","Footwork+1"],"campfire_rested":7,"item_purchase_floors":[21,21,37,37,37,37,37,48,48,48],"current_hp_per_floor":[63,49,49,46,43,28,28,5,5,5,2,23,23,23,44,10,55,53,53,48,48,30,23,20,20,20,16,16,37,23,21,42,7,54,26,21,21,21,21,21,21,12,12,33,18,39,34,34,55,15],"gold":0,"neow_bonus":"RANDOM_COMMON_RELIC","is_prod":false,"is_daily":false,"chose_seed":false,"campfire_upgraded":3,"win_rate":0,"timestamp":1552774861,"path_taken":["M","?","?","M","M","E","R","E","T","?","M","R","M","?","R","BOSS","M","M","M","$","M","?","M","R","T","M","?","R","E","M","R","BOSS","BOSS","M","M","$","?","?","R","M","M","T","R","E","R","M","$","R","BOSS"],"build_version":"2019-01-23","purchased_purges":1,"victory":true,"max_hp_per_floor":[70,70,70,70,70,70,70,70,70,70,70,70,70,70,70,70,70,70,70,70,70,70,70,70,70,70,70,70,70,70,70,70,70,70,70,70,70,70,70,70,70,70,70,70,70,70,70,70,70,70],"card_choices":[{"not_picked":["Dodge and Roll","Crippling Poison"],"picked":"Dagger Throw","floor":1.0},{"not_picked":["Sucker Punch","Choke"],"picked":"Backstab","floor":4.0},{"not_picked":["Deflect","Prepared"],"picked":"Underhanded Strike","floor":5.0},{"not_picked":["Catalyst","Dagger Spray"],"picked":"Unload","floor":6.0},{"not_picked":["PiercingWail","Acrobatics"],"picked":"Heel Hook","floor":8.0},{"not_picked":["Distraction","Dagger Throw","Riddle With Holes"],"picked":"SKIP","floor":11.0},{"not_picked":["Endless Agony","Blade Dance"],"picked":"Caltrops+1","floor":13.0},{"not_picked":["Envenom+1","Adrenaline"],"picked":"Wraith Form v2+1","floor":16.0},{"not_picked":["Eviscerate+1","Flying Knee","Poisoned Stab"],"picked":"SKIP","floor":18.0},{"not_picked":["PiercingWail","Escape Plan","Choke+1"],"picked":"SKIP","floor":19.0},{"not_picked":["Dagger Spray+1","Blade Dance"],"picked":"Prepared+1","floor":20.0},{"not_picked":["Outmaneuver","Choke"],"picked":"Noxious Fumes+1","floor":22.0},{"not_picked":["Sucker Punch","Escape Plan+1"],"picked":"Caltrops+1","floor":24.0},{"not_picked":["Dodge and Roll","Prepared"],"picked":"Terror","floor":27.0},{"not_picked":["Catalyst","Quick Slash+1","Bane"],"picked":"SKIP","floor":30.0},{"not_picked":["Bane","Expertise"],"picked":"Backflip","floor":31.0},{"not_picked":["Bullet Time","Tools of the Trade+1"],"picked":"Night Terror","floor":33.0},{"not_picked":["Leg Sweep","Heel Hook+1"],"picked":"Caltrops+1","floor":35.0},{"not_picked":["Tactician","Dagger Throw"],"picked":"Blade Dance+1","floor":36.0},{"not_picked":["Underhanded Strike+1","Eviscerate+1"],"picked":"Choke+1","floor":41.0},{"not_picked":["Dagger Spray","Dagger Throw+1","Endless Agony+1"],"picked":"SKIP","floor":42.0},{"not_picked":["Doppelganger","Escape Plan+1"],"picked":"Deflect+1","floor":45.0},{"not_picked":["Deflect","Dagger Spray+1","Skewer"],"picked":"SKIP","floor":47.0}],"player_experience":770230,"relics_obtained":[{"floor":6.0,"key":"Pen Nib"},{"floor":8.0,"key":"Ginger"},{"floor":9.0,"key":"Frozen Egg 2"},{"floor":14.0,"key":"Happy Flower"},{"floor":23.0,"key":"Red Mask"},{"floor":30.0,"key":"The Courier"},{"floor":45.0,"key":"Boot"}],"event_choices":[{"damage_healed":0.0,"max_hp_gain":0.0,"max_hp_loss":0.0,"gold_gain":0.0,"event_name":"Shining Light","player_choice":"Entered Light","floor":2.0,"gold_loss":0.0,"damage_taken":14.0,"cards_upgraded":["Defend_G","Defend_G"]},{"damage_healed":0.0,"max_hp_gain":0.0,"max_hp_loss":0.0,"gold_gain":0.0,"event_name":"Accursed Blacksmith","player_choice":"Rummage","floor":3.0,"gold_loss":0.0,"damage_taken":0.0,"relics_obtained":["WarpedTongs"],"cards_obtained":["Pain"]},{"damage_healed":0.0,"max_hp_gain":0.0,"max_hp_loss":0.0,"gold_gain":0.0,"event_name":"Dead Adventurer","player_choice":"Searched \u00270\u0027 times","floor":10.0,"gold_loss":0.0,"damage_taken":0.0},{"damage_healed":0.0,"max_hp_gain":0.0,"max_hp_loss":0.0,"gold_gain":0.0,"event_name":"Masked Bandits","player_choice":"Fought Bandits","floor":23.0,"gold_loss":0.0,"damage_taken":0.0},{"cards_removed":["Pain"],"damage_healed":0.0,"max_hp_gain":0.0,"max_hp_loss":0.0,"gold_gain":0.0,"event_name":"Designer","player_choice":"Upgrade and Remove","floor":28.0,"gold_loss":90.0,"damage_taken":0.0,"cards_upgraded":["Dagger Throw"]},{"damage_healed":0.0,"max_hp_gain":0.0,"max_hp_loss":0.0,"gold_gain":0.0,"event_name":"Upgrade Shrine","player_choice":"Upgraded","floor":38.0,"gold_loss":0.0,"damage_taken":0.0,"cards_upgraded":["Night Terror"]}],"is_beta":false,"boss_relics":[{"not_picked":["Snecko Eye","Coffee Dripper"],"picked":"Cursed Key"},{"not_picked":["Orrery","HoveringKite"],"picked":"Lizard Tail"}],"items_purged_floors":[21],"is_endless":false,"potions_floor_spawned":[1,4,8,13,20,24,27,36,41,45,47],"ascension_level":11}