{"gold_per_floor":[114,114,16,33,43,43,54,72,95,95,170,170,182,194,194,290,290,300,200,213,232,107,107,120,219,219,319,319,333,183,202,202,307,307,325,325,345,362,380,380,398,223,223,237,237,253,53,53,53,53],"floor_reached":51,"playtime":2653,"items_purged":["Defend_R","Strike_R","Strike_R","Defend_R","Strike_R","Bash+1"],"score":720,"play_id":"0d26a24c-2056-42e2-966e-a5f4da60b00a","local_time":"20190105022144","is_ascension_mode":false,"campfire_choices":[{"data":"Shrug It Off","floor":6.0,"key":"SMITH"},{"data":"Rampage","floor":10.0,"key":"SMITH"},{"data":"Bash","floor":12.0,"key":"SMITH"},{"data":"Shrug It Off","floor":15.0,"key":"SMITH"},{"data":"Headbutt","floor":23.0,"key":"SMITH"},{"floor":32.0,"key":"REST"},{"data":"Defend_R","floor":40.0,"key":"SMITH"},{"data":"Defend_R","floor":45,"key":"SMITH"},{"floor":49,"key":"REST"}],"neow_cost":"NONE","seed_source_timestamp":179166041244279,"circlet_count":0,"master_deck":["Defend_R+1","Defend_R+1","Shrug It Off+1","Headbutt+1","Rampage+1","Shrug It Off+1"],"special_seed":0,"relics":["Burning Blood","Orichalcum","Philosopher\u0027s Stone","Nunchaku","Pocketwatch","Question Card","Cursed Key"],"potions_floor_usage":[50],"damage_taken":[{"damage":6.0,"enemies":"2 Louse","floor":1.0,"turns":3.0},{"damage":5.0,"enemies":"Small Slimes","floor":4.0,"turns":4.0},{"damage":1.0,"enemies":"Cultist","floor":5.0,"turns":3.0},{"damage":13.0,"enemies":"2 Fungi Beasts","floor":7.0,"turns":3.0},{"damage":7.0,"enemies":"3 Louse","floor":8.0,"turns":4.0},{"damage":5.0,"enemies":"Looter","floor":13.0,"turns":3.0},{"damage":5.0,"enemies":"Exordium Wildlife","floor":14.0,"turns":3.0},{"damage":22.0,"enemies":"Hexaghost","floor":16.0,"turns":8.0},{"damage":0.0,"enemies":"Chosen","floor":18.0,"turns":3.0},{"damage":9.0,"enemies":"Spheric Guardian","floor":20.0,"turns":4.0},{"damage":5.0,"enemies":"Centurion and Healer","floor":21.0,"turns":6.0},{"damage":15.0,"enemies":"Snake Plant","floor":24.0,"turns":3.0},{"damage":0.0,"enemies":"Colosseum Slavers","floor":27.0,"turns":2.0},{"damage":33.0,"enemies":"Colosseum Nobs","floor":27.0,"turns":5.0},{"damage":1.0,"enemies":"Cultist and Chosen","floor":29.0,"turns":4.0},{"damage":10.0,"enemies":"Shelled Parasite and Fungi","floor":31.0,"turns":3.0},{"damage":16.0,"enemies":"Collector","floor":33.0,"turns":6.0},{"damage":1.0,"enemies":"3 Darklings","floor":35.0,"turns":4.0},{"damage":1.0,"enemies":"3 Shapes","floor":37.0,"turns":3.0},{"damage":5.0,"enemies":"Spire Growth","floor":38.0,"turns":4.0},{"damage":0.0,"enemies":"Sphere and 2 Shapes","floor":39.0,"turns":4.0},{"damage":6.0,"enemies":"Transient","floor":41.0,"turns":5.0},{"damage":0,"enemies":"Jaw Worm Horde","floor":44,"turns":4},{"damage":14,"enemies":"Spire Growth","floor":46,"turns":3},{"damage":27,"enemies":"Awakened One","floor":50,"turns":7}],"seed_played":"-303923004076243887","potions_obtained":[{"floor":7.0,"key":"Poison Potion"},{"floor":13.0,"key":"Energy Potion"},{"floor":14.0,"key":"Fire Potion"},{"floor":20.0,"key":"Fire Potion"},{"floor":33.0,"key":"SkillPotion"},{"floor":35.0,"key":"Ancient Potion"},{"floor":36.0,"key":"Dexterity Potion"},{"floor":36.0,"key":"GamblersBrew"},{"floor":39.0,"key":"GamblersBrew"}],"is_trial":false,"path_per_floor":["M","?","$","M","M","R","M","M","T","R","?","R","M","M","R","B",null,"M","$","M","M","$","R","M","?","T","?","?","M","$","M","R","B",null,"M","?","M","M","M","R","M","$","T","M","R","M","$","?","R","B",null],"character_chosen":"IRONCLAD","items_purchased":["Shrug It Off"],"campfire_rested":2,"item_purchase_floors":[3],"current_hp_per_floor":[80,73,73,74,79,79,72,71,71,71,63,63,64,65,65,49,80,80,80,77,78,78,78,69,69,69,48,48,53,53,49,73,63,80,80,80,80,80,80,80,80,80,80,80,80,72,72,72,76,55],"gold":53,"neow_bonus":"REMOVE_CARD","is_prod":false,"is_daily":false,"chose_seed":false,"campfire_upgraded":7,"win_rate":0,"timestamp":1546672904,"path_taken":["M","?","$","M","M","R","M","M","T","R","?","R","M","M","R","BOSS","M","$","M","M","$","R","M","?","T","?","?","M","?","M","R","BOSS","M","?","M","M","M","R","M","$","T","?","R","M","$","?","R","BOSS"],"build_version":"2019-01-03v4","purchased_purges":6,"victory":true,"max_hp_per_floor":[80,80,80,80,80,80,80,80,80,80,80,80,80,80,80,80,80,80,80,80,80,80,80,80,80,80,80,80,80,80,80,80,80,80,80,80,80,80,80,80,80,80,80,80,80,80,80,76,76,76],"card_choices":[{"not_picked":["Cleave","Iron Wave","Sword Boomerang"],"picked":"SKIP","floor":1.0},{"not_picked":["Perfected Strike","True Grit"],"picked":"Headbutt","floor":4.0},{"not_picked":["Infernal Blade","Entrench","Armaments"],"picked":"SKIP","floor":5.0},{"not_picked":["Thunderclap","Warcry","True Grit"],"picked":"SKIP","floor":7.0},{"not_picked":["Thunderclap","Warcry","True Grit"],"picked":"SKIP","floor":7.0},{"not_picked":["Thunderclap","Warcry","True Grit"],"picked":"SKIP","floor":7.0},{"not_picked":["Flex","Berserk"],"picked":"Rampage","floor":8.0},{"not_picked":["Perfected Strike","Bloodletting","Anger"],"picked":"SKIP","floor":13.0},{"not_picked":["Headbutt","Pommel Strike"],"picked":"Shrug It Off","floor":14.0},{"not_picked":["Shrug It Off","Headbutt","Twin Strike"],"picked":"SKIP","floor":18.0},{"not_picked":["Seeing Red","Clash+1","Cleave"],"picked":"SKIP","floor":20.0},{"not_picked":["Anger+1","Second Wind","Cleave"],"picked":"SKIP","floor":21.0},{"not_picked":["Second Wind","Bludgeon","Evolve+1"],"picked":"SKIP","floor":24.0},{"not_picked":["Havoc","Cleave","Dual Wield","Carnage"],"picked":"SKIP","floor":29.0},{"not_picked":["Whirlwind+1","Iron Wave+1","Inflame","Havoc"],"picked":"SKIP","floor":31.0},{"not_picked":["Thunderclap+1","True Grit","Disarm+1","Perfected Strike"],"picked":"SKIP","floor":35.0},{"not_picked":["Thunderclap+1","Body Slam+1","Whirlwind+1","Twin Strike"],"picked":"SKIP","floor":37.0},{"not_picked":["Hemokinesis+1","Corruption","Infernal Blade","Reckless Charge"],"picked":"SKIP","floor":38.0},{"not_picked":["Havoc","Iron Wave+1","Whirlwind+1","Spot Weakness+1"],"picked":"SKIP","floor":39.0},{"not_picked":["Impervious","Dual Wield+1","Intimidate","Iron Wave+1"],"picked":"SKIP","floor":41.0},{"not_picked":["Sword Boomerang+1","Infernal Blade","Rupture+1","Flex+1"],"picked":"SKIP","floor":44},{"not_picked":["Seeing Red+1","Clash+1","Pummel+1","Body Slam"],"picked":"SKIP","floor":46}],"player_experience":671253,"relics_obtained":[{"floor":9.0,"key":"Orichalcum"},{"floor":26.0,"key":"Nunchaku"},{"floor":27.0,"key":"Pocketwatch"},{"floor":27.0,"key":"Question Card"}],"event_choices":[{"cards_removed":["Strike_R"],"damage_healed":0.0,"max_hp_gain":0.0,"max_hp_loss":0.0,"gold_gain":0.0,"event_name":"Golden Wing","player_choice":"Card Removal","floor":2.0,"gold_loss":0.0,"damage_taken":7.0},{"damage_healed":0.0,"max_hp_gain":0.0,"max_hp_loss":0.0,"gold_gain":75.0,"event_name":"FaceTrader","player_choice":"Touch","floor":11.0,"gold_loss":0.0,"damage_taken":8.0},{"damage_healed":0.0,"max_hp_gain":0.0,"max_hp_loss":0.0,"gold_gain":99.0,"event_name":"Nest","player_choice":"Stole From Cult","floor":25.0,"gold_loss":0.0,"damage_taken":0.0},{"damage_healed":0.0,"max_hp_gain":0.0,"max_hp_loss":0.0,"gold_gain":0.0,"event_name":"Colosseum","player_choice":"Fight","floor":27.0,"gold_loss":0.0,"damage_taken":0.0},{"damage_healed":0.0,"max_hp_gain":0.0,"max_hp_loss":0.0,"gold_gain":0.0,"event_name":"Colosseum","player_choice":"Fought Nobs","floor":27.0,"gold_loss":0.0,"damage_taken":0.0},{"damage_healed":0.0,"max_hp_gain":0.0,"max_hp_loss":0.0,"gold_gain":0.0,"event_name":"The Mausoleum","player_choice":"Ignored","floor":28.0,"gold_loss":0.0,"damage_taken":0.0},{"damage_healed":0.0,"max_hp_gain":0.0,"max_hp_loss":0.0,"gold_gain":0.0,"event_name":"Lab","player_choice":"Got Potions","floor":36.0,"gold_loss":0.0,"damage_taken":0.0},{"damage_healed":0,"gold_gain":0,"player_choice":"Max HP","damage_taken":0,"max_hp_gain":0,"max_hp_loss":4,"event_name":"Winding Halls","floor":48,"gold_loss":0}],"is_beta":false,"boss_relics":[{"not_picked":["Eternal Feather","Astrolabe"],"picked":"Philosopher\u0027s Stone"},{"not_picked":["Runic Pyramid","Calling Bell"],"picked":"Cursed Key"}],"items_purged_floors":[3,19,22,30,42,47],"is_endless":false,"potions_floor_spawned":[7,13,14,20,27,33,35,39,41,46],"ascension_level":0}