{"gold_per_floor":[119,132,307,0,0,0,31,31,31,81,81,98,118,130,130,130],"floor_reached":16,"playtime":689,"items_purged":[],"score":150,"play_id":"e3c52260-3d07-481a-8e72-3320f5c59676","local_time":"20190716224159","is_ascension_mode":true,"campfire_choices":[{"floor":6,"key":"DIG"},{"floor":11,"key":"DIG"},{"floor":15,"key":"DIG"}],"neow_cost":"PERCENT_DAMAGE","seed_source_timestamp":712459495382012,"circlet_count":0,"master_deck":["Strike_R","Strike_R","Strike_R","Strike_R","Strike_R","Defend_R","Defend_R","Defend_R","Defend_R+1","Bash","Havoc","Wild Strike+1","Doubt","True Grit","Feel No Pain","Dropkick","Shrug It Off"],"relics":["Burning Blood","Shovel","Bottled Lightning","Bag of Marbles","Calipers","Dream Catcher","Pocketwatch","Ice Cream"],"potions_floor_usage":[7,16],"damage_taken":[{"damage":1,"enemies":"Cultist","floor":1,"turns":4},{"damage":0,"enemies":"Small Slimes","floor":2,"turns":4},{"damage":46,"enemies":"3 Sentries","floor":7,"turns":10},{"damage":0,"enemies":"Jaw Worm","floor":12,"turns":2},{"damage":3,"enemies":"Blue Slaver","floor":13,"turns":3},{"damage":9,"enemies":"Red Slaver","floor":14,"turns":4},{"damage":64,"enemies":"Hexaghost","floor":16,"turns":12}],"seed_played":"-394801517052659383","potions_obtained":[{"floor":1,"key":"BloodPotion"},{"floor":14,"key":"Fruit Juice"}],"is_trial":false,"path_per_floor":["M","M","?","$","?","R","E","$","T","T","R","M","M","M","R","B"],"character_chosen":"IRONCLAD","items_purchased":["Shovel"],"campfire_rested":0,"item_purchase_floors":[4],"current_hp_per_floor":[77,83,83,83,64,64,48,48,48,48,48,54,57,54,54,0],"gold":130,"neow_bonus":"TWENTY_PERCENT_HP_BONUS","is_prod":false,"is_daily":false,"chose_seed":false,"campfire_upgraded":0,"win_rate":0,"timestamp":1563342119,"path_taken":["M","?","?","$","?","R","E","?","T","?","R","M","M","M","R","BOSS"],"build_version":"2019-07-05","purchased_purges":0,"victory":false,"max_hp_per_floor":[96,96,96,96,96,96,96,96,96,96,96,96,96,96,96,101],"card_choices":[{"not_picked":["Clash","Perfected Strike"],"picked":"Havoc","floor":1},{"not_picked":["Reckless Charge","Exhume"],"picked":"Wild Strike","floor":2},{"not_picked":["Anger","Rupture"],"picked":"True Grit","floor":7},{"not_picked":["Twin Strike","Headbutt"],"picked":"Feel No Pain","floor":12},{"not_picked":["Thunderclap","Clash"],"picked":"Dropkick","floor":13},{"not_picked":["Wild Strike","Twin Strike"],"picked":"Shrug It Off","floor":14}],"player_experience":331786,"relics_obtained":[{"floor":6,"key":"Bottled Lightning"},{"floor":7,"key":"Bag of Marbles"},{"floor":9,"key":"Calipers"},{"floor":10,"key":"Dream Catcher"},{"floor":11,"key":"Pocketwatch"},{"floor":15,"key":"Ice Cream"}],"event_choices":[{"damage_healed":0,"gold_gain":175,"player_choice":"AGREE","damage_taken":0,"max_hp_gain":0,"max_hp_loss":0,"event_name":"Liars Game","floor":3,"gold_loss":0,"cards_obtained":["Doubt"]},{"damage_healed":0,"gold_gain":0,"player_choice":"Entered Light","damage_taken":19,"max_hp_gain":0,"max_hp_loss":0,"event_name":"Shining Light","floor":5,"gold_loss":0,"cards_upgraded":["Defend_R","Wild Strike"]}],"is_beta":false,"boss_relics":[],"items_purged_floors":[],"is_endless":false,"potions_floor_spawned":[1,14],"killed_by":"Hexaghost","ascension_level":5}