{"gold_per_floor":[116,133,133,146,146,146,166,55,82,98,113,113,137,87,87,87],"floor_reached":16,"playtime":565,"items_purged":["Strike_R"],"score":92,"play_id":"102cecd0-d7e5-4283-87be-b32341c3c091","local_time":"20190108010132","is_ascension_mode":false,"campfire_choices":[{"data":"Headbutt","floor":6,"key":"SMITH"},{"data":"Body Slam","floor":15,"key":"SMITH"}],"neow_cost":"NONE","seed_source_timestamp":2374505331948,"circlet_count":0,"master_deck":["Strike_R","Strike_R","Defend_R","Defend_R","Defend_R","Defend_R","Bash+1","Headbutt+1","Defend_R","Ghostly Armor","Carnage","Double Tap","Body Slam+1","Ghostly Armor"],"relics":["Burning Blood"],"potions_floor_usage":[10,11,13],"damage_taken":[{"damage":15,"enemies":"Jaw Worm","floor":1,"turns":4},{"damage":6,"enemies":"Cultist","floor":2,"turns":3},{"damage":1,"enemies":"2 Louse","floor":4,"turns":3},{"damage":16,"enemies":"2 Fungi Beasts","floor":7,"turns":3},{"damage":6,"enemies":"Large Slime","floor":10,"turns":4},{"damage":8,"enemies":"Exordium Wildlife","floor":11,"turns":3},{"damage":9,"enemies":"The Mushroom Lair","floor":13,"turns":4},{"damage":55,"enemies":"Hexaghost","floor":16,"turns":9}],"seed_played":"-9000938403832144146","potions_obtained":[{"floor":7,"key":"AttackPotion"},{"floor":10,"key":"GamblersBrew"},{"floor":11,"key":"Swift Potion"}],"is_trial":false,"path_per_floor":["M","M","?","M","?","R","M","$","T","M","M","T","?","?","R","B"],"character_chosen":"IRONCLAD","items_purchased":["Carnage"],"campfire_rested":0,"item_purchase_floors":[8],"current_hp_per_floor":[71,71,64,69,69,69,59,59,59,59,57,57,54,54,54,0],"gold":87,"neow_bonus":"UPGRADE_CARD","is_prod":false,"is_daily":false,"chose_seed":false,"campfire_upgraded":2,"win_rate":0,"timestamp":1546927292,"path_taken":["M","M","?","M","?","R","?","$","T","M","M","?","?","?","R","BOSS"],"build_version":"2019-01-03v4","purchased_purges":1,"victory":false,"max_hp_per_floor":[80,80,80,80,80,80,80,80,80,80,80,80,80,80,80,80],"card_choices":[{"not_picked":["Clothesline","Warcry","Anger"],"picked":"SKIP","floor":1},{"not_picked":["Thunderclap","Clothesline"],"picked":"Headbutt","floor":2},{"not_picked":["Clothesline","Headbutt"],"picked":"Body Slam","floor":4},{"not_picked":["Warcry","Headbutt"],"picked":"Ghostly Armor","floor":7},{"not_picked":["Havoc","Sword Boomerang"],"picked":"Double Tap","floor":10},{"not_picked":["Clash","Headbutt"],"picked":"Body Slam","floor":11},{"not_picked":["Cleave","Clothesline"],"picked":"Ghostly Armor","floor":13}],"player_experience":687215,"relics_obtained":[],"event_choices":[{"cards_removed":["Strike_R"],"damage_healed":0,"gold_gain":0,"player_choice":"Card Removal","damage_taken":7,"max_hp_gain":0,"max_hp_loss":0,"event_name":"Golden Wing","floor":3,"gold_loss":0},{"cards_removed":["Body Slam"],"damage_healed":0,"gold_gain":0,"player_choice":"Took Card","damage_taken":0,"max_hp_gain":0,"max_hp_loss":0,"event_name":"NoteForYourself","floor":5,"gold_loss":0,"cards_obtained":["Defend_R"]},{"damage_healed":0,"gold_gain":0,"player_choice":"Fought Mushrooms","damage_taken":0,"max_hp_gain":0,"max_hp_loss":0,"event_name":"Mushrooms","floor":13,"gold_loss":0},{"cards_removed":["Strike_R"],"damage_healed":0,"gold_gain":0,"player_choice":"Card Removal","damage_taken":0,"max_hp_gain":0,"max_hp_loss":0,"event_name":"The Cleric","floor":14,"gold_loss":50}],"is_beta":false,"boss_relics":[],"items_purged_floors":[8],"is_endless":false,"potions_floor_spawned":[7,10,11],"killed_by":"Hexaghost","ascension_level":0}