{"gold_per_floor":[114,39,54,72,72,99,99,126,151,151,178,192,210,230,230,333,333,348,365,365,265,283,308,308,340,340,355,386,386,402,420,420,521,521,533,533,503,521,521,550,79,79,102,502,529,529,1,17,17,17],"floor_reached":51,"playtime":3783,"items_purged":["Strike_B","Strike_B","Zap"],"score":822,"play_id":"f5138ea5-3f07-4779-8e75-016c326a5f05","local_time":"20190809003852","is_ascension_mode":true,"campfire_choices":[{"data":"Ball Lightning","floor":7,"key":"SMITH"},{"floor":10,"key":"REST"},{"floor":15,"key":"REST"},{"floor":29,"key":"REST"},{"floor":32,"key":"REST"},{"floor":42,"key":"DIG"},{"floor":49,"key":"REST"}],"neow_cost":"NONE","seed_source_timestamp":263663562270891,"circlet_count":0,"master_deck":["Defend_B+1","Defend_B+1","Defend_B","Dualcast+1","Ball Lightning+1","Lockon","Streamline","Tempest","Static Discharge","Skim","Lockon","Reboot","Seek","Biased Cognition+1","Skim+1","Gash+1","Lockon","Ball Lightning+1","Beam Cell+1","Gash+1","Coolheaded","Gash+1","FTL","Biased Cognition","Cold Snap","Gash","Gash"],"relics":["FrozenCore","Vajra","Dream Catcher","Ice Cream","Lantern","Sundial","Astrolabe","War Paint","Thread and Needle","Shovel","PreservedInsect","Mummified Hand","Potion Belt","Toolbox","Boot","Art of War","Old Coin","Happy Flower","Ancient Tea Set","Strange Spoon"],"potions_floor_usage":[6,6,8,19,22,28,28,31,38,50,50,50,50,50,50,50],"damage_taken":[{"damage":3,"enemies":"Small Slimes","floor":1,"turns":3},{"damage":1,"enemies":"Cultist","floor":3,"turns":3},{"damage":1,"enemies":"2 Louse","floor":4,"turns":2},{"damage":12,"enemies":"3 Sentries","floor":6,"turns":4},{"damage":18,"enemies":"Gremlin Nob","floor":8,"turns":3},{"damage":22,"enemies":"3 Sentries","floor":11,"turns":4},{"damage":3,"enemies":"Red Slaver","floor":12,"turns":2},{"damage":5,"enemies":"Looter","floor":13,"turns":2},{"damage":18,"enemies":"Exordium Thugs","floor":14,"turns":2},{"damage":30,"enemies":"The Guardian","floor":16,"turns":7},{"damage":5,"enemies":"Chosen","floor":18,"turns":3},{"damage":0,"enemies":"Spheric Guardian","floor":19,"turns":3},{"damage":10,"enemies":"Chosen and Byrds","floor":22,"turns":4},{"damage":54,"enemies":"Gremlin Leader","floor":23,"turns":4},{"damage":35,"enemies":"Book of Stabbing","floor":25,"turns":4},{"damage":9,"enemies":"Snake Plant","floor":27,"turns":2},{"damage":15,"enemies":"Slavers","floor":28,"turns":2},{"damage":8,"enemies":"3 Cultists","floor":30,"turns":3},{"damage":0,"enemies":"Cultist and Chosen","floor":31,"turns":4},{"damage":31,"enemies":"Collector","floor":33,"turns":5},{"damage":0,"enemies":"Orb Walker","floor":35,"turns":3},{"damage":12,"enemies":"3 Shapes","floor":38,"turns":3},{"damage":14,"enemies":"Giant Head","floor":40,"turns":7},{"damage":11,"enemies":"Mind Bloom Boss Battle","floor":44,"turns":5},{"damage":6,"enemies":"Reptomancer","floor":45,"turns":4},{"damage":0,"enemies":"Sphere and 2 Shapes","floor":48,"turns":3},{"damage":36,"enemies":"Donu and Deca","floor":50,"turns":7}],"seed_played":"8113533097919666849","potions_obtained":[{"floor":3,"key":"EntropicBrew"},{"floor":6,"key":"SkillPotion"},{"floor":11,"key":"Explosive Potion"},{"floor":12,"key":"Explosive Potion"},{"floor":16,"key":"Regen Potion"},{"floor":18,"key":"AttackPotion"},{"floor":19,"key":"Energy Potion"},{"floor":23,"key":"Ancient Potion"},{"floor":28,"key":"SkillPotion"},{"floor":33,"key":"Regen Potion"},{"floor":37,"key":"FairyPotion"},{"floor":37,"key":"EntropicBrew"},{"floor":38,"key":"Poison Potion"},{"floor":40,"key":"Block Potion"}],"is_trial":false,"path_per_floor":["M","$","M","M","?","E","R","E","T","R","E","M","M","M","R","B",null,"M","M","?","$","M","E","?","E","T","M","E","R","M","M","R","B",null,"M","?","?","M","$","E","$","R","T","?","E","T","$","M","R","B",null],"character_chosen":"DEFECT","items_purchased":["Gash","Potion Belt","AttackPotion","AttackPotion","Toolbox","Gash","Ancient Tea Set","Strange Spoon"],"campfire_rested":5,"item_purchase_floors":[41,41,41,41,41,47,47,47],"current_hp_per_floor":[72,72,71,70,70,58,58,40,40,62,40,37,32,14,36,6,75,70,70,70,70,69,15,85,50,50,41,26,51,43,43,68,37,85,85,85,85,80,80,66,66,66,66,55,49,49,49,49,74,38],"gold":17,"neow_bonus":"UPGRADE_CARD","is_prod":false,"is_daily":false,"chose_seed":false,"campfire_upgraded":1,"win_rate":0,"timestamp":1565336332,"path_taken":["M","$","M","M","?","E","R","E","T","R","E","M","M","M","R","BOSS","M","?","?","$","?","E","?","E","T","M","E","R","M","?","R","BOSS","M","?","?","?","$","E","$","R","T","?","E","?","?","M","R","BOSS"],"build_version":"2019-07-17","purchased_purges":3,"victory":true,"max_hp_per_floor":[75,75,75,75,75,75,75,75,75,75,75,75,75,75,75,75,75,75,75,75,75,75,75,85,85,85,85,85,85,85,85,85,85,85,85,85,85,85,85,85,85,85,85,85,85,85,85,85,85,85],"card_choices":[{"not_picked":["Redo","Sweeping Beam"],"picked":"Ball Lightning","floor":1},{"not_picked":["Cold Snap","Self Repair","Loop"],"picked":"SKIP","floor":3},{"not_picked":["Sweeping Beam","Defragment"],"picked":"Melter","floor":4},{"not_picked":["Storm","Doom and Gloom","Reinforced Body"],"picked":"SKIP","floor":6},{"not_picked":["Meteor Strike","Force Field"],"picked":"Lockon","floor":8},{"not_picked":["Go for the Eyes","Turbo"],"picked":"Streamline","floor":10},{"not_picked":["Sunder","Heatsinks"],"picked":"Tempest","floor":11},{"not_picked":["Reinforced Body","Ball Lightning"],"picked":"Static Discharge","floor":12},{"not_picked":["Coolheaded","Compile Driver"],"picked":"Skim","floor":13},{"not_picked":["Turbo","Reinforced Body"],"picked":"Lockon","floor":14},{"not_picked":["Beam Cell","Blizzard"],"picked":"Reboot","floor":15},{"not_picked":["Amplify","Rainbow"],"picked":"Seek","floor":16},{"not_picked":["Aggregate","Sweeping Beam"],"picked":"Gash+1","floor":18},{"not_picked":["Sweeping Beam","Rebound","Go for the Eyes"],"picked":"SKIP","floor":19},{"not_picked":["Hello World","BootSequence"],"picked":"Ball Lightning+1","floor":22},{"not_picked":["Undo+1","Leap"],"picked":"Beam Cell+1","floor":23},{"not_picked":["Stack","Rip and Tear"],"picked":"Fission","floor":25},{"not_picked":["Blizzard","Storm","Sunder"],"picked":"SKIP","floor":27},{"not_picked":["Barrage","Ball Lightning","All For One"],"picked":"SKIP","floor":28},{"not_picked":["Sweeping Beam","Hello World"],"picked":"Gash+1","floor":29},{"not_picked":["Stack+1","Storm"],"picked":"Coolheaded","floor":30},{"not_picked":["Compile Driver+1","Darkness+1"],"picked":"Gash+1","floor":31},{"not_picked":["Sweeping Beam","Barrage"],"picked":"FTL","floor":32},{"not_picked":["Creative AI","Echo Form"],"picked":"Biased Cognition","floor":33},{"not_picked":["Rebound","Conserve Battery+1"],"picked":"Cold Snap","floor":35},{"not_picked":["Rebound","Self Repair","Heatsinks+1"],"picked":"SKIP","floor":38},{"not_picked":["Ball Lightning","Sunder","Hyperbeam"],"picked":"SKIP","floor":40},{"not_picked":["Steam+1","Doom and Gloom+1","Redo"],"picked":"SKIP","floor":45},{"not_picked":["Turbo+1","Genetic Algorithm","Leap+1"],"picked":"SKIP","floor":48}],"player_experience":232774,"relics_obtained":[{"floor":6,"key":"Dream Catcher"},{"floor":8,"key":"Ice Cream"},{"floor":9,"key":"Lantern"},{"floor":11,"key":"Sundial"},{"floor":23,"key":"War Paint"},{"floor":25,"key":"Thread and Needle"},{"floor":26,"key":"Shovel"},{"floor":28,"key":"PreservedInsect"},{"floor":40,"key":"Mummified Hand"},{"floor":42,"key":"Boot"},{"floor":43,"key":"Art of War"},{"floor":44,"key":"Old Coin"},{"floor":45,"key":"Happy Flower"}],"event_choices":[{"cards_removed":["Melter"],"damage_healed":0,"gold_gain":0,"player_choice":"Gave Card","damage_taken":0,"relics_obtained":["Vajra"],"max_hp_gain":0,"max_hp_loss":0,"event_name":"WeMeetAgain","floor":5,"gold_loss":0},{"damage_healed":0,"gold_gain":0,"player_choice":"Copied","damage_taken":0,"max_hp_gain":0,"max_hp_loss":0,"event_name":"Duplicator","floor":20,"gold_loss":0,"cards_obtained":["Lockon"]},{"cards_removed":["Hyperbeam"],"damage_healed":60,"gold_gain":0,"player_choice":"Offered Rare","damage_taken":0,"max_hp_gain":10,"max_hp_loss":0,"event_name":"Bonfire Elementals","floor":24,"gold_loss":0},{"cards_removed":["Fission"],"damage_healed":0,"gold_gain":0,"player_choice":"Removed Skill","damage_taken":0,"max_hp_gain":0,"max_hp_loss":0,"event_name":"Falling","floor":36,"gold_loss":0},{"damage_healed":0,"gold_gain":0,"player_choice":"Bought 2 Potions","damage_taken":0,"max_hp_gain":0,"max_hp_loss":0,"event_name":"The Woman in Blue","floor":37,"gold_loss":0},{"damage_healed":0,"gold_gain":0,"player_choice":"Fight","damage_taken":0,"max_hp_gain":0,"max_hp_loss":0,"event_name":"MindBloom","floor":44,"gold_loss":0}],"is_beta":false,"boss_relics":[{"not_picked":["Tiny House","Velvet Choker"],"picked":"Astrolabe"},{"not_picked":["Sozu","Nuclear Battery"],"picked":"FrozenCore"}],"items_purged_floors":[2,21,47],"is_endless":false,"potions_floor_spawned":[3,6,11,12,16,18,19,23,28,33,38,40],"ascension_level":1}