{"gold_per_floor":[113,130,146,159,159,159,159,159,159,173,186,202,234,245,245,340,340,356,375,391,411,427,456,456,484,484,484,484,105,122,122,122,226,226,238,253,253,268,268,294,294,324,324,71,71,91,91],"floor_reached":47,"playtime":5362,"items_purged":["Strike_G","Strike_G"],"score":531,"play_id":"2b169ae2-2a79-4ce7-a7c8-07c89a5b4dcd","local_time":"20190302135814","is_ascension_mode":false,"campfire_choices":[{"data":"Crippling Poison","floor":6,"key":"SMITH"},{"data":"Dash","floor":8,"key":"SMITH"},{"data":"Noxious Fumes","floor":15,"key":"SMITH"},{"floor":24,"key":"REST"},{"floor":27,"key":"REST"},{"data":"Well Laid Plans","floor":32,"key":"SMITH"},{"floor":41,"key":"REST"}],"neow_cost":"TEN_PERCENT_HP_LOSS","seed_source_timestamp":120303719555689,"circlet_count":0,"master_deck":["Defend_G","Defend_G","Defend_G","Defend_G","Survivor","Neutralize","Malaise","Glass Knife","Crippling Poison+1","Deadly Poison","Underhanded Strike","Acrobatics","Dash+1","Outmaneuver","Footwork","Noxious Fumes+1","Underhanded Strike","Adrenaline","Dodge and Roll+1","Tactician+1","Noxious Fumes","Well Laid Plans+1","Burst","Poisoned Stab","Poisoned Stab+1","Distraction","Deep Breath","Backflip","Reflex","Parasite"],"relics":["Ring of the Snake","Oddly Smooth Stone","Pear","Velvet Choker","Orichalcum","Anchor","Pantograph","Calipers","MutagenicStrength","Lizard Tail","Snake Skull","The Specimen","Darkstone Periapt","Happy Flower"],"potions_floor_usage":[13,23,40],"damage_taken":[{"damage":2,"enemies":"Jaw Worm","floor":1,"turns":5},{"damage":2,"enemies":"Cultist","floor":2,"turns":4},{"damage":2,"enemies":"2 Louse","floor":3,"turns":2},{"damage":11,"enemies":"Red Slaver","floor":4,"turns":5},{"damage":3,"enemies":"Blue Slaver","floor":10,"turns":5},{"damage":10,"enemies":"Lots of Slimes","floor":11,"turns":4},{"damage":0,"enemies":"2 Fungi Beasts","floor":12,"turns":3},{"damage":11,"enemies":"Lagavulin","floor":13,"turns":6},{"damage":3,"enemies":"Blue Slaver","floor":14,"turns":3},{"damage":5,"enemies":"The Guardian","floor":16,"turns":9},{"damage":8,"enemies":"Spheric Guardian","floor":18,"turns":5},{"damage":13,"enemies":"Chosen","floor":19,"turns":5},{"damage":3,"enemies":"Snecko","floor":20,"turns":6},{"damage":4,"enemies":"Centurion and Healer","floor":21,"turns":6},{"damage":9,"enemies":"Shelled Parasite and Fungi","floor":22,"turns":6},{"damage":28,"enemies":"Slavers","floor":23,"turns":6},{"damage":17,"enemies":"Book of Stabbing","floor":25,"turns":6},{"damage":3,"enemies":"Snake Plant","floor":30,"turns":5},{"damage":18,"enemies":"Collector","floor":33,"turns":9},{"damage":19,"enemies":"3 Darklings","floor":35,"turns":7},{"damage":2,"enemies":"Orb Walker","floor":36,"turns":4},{"damage":20,"enemies":"Transient","floor":38,"turns":5},{"damage":15,"enemies":"Nemesis","floor":40,"turns":9},{"damage":34,"enemies":"Reptomancer","floor":42,"turns":7},{"damage":8,"enemies":"Writhing Mass","floor":46,"turns":6},{"damage":42,"enemies":"Spire Growth","floor":47,"turns":5}],"seed_played":"-3497719108456767045","potions_obtained":[{"floor":3,"key":"Strength Potion"},{"floor":4,"key":"Ancient Potion"},{"floor":12,"key":"FearPotion"},{"floor":14,"key":"AttackPotion"},{"floor":16,"key":"Energy Potion"},{"floor":25,"key":"SteroidPotion"},{"floor":30,"key":"SpeedPotion"},{"floor":35,"key":"Energy Potion"}],"is_trial":false,"path_per_floor":["M","M","M","M","$","R","?","R","T","M","M","M","E","M","R","B",null,"M","M","M","M","M","E","R","E","T","R","?","$","M","?","R","B",null,"M","M","?","M","?","E","R","E","T","$","?","M","M"],"character_chosen":"THE_SILENT","items_purchased":["Calipers","Happy Flower"],"campfire_rested":3,"item_purchase_floors":[29,44],"current_hp_per_floor":[61,59,57,46,46,46,46,46,46,43,33,33,32,29,29,24,73,65,52,49,45,36,8,29,12,12,33,57,57,54,54,54,55,73,54,52,52,32,32,17,38,4,4,4,4,42,0],"gold":91,"neow_bonus":"TRANSFORM_TWO_CARDS","is_prod":false,"is_daily":false,"chose_seed":false,"campfire_upgraded":4,"win_rate":0.0,"timestamp":1551563894,"path_taken":["M","M","M","M","$","R","?","R","T","M","?","M","E","M","R","BOSS","M","M","M","M","M","E","R","E","T","R","?","$","M","?","R","BOSS","M","M","?","?","?","E","R","E","T","$","?","?","M"],"build_version":"2019-01-23","purchased_purges":2,"victory":false,"max_hp_per_floor":[63,63,63,63,63,63,63,63,63,63,63,63,73,73,73,73,73,73,73,73,73,73,73,73,73,73,73,73,73,73,73,73,73,73,73,73,73,73,73,73,73,73,73,73,73,79,79],"card_choices":[{"not_picked":["PiercingWail","Dash"],"picked":"Crippling Poison","floor":1},{"not_picked":["Prepared","Sucker Punch"],"picked":"Deadly Poison","floor":2},{"not_picked":["Sucker Punch","Masterful Stab"],"picked":"Underhanded Strike","floor":3},{"not_picked":["Distraction","Leg Sweep"],"picked":"Acrobatics","floor":4},{"not_picked":["Blade Dance","PiercingWail"],"picked":"Outmaneuver","floor":10},{"not_picked":["Underhanded Strike","Acrobatics"],"picked":"Footwork","floor":11},{"not_picked":["Sucker Punch","Backflip"],"picked":"Noxious Fumes","floor":12},{"not_picked":["Malaise","Distraction"],"picked":"Underhanded Strike","floor":13},{"not_picked":["PiercingWail","Backflip","Sucker Punch"],"picked":"SKIP","floor":14},{"not_picked":["Unload","Die Die Die"],"picked":"Adrenaline","floor":16},{"not_picked":["Sucker Punch","PiercingWail"],"picked":"Dodge and Roll+1","floor":18},{"not_picked":["Dodge and Roll","Quick Slash"],"picked":"Tactician+1","floor":19},{"not_picked":["Deadly Poison","Prepared"],"picked":"Noxious Fumes","floor":20},{"not_picked":["Calculated Gamble+1","Slice","Acrobatics"],"picked":"SKIP","floor":21},{"not_picked":["Backflip+1","Underhanded Strike","All Out Attack"],"picked":"SKIP","floor":22},{"not_picked":["Tools of the Trade","Choke","Flechettes"],"picked":"SKIP","floor":23},{"not_picked":["Heel Hook+1","Acrobatics","Underhanded Strike"],"picked":"SKIP","floor":25},{"not_picked":["Outmaneuver+1","Sucker Punch"],"picked":"Well Laid Plans","floor":30},{"not_picked":["Die Die Die","Adrenaline"],"picked":"Burst","floor":33},{"not_picked":["Slice","Prepared+1"],"picked":"Poisoned Stab","floor":35},{"not_picked":["Calculated Gamble","Sucker Punch"],"picked":"Poisoned Stab+1","floor":36},{"not_picked":["Slice","Outmaneuver"],"picked":"Distraction","floor":38},{"not_picked":["Dramatic Entrance","HandOfGreed"],"picked":"Deep Breath","floor":39},{"not_picked":["Flechettes+1","Terror"],"picked":"Backflip","floor":40},{"not_picked":["Deflect","Outmaneuver+1","Dagger Spray"],"picked":"SKIP","floor":42},{"not_picked":["Heel Hook","Backstab+1","Blade Dance+1"],"picked":"SKIP","floor":46}],"player_experience":36021,"relics_obtained":[{"floor":9,"key":"Oddly Smooth Stone"},{"floor":13,"key":"Pear"},{"floor":23,"key":"Orichalcum"},{"floor":25,"key":"Anchor"},{"floor":26,"key":"Pantograph"},{"floor":40,"key":"Snake Skull"},{"floor":42,"key":"The Specimen"},{"floor":43,"key":"Darkstone Periapt"}],"event_choices":[{"damage_healed":0,"gold_gain":0,"cards_transformed":["Defend_G"],"player_choice":"Transformed","damage_taken":0,"max_hp_gain":0,"max_hp_loss":0,"event_name":"Transmorgrifier","floor":7,"gold_loss":0,"cards_obtained":["Dash"]},{"damage_healed":24,"gold_gain":0,"player_choice":"Heal","damage_taken":0,"max_hp_gain":0,"max_hp_loss":0,"event_name":"The Library","floor":28,"gold_loss":0},{"damage_healed":0,"gold_gain":0,"player_choice":"Inject Mutagens","damage_taken":0,"relics_obtained":["MutagenicStrength"],"max_hp_gain":0,"max_hp_loss":0,"event_name":"Drug Dealer","floor":31,"gold_loss":0},{"damage_healed":0,"gold_gain":0,"player_choice":"Ignored","damage_taken":0,"max_hp_gain":0,"max_hp_loss":0,"event_name":"NoteForYourself","floor":37,"gold_loss":0},{"damage_healed":0,"gold_gain":0,"player_choice":"Memory 1","damage_taken":0,"max_hp_gain":0,"max_hp_loss":0,"event_name":"SensoryStone","floor":39,"gold_loss":0},{"damage_healed":0,"gold_gain":0,"cards_transformed":["Strike_G"],"player_choice":"Transformed","damage_taken":0,"max_hp_gain":0,"max_hp_loss":0,"event_name":"Transmorgrifier","floor":45,"gold_loss":0,"cards_obtained":["Reflex"]}],"is_beta":false,"boss_relics":[{"not_picked":["HoveringKite","Eternal Feather"],"picked":"Velvet Choker"},{"not_picked":["Philosopher\u0027s Stone","Coffee Dripper"],"picked":"Lizard Tail"}],"items_purged_floors":[29,44],"is_endless":false,"potions_floor_spawned":[3,4,12,14,16,18,20,22,25,30,35,38],"killed_by":"Spire Growth","ascension_level":0}