{"gold_per_floor":[116,6,17,17,17,50,60,72,97,172,203,203,31,49,49,49],"floor_reached":16,"playtime":866,"items_purged":["Strike_B","Strike_B"],"score":216,"play_id":"2f04f04c-b68a-4574-9d5c-066898f87160","local_time":"20190723214826","is_ascension_mode":true,"campfire_choices":[{"data":"Storm","floor":12,"key":"SMITH"},{"data":"Recycle","floor":15,"key":"SMITH"}],"neow_cost":"NONE","seed_source_timestamp":1313869998359149,"circlet_count":0,"master_deck":["Strike_B","Strike_B","Defend_B","Defend_B","Defend_B","Defend_B","Zap","Dualcast","Storm+1","Hello World","Double Energy","Recycle+1","Sweeping Beam","Glacier","Redo","Multi-Cast","Self Repair","Genetic Algorithm"],"relics":["Cracked Core","NeowsBlessing","Bag of Marbles","Pen Nib","Juzu Bracelet"],"potions_floor_usage":[8,11],"damage_taken":[{"damage":0,"enemies":"Cultist","floor":1,"turns":1},{"damage":0,"enemies":"Small Slimes","floor":3,"turns":1},{"damage":0,"enemies":"Gremlin Nob","floor":6,"turns":1},{"damage":3,"enemies":"Jaw Worm","floor":7,"turns":4},{"damage":4,"enemies":"Exordium Thugs","floor":8,"turns":5},{"damage":0,"enemies":"Lagavulin","floor":11,"turns":8},{"damage":21,"enemies":"Blue Slaver","floor":14,"turns":3},{"damage":46,"enemies":"Slime Boss","floor":16,"turns":6}],"seed_played":"-4817658521346017904","potions_obtained":[{"floor":6,"key":"AttackPotion"},{"floor":7,"key":"Poison Potion"}],"is_trial":false,"path_per_floor":["M","$","M","$","?","E","M","M","T","?","E","R","$","M","R","B"],"character_chosen":"DEFECT","items_purchased":["Hello World","Self Repair"],"campfire_rested":0,"item_purchase_floors":[2,13],"current_hp_per_floor":[68,68,68,68,68,68,65,61,61,54,54,54,54,40,40,0],"gold":49,"neow_bonus":"THREE_ENEMY_KILL","is_prod":false,"is_daily":false,"chose_seed":false,"campfire_upgraded":2,"win_rate":0,"timestamp":1563943706,"path_taken":["M","?","M","$","?","E","?","M","T","?","E","R","$","M","R","BOSS"],"build_version":"2019-07-17","purchased_purges":2,"victory":false,"max_hp_per_floor":[75,75,75,75,75,75,75,75,75,75,75,75,75,75,75,75],"card_choices":[{"not_picked":["Barrage","Beam Cell"],"picked":"Storm","floor":1},{"not_picked":["Rebound","Compile Driver"],"picked":"Double Energy","floor":3},{"not_picked":["Leap","Beam Cell"],"picked":"Sweeping Beam","floor":6},{"not_picked":["Coolheaded","Barrage"],"picked":"Glacier","floor":7},{"not_picked":["Reprogram","Rebound"],"picked":"Redo","floor":8},{"not_picked":["Go for the Eyes","Steam"],"picked":"Multi-Cast","floor":11},{"not_picked":["Reprogram","Hologram"],"picked":"Genetic Algorithm","floor":14}],"player_experience":384258,"relics_obtained":[{"floor":6,"key":"Bag of Marbles"},{"floor":9,"key":"Pen Nib"},{"floor":11,"key":"Juzu Bracelet"}],"event_choices":[{"damage_healed":0,"gold_gain":0,"player_choice":"1 cards matched","damage_taken":0,"max_hp_gain":0,"max_hp_loss":0,"event_name":"Match and Keep!","floor":5,"gold_loss":0,"cards_obtained":["Recycle"]},{"damage_healed":0,"gold_gain":75,"player_choice":"Touch","damage_taken":7,"max_hp_gain":0,"max_hp_loss":0,"event_name":"FaceTrader","floor":10,"gold_loss":0}],"is_beta":false,"boss_relics":[],"items_purged_floors":[2,13],"is_endless":false,"potions_floor_spawned":[6,7],"killed_by":"Slime Boss","ascension_level":7}