{"gold_per_floor":[109,59,69,84,9,9,35,35,35,35,51,67,79,79,79,183,183,194,204,216,62,80,80,80],"floor_reached":24,"playtime":1366,"items_purged":["Strike_B","Strike_B"],"score":300,"play_id":"b0bff67c-3789-48a3-be8e-02c09ef17e26","local_time":"20181016105541","is_ascension_mode":true,"campfire_choices":[{"data":"Zap","floor":6,"key":"SMITH"},{"data":"Redo","floor":8,"key":"SMITH"},{"data":"Dualcast","floor":10,"key":"SMITH"},{"data":"Reinforced Body","floor":15,"key":"SMITH"},{"data":"Auto Shields","floor":23,"key":"SMITH"}],"neow_cost":"","seed_source_timestamp":258837008955861,"circlet_count":0,"master_deck":["Strike_B","Defend_B","Defend_B","Defend_B","Defend_B","Zap+1","Dualcast+1","AscendersBane","Sweeping Beam","Gash","Electrodynamics","Redo+1","Coolheaded","Reinforced Body+1","Auto Shields+1","Hologram+1","Conserve Battery"],"relics":["Cracked Core","Torii","Pocketwatch","Sozu"],"potions_floor_usage":[16,20],"damage_taken":[{"damage":3,"enemies":"2 Louse","floor":1,"turns":3},{"damage":0,"enemies":"Small Slimes","floor":3,"turns":2},{"damage":7,"enemies":"Jaw Worm","floor":4,"turns":3},{"damage":15,"enemies":"3 Sentries","floor":7,"turns":3},{"damage":0,"enemies":"Gremlin Gang","floor":11,"turns":2},{"damage":0,"enemies":"Lots of Slimes","floor":12,"turns":2},{"damage":0,"enemies":"3 Louse","floor":13,"turns":1},{"damage":12,"enemies":"Hexaghost","floor":16,"turns":13},{"damage":1,"enemies":"2 Thieves","floor":18,"turns":4},{"damage":12,"enemies":"Spheric Guardian","floor":19,"turns":6},{"damage":7,"enemies":"Snecko","floor":20,"turns":6},{"damage":9,"enemies":"Sentry and Sphere","floor":22,"turns":5},{"damage":39,"enemies":"Gremlin Leader","floor":24,"turns":5}],"seed_played":"2253163526653673934","potions_obtained":[{"floor":1,"key":"Weak Potion"},{"floor":11,"key":"LiquidBronze"},{"floor":13,"key":"Fire Potion"}],"is_trial":false,"path_per_floor":["M","?","M","M","$","R","E","R","T","R","M","M","M","$","R","B",null,"M","M","M","$","M","R"],"character_chosen":"DEFECT","items_purchased":["Conserve Battery"],"campfire_rested":0,"item_purchase_floors":[21],"current_hp_per_floor":[65,65,65,58,58,58,43,43,43,43,43,43,43,43,43,31,64,63,51,44,44,35,35,0],"gold":80,"neow_bonus":"","is_prod":false,"is_daily":false,"chose_seed":false,"campfire_upgraded":5,"win_rate":0,"timestamp":1539701741,"path_taken":["M","?","?","M","?","R","E","R","T","R","M","M","M","$","R","BOSS","M","M","M","$","M","R","E"],"build_version":"2018-10-11","purchased_purges":2,"victory":false,"max_hp_per_floor":[75,75,75,75,75,75,75,75,75,75,75,75,75,75,75,75,75,75,75,75,75,75,75,75],"card_choices":[{"not_picked":["Scrape","Undo"],"picked":"Sweeping Beam","floor":1},{"not_picked":["Coolheaded","Steam"],"picked":"Gash","floor":3},{"not_picked":["Turbo","Conserve Battery"],"picked":"Electrodynamics","floor":4},{"not_picked":["Stack","Sweeping Beam"],"picked":"Redo","floor":7},{"not_picked":["Melter","Hello World"],"picked":"Coolheaded","floor":11},{"not_picked":["Gash","Lockon"],"picked":"Reinforced Body","floor":12},{"not_picked":["Sweeping Beam","Beam Cell"],"picked":"Auto Shields","floor":13},{"not_picked":["Chill","Sweeping Beam","Rip and Tear"],"picked":"SKIP","floor":18},{"not_picked":["Steam","Storm"],"picked":"Hologram+1","floor":19},{"not_picked":["Hello World","Melter","Go for the Eyes"],"picked":"SKIP","floor":20},{"not_picked":["Barrage","Redo","Steam"],"picked":"SKIP","floor":22}],"player_experience":500903,"relics_obtained":[{"floor":7,"key":"Torii"},{"floor":9,"key":"Pocketwatch"}],"event_choices":[{"event_name":"The Cleric","player_choice":"Card Removal","floor":2,"damage_taken":0}],"is_beta":false,"boss_relics":[{"not_picked":["Calling Bell","Runic Pyramid"],"picked":"Sozu"}],"items_purged_floors":[5,21],"is_endless":false,"potions_floor_spawned":[1,11,13,19],"killed_by":"Gremlin Leader","ascension_level":10}