{"gold_per_floor":[115,128,142,156,175,175,190,190,217,227,227],"floor_reached":11,"playtime":620,"items_purged":[],"score":104,"play_id":"1de0e84f-77c6-4d09-a769-5b3bd874148b","local_time":"20181002205353","is_ascension_mode":true,"campfire_choices":[{"floor":6,"key":"REST"}],"neow_cost":"NONE","seed_source_timestamp":1829562518867262,"circlet_count":0,"master_deck":["Strike_R","Strike_R","Strike_R","Strike_R","Defend_R","Defend_R","Defend_R","Defend_R","Bash","AscendersBane","Whirlwind","True Grit","Power Through","Wild Strike"],"relics":["Burning Blood","Centennial Puzzle"],"potions_floor_usage":[4,10,11,11],"damage_taken":[{"damage":6,"enemies":"Cultist","floor":1,"turns":3},{"damage":10,"enemies":"Small Slimes","floor":2,"turns":4},{"damage":6,"enemies":"2 Louse","floor":3,"turns":4},{"damage":20,"enemies":"Gremlin Gang","floor":4,"turns":2},{"damage":50,"enemies":"Exordium Thugs","floor":5,"turns":7},{"damage":11,"enemies":"3 Louse","floor":7,"turns":8},{"damage":6,"enemies":"Looter","floor":10,"turns":3},{"damage":37,"enemies":"Lagavulin","floor":11,"turns":6}],"seed_played":"-5794762455973593893","potions_obtained":[{"floor":1,"key":"LiquidBronze"},{"floor":2,"key":"Explosive Potion"},{"floor":3,"key":"Poison Potion"},{"floor":5,"key":"AttackPotion"}],"is_trial":false,"path_per_floor":["M","M","M","M","M","R","M","?","T","M"],"character_chosen":"IRONCLAD","items_purchased":[],"campfire_rested":1,"item_purchase_floors":[],"current_hp_per_floor":[72,68,68,54,10,34,29,29,29,29,0],"gold":227,"neow_bonus":"REMOVE_CARD","is_prod":false,"is_daily":false,"chose_seed":false,"campfire_upgraded":0,"win_rate":0,"timestamp":1538528033,"path_taken":["M","M","?","M","M","R","M","?","T","M","E"],"build_version":"2018-09-27","purchased_purges":0,"victory":false,"max_hp_per_floor":[80,80,80,80,80,80,80,80,80,80,80],"card_choices":[{"not_picked":["Reckless Charge","Clothesline"],"picked":"Whirlwind","floor":1},{"not_picked":["Reckless Charge","Clothesline","Bloodletting"],"picked":"SKIP","floor":2},{"not_picked":["Warcry","Heavy Blade","Perfected Strike"],"picked":"SKIP","floor":3},{"not_picked":["Thunderclap","Blood for Blood"],"picked":"True Grit","floor":4},{"not_picked":["Seeing Red","Sword Boomerang","True Grit"],"picked":"SKIP","floor":5},{"not_picked":["Clothesline","Immolate"],"picked":"Power Through","floor":7},{"not_picked":["Rupture","Combust"],"picked":"Wild Strike","floor":10}],"player_experience":432734,"relics_obtained":[{"floor":9,"key":"Centennial Puzzle"}],"event_choices":[{"event_name":"Golden Wing","player_choice":"Ignored","floor":8,"damage_taken":0}],"is_beta":false,"boss_relics":[],"items_purged_floors":[],"is_endless":false,"potions_floor_spawned":[1,2,3,5],"killed_by":"Lagavulin","ascension_level":10}