{"gold_per_floor":[119,139,139,139,139,139,150,150,205,220,235,251,251,25,25,128,128,148,165,264,264,264,264,274,309,309,309,4,4,4,18,18,121,121,141,159,259,259,277,277,288,288,288,288,0,13,46,64,64,64],"floor_reached":50,"playtime":5148,"items_purged":["Strike_G"],"score":723,"play_id":"68151533-13cd-4e48-896a-6c2381ade2fa","local_time":"20190813191611","is_ascension_mode":true,"campfire_choices":[{"data":"Noxious Fumes","floor":6,"key":"SMITH"},{"floor":8,"key":"REST"},{"data":"Bane","floor":13,"key":"SMITH"},{"data":"Noxious Fumes","floor":15,"key":"SMITH"},{"floor":23,"key":"REST"},{"data":"Wraith Form v2","floor":27,"key":"SMITH"},{"data":"Skewer","floor":29,"key":"SMITH"},{"data":"Malaise","floor":32,"key":"SMITH"},{"floor":40,"key":"REST"},{"floor":42,"key":"REST"},{"data":"Night Terror","floor":44,"key":"SMITH"},{"floor":49,"key":"REST"}],"neow_cost":"NONE","seed_source_timestamp":256077729992800,"circlet_count":0,"master_deck":["AscendersBane","Strike_G","Strike_G+1","Defend_G","Defend_G","Defend_G","Defend_G","Survivor","Neutralize+1","Outmaneuver","Noxious Fumes+1","Deflect","Bane+1","Acrobatics","Backflip","Noxious Fumes+1","Wraith Form v2+1","Footwork","Backstab","PiercingWail","Deflect+1","Doppelganger","Decay","Backstab","Malaise+1","Skewer+1","Dodge and Roll+1","Night Terror+1","Dodge and Roll","Flash of Steel","Deadly Poison","Noxious Fumes+1"],"relics":["Ring of the Snake","Anchor","Art of War","Orrery","Oddly Smooth Stone","Matryoshka","Lee\u0027s Waffle","White Beast Statue","Dead Branch","Shuriken","Singing Bowl","Red Mask","Frozen Egg 2"],"potions_floor_usage":[16,25,33,39,47,47,48,50,50],"damage_taken":[{"damage":0,"enemies":"Cultist","floor":1,"turns":5},{"damage":0,"enemies":"2 Louse","floor":2,"turns":3},{"damage":2,"enemies":"Jaw Worm","floor":7,"turns":4},{"damage":0,"enemies":"2 Fungi Beasts","floor":10,"turns":5},{"damage":1,"enemies":"3 Louse","floor":11,"turns":3},{"damage":0,"enemies":"Blue Slaver","floor":12,"turns":4},{"damage":17,"enemies":"Hexaghost","floor":16,"turns":9},{"damage":13,"enemies":"2 Thieves","floor":18,"turns":5},{"damage":11,"enemies":"3 Byrds","floor":19,"turns":6},{"damage":12,"enemies":"3 Cultists","floor":24,"turns":6},{"damage":6,"enemies":"Book of Stabbing","floor":25,"turns":7},{"damage":1,"enemies":"Centurion and Healer","floor":31,"turns":7},{"damage":25,"enemies":"Automaton","floor":33,"turns":14},{"damage":2,"enemies":"3 Shapes","floor":35,"turns":5},{"damage":15,"enemies":"3 Darklings","floor":36,"turns":9},{"damage":0,"enemies":"Mind Bloom Boss Battle","floor":37,"turns":9},{"damage":39,"enemies":"Spire Growth","floor":39,"turns":8},{"damage":8,"enemies":"Sphere and 2 Shapes","floor":41,"turns":8},{"damage":6,"enemies":"Maw","floor":46,"turns":9},{"damage":19,"enemies":"Reptomancer","floor":47,"turns":10},{"damage":0,"enemies":"4 Shapes","floor":48,"turns":6},{"damage":59,"enemies":"Awakened One","floor":50,"turns":5}],"seed_played":"-6680432659078566431","potions_obtained":[{"floor":7,"key":"GhostInAJar"},{"floor":12,"key":"PowerPotion"},{"floor":24,"key":"FearPotion"},{"floor":35,"key":"Ancient Potion"},{"floor":36,"key":"GhostInAJar"},{"floor":37,"key":"SneckoOil"},{"floor":39,"key":"Poison Potion"},{"floor":41,"key":"Dexterity Potion"},{"floor":47,"key":"Fire Potion"},{"floor":48,"key":"SpeedPotion"}],"is_trial":false,"path_per_floor":["M","M","?","?","?","R","M","R","T","M","M","M","R","$","R","B",null,"M","M","?","?","?","R","M","E","T","R","$","R","$","M","R","B",null,"M","M","?","?","M","R","M","R","T","R","?","M","E","M","R","B"],"character_chosen":"THE_SILENT","items_purchased":["Noxious Fumes","Art of War","Lee\u0027s Waffle","Skewer"],"campfire_rested":5,"item_purchase_floors":[14,14,28,28],"current_hp_per_floor":[63,63,49,49,49,49,47,68,68,68,67,67,67,67,67,50,65,52,41,41,41,41,62,50,44,44,44,77,77,77,76,76,51,71,69,54,54,54,15,38,30,53,53,53,53,49,30,32,56,0],"gold":64,"neow_bonus":"REMOVE_CARD","is_prod":false,"is_daily":false,"chose_seed":false,"campfire_upgraded":7,"win_rate":0,"timestamp":1565748971,"path_taken":["M","M","?","?","?","R","M","R","T","M","?","M","R","$","R","BOSS","M","M","?","?","?","R","M","E","T","R","$","R","?","?","R","BOSS","M","M","?","?","M","R","M","R","T","R","?","M","E","M","R","BOSS"],"build_version":"2019-07-17","purchased_purges":1,"victory":false,"max_hp_per_floor":[70,70,70,70,70,70,70,70,70,70,70,70,70,70,70,70,70,70,70,70,70,70,70,70,70,70,70,77,77,77,77,77,77,77,77,77,77,77,77,77,77,77,77,77,77,79,79,81,81,81],"card_choices":[{"not_picked":["Eviscerate","Choke"],"picked":"Outmaneuver","floor":1},{"not_picked":["Sucker Punch","Cloak And Dagger"],"picked":"Noxious Fumes","floor":2},{"not_picked":["Prepared","Setup"],"picked":"Deflect","floor":7},{"not_picked":["Dodge and Roll","Slice"],"picked":"Bane","floor":10},{"not_picked":["Flechettes","Cloak And Dagger"],"picked":"Acrobatics","floor":11},{"not_picked":["Flying Knee","Blade Dance"],"picked":"Backflip","floor":12},{"not_picked":["Night Terror","Storm of Steel"],"picked":"Wraith Form v2","floor":16},{"not_picked":["Dodge and Roll","Sucker Punch"],"picked":"Footwork","floor":17},{"not_picked":["Eviscerate","Dagger Throw"],"picked":"Backstab","floor":17},{"not_picked":["Dagger Throw","Dagger Spray"],"picked":"PiercingWail","floor":17},{"not_picked":["Acrobatics","Underhanded Strike"],"picked":"Deflect+1","floor":18},{"not_picked":["Dagger Throw","Bane+1"],"picked":"Doppelganger","floor":19},{"not_picked":["Underhanded Strike","Outmaneuver"],"picked":"Backstab","floor":24},{"not_picked":["Skewer","Flechettes"],"picked":"Malaise","floor":25},{"not_picked":["Quick Slash","Deadly Poison"],"picked":"Dodge and Roll+1","floor":31},{"not_picked":["Venomology","Tools of the Trade"],"picked":"Night Terror","floor":33},{"not_picked":["Poisoned Stab+1","Cloak And Dagger"],"picked":"Dodge and Roll","floor":35},{"not_picked":["Underhanded Strike","Caltrops+1","Cloak And Dagger"],"picked":"SKIP","floor":36},{"not_picked":["Trip","Impatience"],"picked":"Flash of Steel","floor":38},{"not_picked":["Cloak And Dagger+1","Phantasmal Killer"],"picked":"Deadly Poison","floor":39},{"not_picked":["Crippling Poison","Endless Agony","Concentrate+1"],"picked":"SKIP","floor":41},{"not_picked":["Calculated Gamble+1","Outmaneuver+1","Quick Slash+1"],"picked":"Singing Bowl","floor":46},{"not_picked":["Quick Slash+1","Slice+1"],"picked":"Noxious Fumes+1","floor":47},{"not_picked":["Quick Slash","Outmaneuver+1","Endless Agony+1"],"picked":"Singing Bowl","floor":48}],"player_experience":337605,"relics_obtained":[{"floor":9,"key":"Anchor"},{"floor":25,"key":"Oddly Smooth Stone"},{"floor":26,"key":"Matryoshka"},{"floor":37,"key":"Dead Branch"},{"floor":43,"key":"Shuriken"},{"floor":43,"key":"Singing Bowl"},{"floor":47,"key":"Frozen Egg 2"}],"event_choices":[{"damage_healed":0,"gold_gain":0,"player_choice":"Entered Light","damage_taken":14,"max_hp_gain":0,"max_hp_loss":0,"event_name":"Shining Light","floor":3,"gold_loss":0,"cards_upgraded":["Strike_G","Neutralize"]},{"cards_removed":["Strike_G"],"damage_healed":0,"gold_gain":0,"player_choice":"Forget","damage_taken":0,"max_hp_gain":0,"max_hp_loss":0,"event_name":"Living Wall","floor":4,"gold_loss":0},{"cards_removed":["Strike_G"],"damage_healed":0,"gold_gain":0,"player_choice":"Offered Basic","damage_taken":0,"max_hp_gain":0,"max_hp_loss":0,"event_name":"Bonfire Elementals","floor":5,"gold_loss":0},{"damage_healed":0,"gold_gain":99,"player_choice":"Stole From Cult","damage_taken":0,"max_hp_gain":0,"max_hp_loss":0,"event_name":"Nest","floor":20,"gold_loss":0},{"damage_healed":0,"gold_gain":0,"player_choice":"Smashed Altar","damage_taken":0,"max_hp_gain":0,"max_hp_loss":0,"event_name":"Forgotten Altar","floor":21,"gold_loss":0,"cards_obtained":["Decay"]},{"damage_healed":0,"gold_gain":0,"player_choice":"Ignored","damage_taken":0,"max_hp_gain":0,"max_hp_loss":0,"event_name":"Vampires","floor":22,"gold_loss":0},{"damage_healed":0,"gold_gain":0,"player_choice":"Fight","damage_taken":0,"max_hp_gain":0,"max_hp_loss":0,"event_name":"MindBloom","floor":37,"gold_loss":0},{"damage_healed":0,"gold_gain":0,"player_choice":"Memory 1","damage_taken":0,"max_hp_gain":0,"max_hp_loss":0,"event_name":"SensoryStone","floor":38,"gold_loss":0},{"damage_healed":0,"gold_gain":0,"player_choice":"Paid","damage_taken":0,"relics_obtained":["Red Mask"],"max_hp_gain":0,"max_hp_loss":0,"event_name":"Tomb of Lord Red Mask","floor":45,"gold_loss":288}],"is_beta":false,"boss_relics":[{"not_picked":["Ectoplasm","WristBlade"],"picked":"Orrery"},{"not_picked":["Tiny House","Runic Dome"],"picked":"White Beast Statue"}],"items_purged_floors":[28],"is_endless":false,"potions_floor_spawned":[7,12,24,35,36,37,39,41,46,47,48],"killed_by":"Awakened One","ascension_level":10}