{"gold_per_floor":[113,288,288,306,1,1,34,34,34,44,44,55,90,108,108,108],"floor_reached":16,"playtime":565,"items_purged":["Doubt"],"score":169,"play_id":"051c2a84-c17a-4b88-ad2d-14d85aa19e23","local_time":"20190714121236","is_ascension_mode":true,"campfire_choices":[{"data":"Caltrops","floor":6,"key":"SMITH"},{"data":"Caltrops","floor":8,"key":"SMITH"},{"floor":15,"key":"REST"}],"neow_cost":"NONE","seed_source_timestamp":502024055226200,"circlet_count":0,"master_deck":["Strike_G","Strike_G","Strike_G","Strike_G","Strike_G","Defend_G","Defend_G","Defend_G","Defend_G","Defend_G","Survivor","Neutralize","Infinite Blades","Caltrops+1","Caltrops+1","Caltrops","Slice","Escape Plan","Terror"],"relics":["Ring of the Snake","NeowsBlessing","Ice Cream","DollysMirror","Omamori","Darkstone Periapt","Orichalcum","Kunai"],"potions_floor_usage":[12,16],"damage_taken":[{"damage":0,"enemies":"Small Slimes","floor":1,"turns":1},{"damage":0,"enemies":"2 Louse","floor":4,"turns":1},{"damage":0,"enemies":"Lagavulin","floor":7,"turns":1},{"damage":1,"enemies":"Cultist","floor":10,"turns":4},{"damage":10,"enemies":"Exordium Wildlife","floor":12,"turns":5},{"damage":28,"enemies":"Gremlin Nob","floor":13,"turns":4},{"damage":7,"enemies":"Looter","floor":14,"turns":3},{"damage":55,"enemies":"Slime Boss","floor":16,"turns":7}],"seed_played":"-8170883596082044328","potions_obtained":[{"floor":4,"key":"Dexterity Potion"},{"floor":10,"key":"EssenceOfSteel"}],"is_trial":false,"path_per_floor":["M","?","?","M","$","R","E","R","T","M","T","M","E","M","R","B"],"character_chosen":"THE_SILENT","items_purchased":["Caltrops","DollysMirror"],"campfire_rested":1,"item_purchase_floors":[5,5],"current_hp_per_floor":[70,70,70,70,70,70,70,70,70,69,69,59,31,24,45,0],"gold":108,"neow_bonus":"THREE_ENEMY_KILL","is_prod":false,"is_daily":false,"chose_seed":false,"campfire_upgraded":2,"win_rate":0,"timestamp":1563131556,"path_taken":["M","?","?","M","$","R","E","R","T","?","?","M","E","M","R","BOSS"],"build_version":"2019-07-05","purchased_purges":1,"victory":false,"max_hp_per_floor":[70,70,70,70,70,70,70,70,70,70,70,70,70,70,70,70],"card_choices":[{"not_picked":["Backflip","Concentrate"],"picked":"Flying Knee","floor":1},{"not_picked":["Dagger Spray","Deflect"],"picked":"Infinite Blades","floor":4},{"not_picked":["Backflip","Acrobatics"],"picked":"Caltrops","floor":7},{"not_picked":["Quick Slash","Poisoned Stab"],"picked":"Slice","floor":10},{"not_picked":["Underhanded Strike","Infinite Blades"],"picked":"Escape Plan","floor":12},{"not_picked":["Sucker Punch","Footwork"],"picked":"Terror","floor":13},{"not_picked":["Dagger Throw","Acrobatics","Flechettes"],"picked":"SKIP","floor":14}],"player_experience":314090,"relics_obtained":[{"floor":7,"key":"Omamori"},{"floor":9,"key":"Darkstone Periapt"},{"floor":11,"key":"Orichalcum"},{"floor":13,"key":"Kunai"}],"event_choices":[{"damage_healed":0,"gold_gain":175,"player_choice":"AGREE","damage_taken":0,"max_hp_gain":0,"max_hp_loss":0,"event_name":"Liars Game","floor":2,"gold_loss":0,"cards_obtained":["Doubt"]},{"cards_removed":["Flying Knee"],"damage_healed":0,"gold_gain":0,"player_choice":"Gave Card","damage_taken":0,"relics_obtained":["Ice Cream"],"max_hp_gain":0,"max_hp_loss":0,"event_name":"WeMeetAgain","floor":3,"gold_loss":0}],"is_beta":false,"boss_relics":[],"items_purged_floors":[5],"is_endless":false,"potions_floor_spawned":[4,10],"killed_by":"Slime Boss","ascension_level":5}