{"gold_per_floor":[109,109,184,41,41,41,66,100,123,298,317,330,344,344],"floor_reached":14,"playtime":741,"items_purged":[],"score":132,"play_id":"66a439b4-e6f8-4559-85db-2454140724b7","local_time":"20190812200126","is_ascension_mode":true,"campfire_choices":[{"floor":6,"key":"REST"}],"neow_cost":"NONE","seed_source_timestamp":176804006770800,"circlet_count":0,"master_deck":["AscendersBane","Strike_G","Strike_G","Strike_G","Strike_G","Defend_G","Defend_G","Defend_G","Defend_G","Survivor","Neutralize","Tactician","Dagger Throw","Doubt","Deadly Poison","Footwork","Backflip"],"relics":["Ring of the Snake","Regal Pillow","Sundial","Lantern","Blue Candle","Oddly Smooth Stone"],"potions_floor_usage":[8,13],"damage_taken":[{"damage":1,"enemies":"Jaw Worm","floor":1,"turns":4},{"damage":64,"enemies":"Lagavulin","floor":8,"turns":10},{"damage":0,"enemies":"2 Louse","floor":11,"turns":3},{"damage":0,"enemies":"Small Slimes","floor":12,"turns":4},{"damage":0,"enemies":"Looter","floor":13,"turns":3},{"damage":6,"enemies":"3 Louse","floor":14,"turns":2}],"seed_played":"-2491280362331186155","potions_obtained":[{"floor":1,"key":"SteroidPotion"},{"floor":12,"key":"AttackPotion"}],"is_trial":false,"path_per_floor":["M","?","?","$","T","R","T","E","T","?","M","M","M","M"],"character_chosen":"THE_SILENT","items_purchased":["Regal Pillow"],"campfire_rested":1,"item_purchase_floors":[4],"current_hp_per_floor":[62,55,44,44,44,70,70,6,6,6,6,6,6,0],"gold":344,"neow_bonus":"REMOVE_CARD","is_prod":false,"is_daily":false,"chose_seed":false,"campfire_upgraded":0,"win_rate":0,"timestamp":1565665286,"path_taken":["M","?","?","$","?","R","?","E","T","?","M","?","M","M"],"build_version":"2019-07-17","purchased_purges":0,"victory":false,"max_hp_per_floor":[70,70,70,70,70,70,70,70,70,70,70,70,70,70],"card_choices":[{"not_picked":["Underhanded Strike","All Out Attack"],"picked":"Tactician","floor":1},{"not_picked":["Choke","PiercingWail"],"picked":"Dagger Throw","floor":8},{"not_picked":["Eviscerate","Bane"],"picked":"Deadly Poison","floor":11},{"not_picked":["Dagger Throw","Deadly Poison"],"picked":"Footwork","floor":12},{"not_picked":["Skewer","Footwork"],"picked":"Backflip","floor":13}],"player_experience":321470,"relics_obtained":[{"floor":5,"key":"Sundial"},{"floor":7,"key":"Lantern"},{"floor":8,"key":"Blue Candle"},{"floor":9,"key":"Oddly Smooth Stone"}],"event_choices":[{"cards_removed":["Strike_G"],"damage_healed":0,"gold_gain":0,"player_choice":"Card Removal","damage_taken":7,"max_hp_gain":0,"max_hp_loss":0,"event_name":"Golden Wing","floor":2,"gold_loss":0},{"damage_healed":0,"gold_gain":75,"player_choice":"Gather Gold","damage_taken":11,"max_hp_gain":0,"max_hp_loss":0,"event_name":"World of Goop","floor":3,"gold_loss":0},{"damage_healed":0,"gold_gain":175,"player_choice":"AGREE","damage_taken":0,"max_hp_gain":0,"max_hp_loss":0,"event_name":"Liars Game","floor":10,"gold_loss":0,"cards_obtained":["Doubt"]}],"is_beta":false,"boss_relics":[],"items_purged_floors":[],"is_endless":false,"potions_floor_spawned":[1,12],"killed_by":"3 Louse","ascension_level":10}