{"gold_per_floor":[117,117,136,86,86,86,100,129,129,149,149,161,12,23,23,120,120,135,153,172,172,172,172,197,197,249,9,22,39,57,91,91,190,190,203,203,303,317,317],"floor_reached":39,"playtime":3738,"items_purged":["Parasite"],"score":571,"play_id":"d57f9d29-77b6-47fa-b1d7-b4eade7bfd4e","local_time":"20190718200756","is_ascension_mode":true,"campfire_choices":[{"data":"Seeing Red","floor":6,"key":"SMITH"},{"floor":15,"key":"REST"},{"data":"Dark Embrace","floor":23,"key":"SMITH"},{"data":"True Grit","floor":25,"key":"SMITH"},{"data":"Whirlwind","floor":32,"key":"SMITH"}],"neow_cost":"NONE","seed_source_timestamp":872966667517808,"circlet_count":0,"master_deck":["Strike_R","Strike_R","Strike_R","Defend_R+1","Defend_R","Defend_R","Defend_R","Bash+1","Impervious","Seeing Red+1","Dark Embrace+1","True Grit+1","Spot Weakness","Feel No Pain","Armaments","Ghostly Armor","Intimidate","Fiend Fire","Rage+1","Body Slam+1","Infernal Blade","Disarm","Warcry+1","Whirlwind+1","Sentinel","Anger+1","Seeing Red","Armaments+1","Juggernaut","Madness","Madness","Sever Soul+1","Warcry+1"],"relics":["Burning Blood","The Courier","Charon\u0027s Ashes","Boot","Pen Nib","Cursed Key","Matryoshka","Art of War","Oddly Smooth Stone","Bronze Scales","Darkstone Periapt","Mark of Pain","Du-Vu Doll"],"potions_floor_usage":[8,16,18,19,24,31,33,38,39],"damage_taken":[{"damage":0,"enemies":"2 Louse","floor":1,"turns":4},{"damage":15,"enemies":"Cultist","floor":3,"turns":5},{"damage":12,"enemies":"Jaw Worm","floor":7,"turns":7},{"damage":31,"enemies":"3 Sentries","floor":8,"turns":9},{"damage":11,"enemies":"Looter","floor":10,"turns":3},{"damage":0,"enemies":"2 Fungi Beasts","floor":12,"turns":4},{"damage":18,"enemies":"Exordium Wildlife","floor":14,"turns":7},{"damage":29,"enemies":"The Guardian","floor":16,"turns":18},{"damage":1,"enemies":"2 Thieves","floor":18,"turns":4},{"damage":2,"enemies":"3 Byrds","floor":19,"turns":6},{"damage":12,"enemies":"Centurion and Healer","floor":20,"turns":5},{"damage":5,"enemies":"Book of Stabbing","floor":24,"turns":4},{"damage":0,"enemies":"Cultist and Chosen","floor":28,"turns":3},{"damage":14,"enemies":"Snake Plant","floor":29,"turns":3},{"damage":27,"enemies":"Centurion and Healer","floor":30,"turns":7},{"damage":19,"enemies":"Slavers","floor":31,"turns":3},{"damage":33,"enemies":"Collector","floor":33,"turns":8},{"damage":8,"enemies":"3 Shapes","floor":35,"turns":3},{"damage":20,"enemies":"Mind Bloom Boss Battle","floor":37,"turns":7},{"damage":33,"enemies":"3 Darklings","floor":38,"turns":5},{"damage":20,"enemies":"Transient","floor":39,"turns":4}],"seed_played":"3527838189309607582","potions_obtained":[{"floor":7,"key":"PowerPotion"},{"floor":14,"key":"Dexterity Potion"},{"floor":16,"key":"Swift Potion"},{"floor":18,"key":"AttackPotion"},{"floor":19,"key":"Energy Potion"},{"floor":20,"key":"BloodPotion"},{"floor":28,"key":"Explosive Potion"},{"floor":30,"key":"Poison Potion"},{"floor":38,"key":"Swift Potion"}],"is_trial":false,"path_per_floor":["M","?","M","?","?","R","M","E","T","M","?","M","$","M","R","B",null,"M","M","M","?","?","R","E","R","T","$","M","M","M","E","R","B",null,"M","?","?","M","M"],"character_chosen":"IRONCLAD","items_purchased":["Pen Nib","Intimidate","Bronze Scales","Whirlwind"],"campfire_rested":1,"item_purchase_floors":[13,13,27,27],"current_hp_per_floor":[78,78,69,69,66,66,60,35,35,30,14,20,20,8,32,9,62,67,71,65,65,65,65,66,66,66,66,72,64,43,49,49,22,63,61,51,37,10,0],"gold":317,"neow_bonus":"ONE_RANDOM_RARE_CARD","is_prod":false,"is_daily":false,"chose_seed":false,"campfire_upgraded":4,"win_rate":0,"timestamp":1563505676,"path_taken":["M","?","?","?","?","R","M","E","T","M","?","?","$","M","R","BOSS","M","M","?","?","?","R","E","R","T","$","M","M","M","E","R","BOSS","M","?","?","M","M"],"build_version":"2019-07-17","purchased_purges":1,"victory":false,"max_hp_per_floor":[80,80,80,80,80,80,80,80,80,80,80,80,80,80,80,80,80,80,80,80,80,80,80,80,80,80,77,77,77,77,77,77,77,77,77,77,77,77,77],"card_choices":[{"not_picked":["Sword Boomerang","Entrench"],"picked":"Seeing Red","floor":1},{"not_picked":["Perfected Strike","Flex"],"picked":"True Grit","floor":3},{"not_picked":["Metallicize","Disarm"],"picked":"Spot Weakness","floor":7},{"not_picked":["Intimidate","Heavy Blade"],"picked":"Feel No Pain","floor":8},{"not_picked":["Twin Strike","Carnage"],"picked":"Armaments","floor":10},{"not_picked":["Second Wind","Pommel Strike"],"picked":"Ghostly Armor","floor":12},{"not_picked":["Havoc","Pommel Strike","Body Slam"],"picked":"SKIP","floor":14},{"not_picked":["Offering","Exhume"],"picked":"Fiend Fire","floor":16},{"not_picked":["Twin Strike","Sword Boomerang+1"],"picked":"Rage+1","floor":18},{"not_picked":["Flame Barrier","Havoc"],"picked":"Body Slam+1","floor":19},{"not_picked":["Pommel Strike","Sword Boomerang"],"picked":"Infernal Blade","floor":20},{"not_picked":["Battle Trance","Clash"],"picked":"Warcry+1","floor":24},{"not_picked":["Reckless Charge","Spot Weakness"],"picked":"Sentinel","floor":28},{"not_picked":["Pommel Strike","Flex"],"picked":"Anger+1","floor":29},{"not_picked":["Twin Strike+1","Cleave"],"picked":"Seeing Red","floor":30},{"not_picked":["Cleave","Fire Breathing"],"picked":"Armaments+1","floor":31},{"not_picked":["Brutality","Impervious"],"picked":"Juggernaut","floor":33},{"not_picked":["Sword Boomerang","Rupture+1","Warcry"],"picked":"SKIP","floor":35},{"not_picked":["Rampage+1","Rupture"],"picked":"Sever Soul+1","floor":37},{"not_picked":["Dropkick+1","Armaments"],"picked":"Warcry+1","floor":38}],"player_experience":347957,"relics_obtained":[{"floor":8,"key":"Charon\u0027s Ashes"},{"floor":9,"key":"Boot"},{"floor":24,"key":"Matryoshka"},{"floor":26,"key":"Art of War"},{"floor":26,"key":"Oddly Smooth Stone"},{"floor":31,"key":"Darkstone Periapt"},{"floor":37,"key":"Du-Vu Doll"}],"event_choices":[{"damage_healed":0,"gold_gain":0,"cards_transformed":["Strike_R"],"player_choice":"Transformed","damage_taken":0,"max_hp_gain":0,"max_hp_loss":0,"event_name":"Transmorgrifier","floor":2,"gold_loss":0,"cards_obtained":["Dark Embrace"]},{"cards_removed":["Strike_R"],"damage_healed":0,"gold_gain":0,"player_choice":"Card Removal","damage_taken":0,"max_hp_gain":0,"max_hp_loss":0,"event_name":"The Cleric","floor":4,"gold_loss":50},{"damage_healed":0,"gold_gain":0,"player_choice":"Success","damage_taken":3,"relics_obtained":["The Courier"],"max_hp_gain":0,"max_hp_loss":0,"event_name":"Scrap Ooze","floor":5,"gold_loss":0},{"damage_healed":0,"gold_gain":0,"player_choice":"Entered Light","damage_taken":16,"max_hp_gain":0,"max_hp_loss":0,"event_name":"Shining Light","floor":11,"gold_loss":0,"cards_upgraded":["Defend_R","Bash"]},{"damage_healed":0,"gold_gain":0,"player_choice":"Ignored","damage_taken":0,"max_hp_gain":0,"max_hp_loss":0,"event_name":"Ghosts","floor":21,"gold_loss":0},{"damage_healed":0,"gold_gain":0,"player_choice":"Read","damage_taken":0,"max_hp_gain":0,"max_hp_loss":0,"event_name":"The Library","floor":22,"gold_loss":0,"cards_obtained":["Disarm"]},{"damage_healed":0,"gold_gain":0,"player_choice":"Embrace Madness","damage_taken":10,"max_hp_gain":0,"max_hp_loss":0,"event_name":"Winding Halls","floor":36,"gold_loss":0,"cards_obtained":["Madness","Madness"]},{"damage_healed":0,"gold_gain":0,"player_choice":"Fight","damage_taken":0,"max_hp_gain":0,"max_hp_loss":0,"event_name":"MindBloom","floor":37,"gold_loss":0}],"is_beta":false,"boss_relics":[{"not_picked":["Ectoplasm","Lizard Tail"],"picked":"Cursed Key"},{"not_picked":["Orrery","Eternal Feather"],"picked":"Mark of Pain"}],"items_purged_floors":[27],"is_endless":false,"potions_floor_spawned":[7,14,16,18,19,20,28,30,38],"killed_by":"Transient","ascension_level":7}