{"gold_per_floor":[114,132,17,33,33,33,64,77,77,124,134,134,51,67,67,67],"floor_reached":16,"playtime":639,"items_purged":["Strike_R"],"score":184,"play_id":"46ede085-d12a-49b9-9ed9-86810ae17260","local_time":"20181008064053","is_ascension_mode":true,"campfire_choices":[{"data":"Dark Embrace","floor":6.0,"key":"SMITH"},{"floor":12,"key":"REST"},{"floor":15,"key":"REST"}],"neow_cost":"NONE","seed_source_timestamp":2296693052786086,"circlet_count":0,"master_deck":["Strike_R","Strike_R","Strike_R","Defend_R","Defend_R","Defend_R","Defend_R","Bash","AscendersBane","Dark Embrace+1","Twin Strike","Disarm","Ghostly Armor","Cleave","True Grit","Feel No Pain","Carnage","Ghostly Armor","Pommel Strike"],"special_seed":0,"relics":["Burning Blood","Dodecahedron","Pear","Mercury Hourglass","Bronze Scales"],"potions_floor_usage":[16],"damage_taken":[{"damage":0.0,"enemies":"Small Slimes","floor":1.0,"turns":3.0},{"damage":6.0,"enemies":"2 Louse","floor":2.0,"turns":3.0},{"damage":7.0,"enemies":"Jaw Worm","floor":4.0,"turns":5.0},{"damage":36.0,"enemies":"Lagavulin","floor":7.0,"turns":7.0},{"damage":25.0,"enemies":"Gremlin Gang","floor":8.0,"turns":5.0},{"damage":2,"enemies":"Red Slaver","floor":11,"turns":4},{"damage":10,"enemies":"Lots of Slimes","floor":14,"turns":2},{"damage":64,"enemies":"The Guardian","floor":16,"turns":13}],"seed_played":"-3244040039389345485","potions_obtained":[{"floor":4.0,"key":"Explosive Potion"},{"floor":7.0,"key":"Poison Potion"},{"floor":14,"key":"Poison Potion"}],"is_trial":false,"path_per_floor":["M","M","$","M","?","R","E","M","T","T","M","R","$","M","R"],"character_chosen":"IRONCLAD","items_purchased":["Ghostly Armor","Ghostly Armor"],"campfire_rested":2,"item_purchase_floors":[3,13],"current_hp_per_floor":[74,74,74,73,47,47,27,8,8,8,12,37,37,33,58,0],"gold":67,"neow_bonus":"TRANSFORM_CARD","is_prod":false,"is_daily":false,"chose_seed":false,"campfire_upgraded":1,"win_rate":0,"timestamp":1538995253,"path_taken":["M","M","$","M","?","R","E","M","T","?","M","R","$","M","R","BOSS"],"build_version":"2018-10-04v2","purchased_purges":1,"victory":false,"max_hp_per_floor":[75,75,75,75,75,75,85,85,85,85,85,85,85,85,85,85],"card_choices":[{"not_picked":["Thunderclap","Bloodletting"],"picked":"Twin Strike","floor":1.0},{"not_picked":["Corruption","Fire Breathing"],"picked":"Disarm","floor":2.0},{"not_picked":["Thunderclap","Disarm"],"picked":"Cleave","floor":4.0},{"not_picked":["Dual Wield","Armaments"],"picked":"True Grit","floor":7.0},{"not_picked":["Havoc","Dropkick"],"picked":"Feel No Pain","floor":8.0},{"not_picked":["Rupture","Iron Wave"],"picked":"Carnage","floor":11},{"not_picked":["Twin Strike","Havoc"],"picked":"Pommel Strike","floor":14}],"player_experience":471571,"relics_obtained":[{"floor":7.0,"key":"Pear"},{"floor":9.0,"key":"Mercury Hourglass"},{"floor":10.0,"key":"Bronze Scales"}],"event_choices":[{"event_name":"Scrap Ooze","player_choice":"success","floor":5.0,"damage_taken":26.0}],"is_beta":false,"boss_relics":[],"items_purged_floors":[3],"is_endless":false,"potions_floor_spawned":[4,7,14],"killed_by":"The Guardian","ascension_level":16}