{"path_per_floor":["M","M","M","M","?","R","E","R","T","M","$","?","E","M","R","B",null,"M","?","?","M","M","E","M","M","T","R","M","R","M","M","R","B",null,"M","M","T","?","M","E","R","M","T","$","R","M","?","?","R","B"],"character_chosen":"IRONCLAD","items_purchased":["Regal Pillow","Double Tap"],"gold_per_floor":[115,133,143,113,113,113,143,143,143,156,10,10,38,49,49,145,145,159,109,9,26,46,77,89,104,104,104,116,116,128,145,145,245,245,255,272,295,345,360,395,395,409,432,213,213,230,230,0,0,0],"floor_reached":51,"campfire_rested":1,"playtime":3933,"current_hp_per_floor":[77,76,80,79,79,79,48,48,48,36,36,36,28,21,60,43,71,80,80,80,63,56,40,47,61,61,61,55,55,51,80,80,50,73,76,77,77,69,80,60,60,80,80,77,77,74,77,77,77,16],"items_purged":["Parasite"],"gold":0,"score":792,"play_id":"cf9fa58d-3e16-49d9-8bee-09f9e0da6adf","local_time":"20180304202042","is_prod":false,"is_daily":false,"is_ascension_mode":true,"campfire_upgraded":8,"timestamp":1520212842,"path_taken":["M","M","?","M","?","R","E","R","T","M","$","?","E","M","R","BOSS","M","?","?","?","M","E","M","M","T","R","M","R","M","M","R","BOSS","M","M","?","?","M","E","R","?","T","$","R","M","?","?","R","BOSS"],"build_version":"2018-03-01-PROD1","purchased_purges":1,"victory":true,"master_deck":["Strike_R","Strike_R","Strike_R","Strike_R","Strike_R","Defend_R","Defend_R","Defend_R+1","Defend_R+1","Bash","Shockwave+1","Double Tap+1","Uppercut+1","Cleave+1","Whirlwind","Reaper","Offering","J.A.X.","Flex+1","Entrench+1","Demon Form+1","Shrug It Off+1","True Grit+1","Body Slam+1","Battle Trance","Dropkick+1","Sword Boomerang+1","Ghostly Armor+1","Double Tap+1","Writhe"],"max_hp_per_floor":[80,80,80,80,80,80,80,80,80,80,80,80,80,80,80,80,80,80,80,80,80,80,80,80,80,80,80,80,80,80,80,80,80,80,80,80,80,80,80,80,80,80,80,77,77,77,77,77,77,77],"relics":["Burning Blood","Pen Nib","Magic Flower","Regal Pillow","Ancient Tea Set","Sozu","Orichalcum","Dream Catcher","Velvet Choker","Prayer Wheel","Calipers","Bird Faced Urn","Oddly Smooth Stone","Red Mask"],"card_choices":[{"not_picked":["Wild Strike","Flame Barrier"],"picked":"Shockwave"},{"not_picked":["Rupture","Warcry"],"picked":"Double Tap"},{"not_picked":["Armaments","Cleave"],"picked":"Uppercut"},{"not_picked":["Sever Soul","Seeing Red"],"picked":"Cleave"},{"not_picked":["Perfected Strike","Sever Soul"],"picked":"Whirlwind"},{"not_picked":["Havoc","Anger"],"picked":"Reaper"},{"not_picked":["Bludgeon","Juggernaut"],"picked":"Offering"},{"not_picked":["Perfected Strike","Warcry"],"picked":"Flex"},{"not_picked":["Sever Soul","Spot Weakness"],"picked":"Entrench"},{"not_picked":["Anger","Reckless Charge"],"picked":"Demon Form"},{"not_picked":["Burning Pact","Blood for Blood"],"picked":"Shrug It Off"},{"not_picked":["Perfected Strike","Warcry"],"picked":"True Grit"},{"not_picked":["Wild Strike","Bloodletting"],"picked":"Body Slam"},{"not_picked":["Power Through","Twin Strike"],"picked":"Battle Trance"},{"not_picked":["Sword Boomerang","Anger"],"picked":"Dropkick"},{"not_picked":["Warcry","Cleave"],"picked":"Sword Boomerang"},{"not_picked":["Headbutt","Reckless Charge"],"picked":"Ghostly Armor"}],"player_experience":385502,"potions_floor_usage":[50,50],"damage_taken":[{"damage":1.0,"enemies":"Cultist","floor":1.0,"turns":4.0},{"damage":7.0,"enemies":"Jaw Worm","floor":2.0,"turns":4.0},{"damage":1.0,"enemies":"Small Slimes","floor":3.0,"turns":4.0},{"damage":7.0,"enemies":"Looter","floor":4.0,"turns":4.0},{"damage":37.0,"enemies":"Lagavulin","floor":7.0,"turns":8.0},{"damage":21.0,"enemies":"Exordium Thugs","floor":10.0,"turns":4.0},{"damage":17.0,"enemies":"Gremlin Nob","floor":13.0,"turns":4.0},{"damage":16.0,"enemies":"Blue Slaver","floor":14.0,"turns":5.0},{"damage":53.0,"enemies":"The Guardian","floor":16.0,"turns":12.0},{"damage":29.0,"enemies":"2 Thieves","floor":18.0,"turns":4.0},{"damage":26.0,"enemies":"Shell Parasite","floor":21.0,"turns":3.0},{"damage":25.0,"enemies":"Snake Plant","floor":22.0,"turns":3.0},{"damage":52.0,"enemies":"Slavers","floor":23.0,"turns":5.0},{"damage":20.0,"enemies":"Snecko","floor":24.0,"turns":4.0},{"damage":30.0,"enemies":"Slaver and Parasite","floor":25.0,"turns":3.0},{"damage":15.0,"enemies":"Snake Plant","floor":28.0,"turns":2.0},{"damage":27.0,"enemies":"Snecko","floor":30.0,"turns":5.0},{"damage":31.0,"enemies":"Centurion and Healer","floor":31.0,"turns":5.0},{"damage":39.0,"enemies":"Automaton","floor":33.0,"turns":6.0},{"damage":6.0,"enemies":"Orb Walker","floor":35.0,"turns":2.0},{"damage":50.0,"enemies":"3 Darklings","floor":36.0,"turns":5.0},{"damage":50.0,"enemies":"Mysterious Sphere","floor":38.0,"turns":5.0},{"damage":23.0,"enemies":"Sphere and 2 Shapes","floor":39.0,"turns":10.0},{"damage":45.0,"enemies":"Nemesis","floor":40.0,"turns":7.0},{"damage":65.0,"enemies":"4 Shapes","floor":42.0,"turns":8.0},{"damage":12.0,"enemies":"3 Darklings","floor":46.0,"turns":3.0},{"damage":100,"enemies":"Time Eater","floor":50,"turns":13}],"event_choices":[{"event_name":"Living Wall","player_choice":"Grow","floor":5.0,"damage_taken":0.0},{"event_name":"The Cleric","player_choice":"Leave","floor":12.0,"damage_taken":0.0},{"event_name":"The Joust","player_choice":"Bet on Murderer","floor":19.0,"damage_taken":0.0},{"event_name":"Drug Dealer","player_choice":"Got JAXXED","floor":20.0,"damage_taken":0.0},{"event_name":"Mysterious Sphere","player_choice":"Fight","floor":38.0,"damage_taken":0.0},{"event_name":"Winding Halls","player_choice":"Writhe","floor":47.0,"damage_taken":0.0},{"event_name":"Tomb of Lord Red Mask","player_choice":"Paid","floor":48.0,"damage_taken":0.0}],"boss_relics":[],"potions_floor_spawned":[3,7,10,13,22,25,28,31,39,40,42],"seed_played":"-7832493698593291182","ascension_level":11,"is_trial":false}