{"gold_per_floor":[116,129,129,54,73,73,90,90,90,40,51,68,68,85,85,187,187,198,98,148,164,164,164,175,191,191,209,31,31,31,49,49,149,149,163,173,173],"floor_reached":37,"playtime":1412,"items_purged":["Defend_B","Strike_B+1","Strike_B+1"],"score":365,"play_id":"45bb7d87-26e1-4b04-8c51-0618b6a0bb17","local_time":"20190806005207","is_ascension_mode":false,"campfire_choices":[{"data":"Zap","floor":6,"key":"SMITH"},{"data":"Dualcast","floor":15,"key":"SMITH"},{"data":"Leap","floor":23,"key":"SMITH"},{"floor":29,"key":"REST"},{"floor":32,"key":"REST"}],"neow_cost":"TEN_PERCENT_HP_LOSS","seed_source_timestamp":57143576634098,"circlet_count":0,"master_deck":["Defend_B+1","Zap+1","Dualcast+1","Leap+1","Gash","Gash+1","Gash"],"relics":["Cracked Core","Ginger","Whetstone","Empty Cage","The Courier","Runic Dome"],"potions_floor_usage":[7,21,25,31,33,33,33,35],"damage_taken":[{"damage":0,"enemies":"Small Slimes","floor":1,"turns":3},{"damage":6,"enemies":"Jaw Worm","floor":2,"turns":4},{"damage":0,"enemies":"Cultist","floor":5,"turns":3},{"damage":4,"enemies":"Exordium Wildlife","floor":7,"turns":4},{"damage":0,"enemies":"Blue Slaver","floor":11,"turns":3},{"damage":0,"enemies":"Red Slaver","floor":12,"turns":3},{"damage":4,"enemies":"Exordium Wildlife","floor":14,"turns":4},{"damage":6,"enemies":"The Guardian","floor":16,"turns":11},{"damage":1,"enemies":"Shell Parasite","floor":18,"turns":5},{"damage":0,"enemies":"Spheric Guardian","floor":21,"turns":3},{"damage":18,"enemies":"Snake Plant","floor":24,"turns":4},{"damage":9,"enemies":"3 Cultists","floor":25,"turns":4},{"damage":23,"enemies":"Shelled Parasite and Fungi","floor":27,"turns":5},{"damage":15,"enemies":"Sentry and Sphere","floor":31,"turns":4},{"damage":15,"enemies":"Collector","floor":33,"turns":6},{"damage":13,"enemies":"3 Darklings","floor":35,"turns":5},{"damage":22,"enemies":"Orb Walker","floor":36,"turns":4},{"damage":35,"enemies":"Jaw Worm Horde","floor":37,"turns":3}],"seed_played":"-7796564585987271360","potions_obtained":[{"floor":5,"key":"Poison Potion"},{"floor":12,"key":"LiquidBronze"},{"floor":14,"key":"Swift Potion"},{"floor":24,"key":"GamblersBrew"},{"floor":31,"key":"Swift Potion"},{"floor":33,"key":"Fire Potion"}],"is_trial":false,"path_per_floor":["M","M","?","$","M","R","M","?","T","?","M","M","$","M","R","B",null,"M","$","?","M","?","R","M","M","T","M","$","R","?","M","R","B",null,"M","M","M"],"character_chosen":"DEFECT","items_purchased":["Strength Potion","PowerPotion"],"campfire_rested":2,"item_purchase_floors":[28,28],"current_hp_per_floor":[68,62,48,48,48,48,44,44,44,44,44,44,44,40,40,34,68,67,67,67,67,67,67,49,40,40,17,17,37,37,22,42,27,68,55,33,0],"gold":173,"neow_bonus":"ONE_RARE_RELIC","is_prod":false,"is_daily":false,"chose_seed":false,"campfire_upgraded":3,"win_rate":0,"timestamp":1565077927,"path_taken":["M","M","?","$","M","R","M","?","T","?","M","M","$","M","R","BOSS","M","$","?","?","?","R","M","M","T","M","$","R","?","?","R","BOSS","M","M","M"],"build_version":"2019-07-17","purchased_purges":3,"victory":false,"max_hp_per_floor":[68,68,68,68,68,68,68,68,68,68,68,68,68,68,68,68,68,68,68,68,68,68,68,68,68,68,68,68,68,68,68,68,68,68,68,68,68],"card_choices":[{"not_picked":["Hologram","Ball Lightning"],"picked":"Leap","floor":1},{"not_picked":["Doom and Gloom","Recycle","Cold Snap"],"picked":"SKIP","floor":2},{"not_picked":["Barrage","Cold Snap","Sweeping Beam"],"picked":"SKIP","floor":5},{"not_picked":["Ball Lightning","Hologram","Steam"],"picked":"SKIP","floor":7},{"not_picked":["Turbo","Beam Cell","Chaos"],"picked":"SKIP","floor":11},{"not_picked":["Genetic Algorithm","Melter","Loop"],"picked":"SKIP","floor":12},{"not_picked":["Skim","Compile Driver","Seek"],"picked":"SKIP","floor":14},{"not_picked":["Redo","Doom and Gloom"],"picked":"Gash","floor":18},{"not_picked":["Leap+1","Rip and Tear"],"picked":"Gash+1","floor":21},{"not_picked":["Glacier","Reinforced Body","Leap+1"],"picked":"SKIP","floor":24},{"not_picked":["Undo","Streamline","Steam Power"],"picked":"SKIP","floor":25},{"not_picked":["Sunder","Stack","Ball Lightning"],"picked":"SKIP","floor":27},{"not_picked":["Seek","FTL"],"picked":"Gash","floor":31},{"not_picked":["Heatsinks","Steam Power+1","Hologram+1"],"picked":"SKIP","floor":35},{"not_picked":["Redo+1","Coolheaded+1","Barrage"],"picked":"SKIP","floor":36}],"player_experience":486707,"relics_obtained":[{"floor":9,"key":"Whetstone"},{"floor":26,"key":"The Courier"}],"event_choices":[{"damage_healed":0,"gold_gain":0,"player_choice":"Entered Light","damage_taken":14,"max_hp_gain":0,"max_hp_loss":0,"event_name":"Shining Light","floor":3,"gold_loss":0,"cards_upgraded":["Defend_B","Defend_B"]},{"cards_removed":["Strike_B"],"damage_healed":0,"gold_gain":0,"player_choice":"Forget","damage_taken":0,"max_hp_gain":0,"max_hp_loss":0,"event_name":"Living Wall","floor":8,"gold_loss":0},{"cards_removed":["Defend_B"],"damage_healed":0,"gold_gain":0,"player_choice":"Card Removal","damage_taken":0,"max_hp_gain":0,"max_hp_loss":0,"event_name":"The Cleric","floor":10,"gold_loss":50},{"damage_healed":0,"gold_gain":100,"player_choice":"Bet on Murderer","damage_taken":0,"max_hp_gain":0,"max_hp_loss":0,"event_name":"The Joust","floor":20,"gold_loss":50},{"damage_healed":0,"gold_gain":0,"player_choice":"Ignored","damage_taken":0,"max_hp_gain":0,"max_hp_loss":0,"event_name":"The Mausoleum","floor":22,"gold_loss":0},{"damage_healed":0,"gold_gain":0,"player_choice":"Ignored","damage_taken":0,"max_hp_gain":0,"max_hp_loss":0,"event_name":"NoteForYourself","floor":30,"gold_loss":0}],"is_beta":false,"boss_relics":[{"not_picked":["Nuclear Battery","Fusion Hammer"],"picked":"Empty Cage"},{"not_picked":["Sozu","Coffee Dripper"],"picked":"Runic Dome"}],"items_purged_floors":[4,19,28],"is_endless":false,"potions_floor_spawned":[5,12,14,24,31,33],"killed_by":"Jaw Worm Horde","ascension_level":0}