{"gold_per_floor":[113,113,32,32,47,47,81,81,105,105,136,72,72,92,92,166,166,91,91],"floor_reached":19,"playtime":1836,"items_purged":[],"score":308,"play_id":"674e5858-ba25-45e7-a80b-b5aaf8452fc2","local_time":"20190513115148","is_ascension_mode":true,"campfire_choices":[{"data":"Terror","floor":6.0,"key":"SMITH"},{"data":"Backflip","floor":8.0,"key":"SMITH"},{"floor":10.0,"key":"REST"},{"floor":15.0,"key":"REST"}],"neow_cost":"TEN_PERCENT_HP_LOSS","seed_source_timestamp":0,"circlet_count":0,"master_deck":["AscendersBane","Defend_G","Defend_G","Defend_G","Defend_G","Defend_G","Strike_G","Strike_G","Strike_G","Survivor","Neutralize+1","Terror+1","Grand Finale","Backflip+1","Backflip"],"special_seed":0,"relics":["Ring of the Snake","Mummified Hand","Lantern","Regal Pillow","Dodecahedron","Runic Dome"],"potions_floor_usage":[],"damage_taken":[{"damage":3.0,"enemies":"Jaw Worm","floor":1.0,"turns":7.0},{"damage":1.0,"enemies":"2 Louse","floor":5.0,"turns":4.0},{"damage":24.0,"enemies":"Lagavulin","floor":7.0,"turns":14.0},{"damage":35.0,"enemies":"3 Sentries","floor":11.0,"turns":20.0},{"damage":0.0,"enemies":"Cultist","floor":14.0,"turns":2.0},{"damage":11.0,"enemies":"The Guardian","floor":16.0,"turns":10.0},{"damage":6,"enemies":"2 Thieves","floor":18,"turns":5},{"damage":0,"enemies":"3 Byrds","floor":19,"turns":2}],"seed_played":"1444005078546944289","potions_obtained":[{"floor":1.0,"key":"Poison Potion"},{"floor":7.0,"key":"PowerPotion"},{"floor":11.0,"key":"Fire Potion"}],"is_trial":false,"path_per_floor":["M","?","$","?","M","R","E","R","T","R","E","?","?","M","R","B",null,"M","M"],"character_chosen":"THE_SILENT","items_purchased":["Grand Finale"],"campfire_rested":2,"item_purchase_floors":[3],"current_hp_per_floor":[56,38,38,38,37,37,13,13,13,46,11,11,31,31,60,49,57,51,51],"gold":91,"neow_bonus":"REMOVE_TWO","is_prod":false,"is_daily":false,"chose_seed":false,"campfire_upgraded":2,"win_rate":0,"timestamp":1557762708,"path_taken":["M","?","$","?","?","R","E","R","T","R","E","?","?","M","R","BOSS","M","M"],"build_version":"2019-01-23","purchased_purges":0,"victory":false,"max_hp_per_floor":[60,60,60,60,60,60,60,60,60,60,60,60,60,60,60,60,60,60,60],"card_choices":[{"not_picked":["Underhanded Strike","Backstab"],"picked":"Terror","floor":1.0},{"not_picked":["Dagger Throw","Cloak And Dagger"],"picked":"Backflip","floor":5.0},{"not_picked":["Backflip","Underhanded Strike","Quick Slash"],"picked":"SKIP","floor":7.0},{"not_picked":["Bane","Dagger Throw","Prepared"],"picked":"SKIP","floor":11.0},{"not_picked":["Sucker Punch","Reflex","Skewer"],"picked":"SKIP","floor":14.0},{"not_picked":["Eviscerate","Sucker Punch"],"picked":"Backflip","floor":18}],"player_experience":808899,"relics_obtained":[{"floor":7.0,"key":"Lantern"},{"floor":9.0,"key":"Regal Pillow"},{"floor":11.0,"key":"Dodecahedron"}],"event_choices":[{"damage_healed":0.0,"max_hp_gain":0.0,"max_hp_loss":0.0,"gold_gain":0.0,"event_name":"Scrap Ooze","player_choice":"Success","floor":2.0,"gold_loss":0.0,"damage_taken":18.0,"relics_obtained":["Mummified Hand"]},{"damage_healed":0.0,"max_hp_gain":0.0,"max_hp_loss":0.0,"gold_gain":0.0,"event_name":"Upgrade Shrine","player_choice":"Upgraded","floor":4.0,"gold_loss":0.0,"damage_taken":0.0,"cards_upgraded":["Neutralize"]},{"damage_healed":0.0,"max_hp_gain":0.0,"max_hp_loss":0.0,"gold_gain":0.0,"event_name":"World of Goop","player_choice":"Left Gold","floor":12.0,"gold_loss":64.0,"damage_taken":0.0},{"damage_healed":20.0,"max_hp_gain":0.0,"max_hp_loss":0.0,"gold_gain":0.0,"event_name":"Big Fish","player_choice":"Banana","floor":13.0,"gold_loss":0.0,"damage_taken":0.0}],"is_beta":false,"boss_relics":[{"not_picked":["Black Star","Tiny House"],"picked":"Runic Dome"}],"items_purged_floors":[],"is_endless":false,"potions_floor_spawned":[1,7,11],"killed_by":"3 Byrds","ascension_level":16}