{"gold_per_floor":[114,128,139,64,77,77,89,108,177,177,77,77,94,105,105,105],"floor_reached":16,"playtime":654,"items_purged":["Strike_B","Strike_B"],"score":96,"play_id":"adf59135-8b11-49c1-9fce-53b189478b44","local_time":"20190806114225","is_ascension_mode":false,"campfire_choices":[{"data":"Zap","floor":6,"key":"SMITH"},{"data":"Dualcast","floor":10,"key":"SMITH"},{"data":"Gash","floor":15,"key":"SMITH"}],"neow_cost":"NONE","seed_source_timestamp":96921931712715,"circlet_count":0,"master_deck":["Strike_B","Strike_B","Defend_B","Defend_B","Defend_B","Defend_B","Zap+1","Dualcast+1","Gash+1"],"relics":["Cracked Core","Gremlin Horn"],"potions_floor_usage":[8,13,16,16,16],"damage_taken":[{"damage":0,"enemies":"Cultist","floor":1,"turns":3},{"damage":0,"enemies":"2 Louse","floor":2,"turns":2},{"damage":1,"enemies":"Jaw Worm","floor":3,"turns":3},{"damage":2,"enemies":"Large Slime","floor":5,"turns":6},{"damage":6,"enemies":"2 Fungi Beasts","floor":7,"turns":3},{"damage":2,"enemies":"Looter","floor":8,"turns":3},{"damage":0,"enemies":"Lots of Slimes","floor":13,"turns":3},{"damage":0,"enemies":"3 Louse","floor":14,"turns":3},{"damage":66,"enemies":"Hexaghost","floor":16,"turns":14}],"seed_played":"4374451133259986035","potions_obtained":[{"floor":2,"key":"Weak Potion"},{"floor":3,"key":"GamblersBrew"},{"floor":8,"key":"GamblersBrew"},{"floor":12,"key":"EssenceOfSteel"},{"floor":12,"key":"SkillPotion"},{"floor":13,"key":"Dexterity Potion"}],"is_trial":false,"path_per_floor":["M","M","M","$","M","R","M","M","T","R","$","?","M","M","R","B"],"character_chosen":"DEFECT","items_purchased":[],"campfire_rested":0,"item_purchase_floors":[],"current_hp_per_floor":[75,75,74,74,72,72,66,64,64,64,64,64,64,64,64,0],"gold":105,"neow_bonus":"THREE_CARDS","is_prod":false,"is_daily":false,"chose_seed":false,"campfire_upgraded":3,"win_rate":0,"timestamp":1565116945,"path_taken":["M","?","M","$","M","R","M","M","T","R","$","?","?","M","R","BOSS"],"build_version":"2019-07-17","purchased_purges":2,"victory":false,"max_hp_per_floor":[75,75,75,75,75,75,75,75,75,75,75,75,75,75,75,75],"card_choices":[{"not_picked":["Coolheaded","Redo"],"picked":"Gash","floor":0},{"not_picked":["Steam","Coolheaded","Force Field"],"picked":"SKIP","floor":1},{"not_picked":["Blizzard","Go for the Eyes","Stack"],"picked":"SKIP","floor":2},{"not_picked":["Recycle","Defragment","Stack"],"picked":"SKIP","floor":3},{"not_picked":["Coolheaded","Compile Driver","Sweeping Beam"],"picked":"SKIP","floor":5},{"not_picked":["Compile Driver","Cold Snap","Auto Shields"],"picked":"SKIP","floor":7},{"not_picked":["Redo","Sweeping Beam","Streamline"],"picked":"SKIP","floor":8},{"not_picked":["Barrage","Turbo","Steam"],"picked":"SKIP","floor":13},{"not_picked":["Reinforced Body","Sunder","Ball Lightning"],"picked":"SKIP","floor":14}],"player_experience":489076,"relics_obtained":[{"floor":9,"key":"Gremlin Horn"}],"event_choices":[{"damage_healed":0,"gold_gain":0,"player_choice":"Got Potions","damage_taken":0,"max_hp_gain":0,"max_hp_loss":0,"event_name":"Lab","floor":12,"gold_loss":0}],"is_beta":false,"boss_relics":[],"items_purged_floors":[4,11],"is_endless":false,"potions_floor_spawned":[2,3,8,13],"killed_by":"Hexaghost","ascension_level":0}