{"gold_per_floor":[110,128,128,143,44,44,76,76,154,173,173,190,216,391,391,494,494,507,507,19,19,32,57,57,57,111,111,111,127,127,159,159,255,255,265,1264,1280,281,291,291,324,324,324,349,365,23,23,23,23,23],"floor_reached":50,"playtime":3764,"items_purged":["Defend_R","Normality","Normality"],"score":985,"play_id":"091c35b3-b700-4e8a-882f-8f4551410e26","local_time":"20190804080305","is_ascension_mode":true,"campfire_choices":[{"data":"True Grit","floor":6,"key":"SMITH"},{"data":"Shockwave","floor":8,"key":"SMITH"},{"data":"Heavy Blade","floor":15,"key":"SMITH"},{"floor":24,"key":"REST"},{"data":"Mind Blast","floor":27,"key":"SMITH"},{"data":"Demon Form","floor":30,"key":"SMITH"},{"floor":32,"key":"REST"},{"data":"Bite","floor":40,"key":"SMITH"},{"data":"Bite","floor":42,"key":"SMITH"},{"data":"Bite","floor":47,"key":"SMITH"},{"data":"Inflame","floor":49,"key":"SMITH"}],"neow_cost":"NONE","seed_source_timestamp":949833323291471,"circlet_count":0,"master_deck":["AscendersBane","Defend_R+1","Defend_R+1","Defend_R","Bash","Shockwave+1","Iron Wave","Reaper","True Grit+1","Anger+1","Corruption","Heavy Blade+1","Inflame","Doubt","Demon Form+1","Dropkick+1","Bite+1","Bite+1","Bite+1","Inflame+1","Thunderclap+1","Mind Blast+1","Trip+1","Feel No Pain","Warcry+1","Writhe","Flame Barrier+1","Brutality","Double Tap+1","Dropkick","Feel No Pain","Discovery+1","Parasite","Sentinel+1","Feel No Pain","Shrug It Off+1","Feel No Pain"],"relics":["Burning Blood","NeowsBlessing","Centennial Puzzle","Question Card","Pen Nib","Sozu","Toxic Egg 2","Blood Vial","Mercury Hourglass","Ornamental Fan","Happy Flower","PreservedInsect","Coffee Dripper","Dodecahedron","Turnip","TheAbacus","War Paint","Kunai","Orichalcum","Whetstone"],"potions_floor_usage":[7,7,13],"damage_taken":[{"damage":0,"enemies":"2 Louse","floor":1,"turns":1},{"damage":0,"enemies":"Jaw Worm","floor":2,"turns":1},{"damage":0,"enemies":"Cultist","floor":4,"turns":1},{"damage":18,"enemies":"3 Sentries","floor":7,"turns":12},{"damage":5,"enemies":"Blue Slaver","floor":10,"turns":4},{"damage":4,"enemies":"Large Slime","floor":12,"turns":7},{"damage":31,"enemies":"Lagavulin","floor":13,"turns":6},{"damage":59,"enemies":"Slime Boss","floor":16,"turns":11},{"damage":15,"enemies":"Shell Parasite","floor":18,"turns":5},{"damage":12,"enemies":"3 Byrds","floor":22,"turns":5},{"damage":55,"enemies":"Slavers","floor":23,"turns":6},{"damage":14,"enemies":"Centurion and Healer","floor":29,"turns":4},{"damage":50,"enemies":"Gremlin Leader","floor":31,"turns":5},{"damage":54,"enemies":"Champ","floor":33,"turns":7},{"damage":7,"enemies":"Orb Walker","floor":35,"turns":2},{"damage":23,"enemies":"3 Darklings","floor":37,"turns":5},{"damage":35,"enemies":"Writhing Mass","floor":39,"turns":4},{"damage":28,"enemies":"Giant Head","floor":41,"turns":6},{"damage":48,"enemies":"Nemesis","floor":44,"turns":7},{"damage":3,"enemies":"Sphere and 2 Shapes","floor":45,"turns":2},{"damage":41,"enemies":"Awakened One","floor":50,"turns":6}],"seed_played":"4043630224311996795","potions_obtained":[{"floor":1,"key":"GamblersBrew"},{"floor":4,"key":"Strength Potion"},{"floor":12,"key":"Regen Potion"}],"is_trial":false,"path_per_floor":["M","M","?","M","$","R","E","R","T","M","?","M","E","?","R","B",null,"M","?","$","?","M","E","R","?","T","R","?","M","R","E","R","B",null,"M","?","M","$","M","R","E","R","T","E","M","$","R","?","R","B"],"character_chosen":"IRONCLAD","items_purchased":["True Grit","Inflame","Toxic Egg 2","Blood Vial","Thunderclap","Dodecahedron","Turnip","TheAbacus","Feel No Pain","Discovery+1","Whetstone","Feel No Pain"],"campfire_rested":2,"item_purchase_floors":[5,20,20,20,20,38,38,38,38,38,46,46],"current_hp_per_floor":[78,80,73,79,79,79,79,79,79,80,80,80,70,70,70,29,67,58,56,56,56,56,13,29,29,29,29,20,47,47,19,37,14,49,58,58,56,56,33,33,43,43,43,22,30,30,30,30,30,0],"gold":23,"neow_bonus":"THREE_ENEMY_KILL","is_prod":false,"is_daily":false,"chose_seed":false,"campfire_upgraded":9,"win_rate":0,"timestamp":1564930985,"path_taken":["M","M","?","M","$","R","E","R","T","M","?","?","E","?","R","BOSS","M","?","$","?","M","E","R","?","T","R","?","M","R","E","R","BOSS","M","?","M","$","M","R","E","R","T","E","M","$","R","?","R","BOSS"],"build_version":"2019-07-17","purchased_purges":3,"victory":false,"max_hp_per_floor":[80,80,80,80,80,80,80,80,80,80,80,80,80,80,80,80,80,80,56,56,56,56,56,56,56,56,56,61,61,61,61,61,61,61,61,61,61,61,61,61,61,61,61,61,61,61,61,61,61,61],"card_choices":[{"not_picked":["Second Wind","Headbutt"],"picked":"Shockwave","floor":1},{"not_picked":["Headbutt","Disarm"],"picked":"Iron Wave","floor":2},{"not_picked":["Hemokinesis","Seeing Red"],"picked":"Reaper","floor":4},{"not_picked":["Intimidate","Armaments"],"picked":"Anger","floor":7},{"not_picked":["Havoc","Intimidate","Burning Pact"],"picked":"Corruption","floor":10},{"not_picked":["Sword Boomerang","Armaments","Shrug It Off"],"picked":"Heavy Blade","floor":12},{"not_picked":["Warcry","Pommel Strike","Burning Pact"],"picked":"Inflame","floor":13},{"not_picked":["Exhume","Fiend Fire","Impervious"],"picked":"Demon Form","floor":16},{"not_picked":["Clash","Rampage","Twin Strike"],"picked":"Dropkick+1","floor":18},{"not_picked":["Armaments+1","Iron Wave","True Grit+1"],"picked":"Feel No Pain","floor":22},{"not_picked":["Headbutt","Wild Strike+1","Reckless Charge"],"picked":"Warcry+1","floor":23},{"not_picked":["Clash+1","Armaments+1","Double Tap+1"],"picked":"Flame Barrier+1","floor":29},{"not_picked":["Clothesline","Blood for Blood","Sever Soul"],"picked":"Brutality","floor":31},{"not_picked":["Exhume+1","Reaper","Offering+1"],"picked":"Double Tap+1","floor":33},{"not_picked":["Iron Wave","Clash","Body Slam+1","Twin Strike+1"],"picked":"SKIP","floor":35},{"not_picked":["Cleave","Corruption+1","True Grit+1"],"picked":"Dropkick","floor":37},{"not_picked":["Metallicize","Rage+1","Blood for Blood+1"],"picked":"Sentinel+1","floor":39},{"not_picked":["Thunderclap+1","Perfected Strike","Clothesline","Demon Form"],"picked":"SKIP","floor":41},{"not_picked":["Inflame","Whirlwind","True Grit+1"],"picked":"Feel No Pain","floor":44},{"not_picked":["Sword Boomerang","Whirlwind+1","True Grit+1"],"picked":"Shrug It Off+1","floor":45}],"player_experience":445729,"relics_obtained":[{"floor":7,"key":"Centennial Puzzle"},{"floor":9,"key":"Question Card"},{"floor":13,"key":"Pen Nib"},{"floor":23,"key":"Mercury Hourglass"},{"floor":26,"key":"Happy Flower"},{"floor":31,"key":"PreservedInsect"},{"floor":41,"key":"War Paint"},{"floor":43,"key":"Kunai"},{"floor":44,"key":"Orichalcum"}],"event_choices":[{"cards_removed":["Strike_R"],"damage_healed":0,"gold_gain":0,"player_choice":"Card Removal","damage_taken":7,"max_hp_gain":0,"max_hp_loss":0,"event_name":"Golden Wing","floor":3,"gold_loss":0},{"cards_removed":["Strike_R"],"damage_healed":0,"gold_gain":0,"player_choice":"Purged","damage_taken":0,"max_hp_gain":0,"max_hp_loss":0,"event_name":"Purifier","floor":11,"gold_loss":0},{"damage_healed":0,"gold_gain":175,"player_choice":"AGREE","damage_taken":0,"max_hp_gain":0,"max_hp_loss":0,"event_name":"Liars Game","floor":14,"gold_loss":0,"cards_obtained":["Doubt"]},{"damage_healed":0,"gold_gain":0,"player_choice":"Became a vampire","damage_taken":0,"max_hp_gain":0,"max_hp_loss":24,"event_name":"Vampires","floor":19,"gold_loss":0,"cards_obtained":["Bite","Bite","Bite","Bite","Bite"]},{"damage_healed":0,"gold_gain":0,"cards_transformed":["Bite","Bite"],"player_choice":"Became Test Subject","damage_taken":0,"max_hp_gain":0,"max_hp_loss":0,"event_name":"Drug Dealer","floor":21,"gold_loss":0,"cards_obtained":["Mind Blast","Trip"]},{"damage_healed":0,"gold_gain":0,"player_choice":"Opened","damage_taken":0,"relics_obtained":["Ornamental Fan"],"max_hp_gain":0,"max_hp_loss":0,"event_name":"The Mausoleum","floor":25,"gold_loss":0,"cards_obtained":["Writhe"]},{"damage_healed":0,"gold_gain":0,"player_choice":"Shed Blood","damage_taken":14,"max_hp_gain":5,"max_hp_loss":0,"event_name":"Forgotten Altar","floor":28,"gold_loss":0},{"damage_healed":0,"gold_gain":999,"player_choice":"Gold","damage_taken":0,"max_hp_gain":0,"max_hp_loss":0,"event_name":"MindBloom","floor":36,"gold_loss":0,"cards_obtained":["Normality","Normality"]},{"damage_healed":0,"gold_gain":0,"player_choice":"Ignored","damage_taken":0,"max_hp_gain":0,"max_hp_loss":0,"event_name":"SecretPortal","floor":48,"gold_loss":0}],"is_beta":false,"boss_relics":[{"not_picked":["Pandora\u0027s Box","Runic Cube"],"picked":"Sozu"},{"not_picked":["Mark of Pain","Philosopher\u0027s Stone"],"picked":"Coffee Dripper"}],"items_purged_floors":[5,38,46],"is_endless":false,"potions_floor_spawned":[1,4,12,29,31,37,39,45],"killed_by":"Awakened One","ascension_level":12}