{"gold_per_floor":[112,112,112,129,15,15,46,46,46,74,84,84,95,122,122,198,198,211,211],"floor_reached":19,"playtime":1201,"items_purged":["Regret"],"score":289,"play_id":"6ff3fc26-2446-4e04-993f-d96fcf7c4241","local_time":"20181006214331","is_ascension_mode":true,"campfire_choices":[{"data":"True Grit","floor":6.0,"key":"SMITH"},{"floor":8.0,"key":"REST"},{"data":"Immolate","floor":12.0,"key":"SMITH"},{"data":"True Grit","floor":15.0,"key":"SMITH"}],"neow_cost":"NONE","seed_source_timestamp":0,"circlet_count":0,"master_deck":["Strike_R","Strike_R","Strike_R+1","Strike_R","Defend_R","Defend_R","Defend_R","Defend_R","Bash+1","AscendersBane","Pommel Strike","Thunderclap","True Grit+1","Ghostly Armor","Immolate+1","Headbutt+1","True Grit+1","Barricade","Power Through"],"special_seed":0,"relics":["Black Blood","Ancient Tea Set","Ornamental Fan","Pocketwatch","Unceasing Top","Whetstone"],"potions_floor_usage":[18],"damage_taken":[{"damage":0.0,"enemies":"Small Slimes","floor":1.0,"turns":3.0},{"damage":3.0,"enemies":"Cultist","floor":4.0,"turns":4.0},{"damage":52.0,"enemies":"Gremlin Nob","floor":7.0,"turns":5.0},{"damage":5.0,"enemies":"3 Sentries","floor":10.0,"turns":5.0},{"damage":0.0,"enemies":"2 Louse","floor":11.0,"turns":2.0},{"damage":2.0,"enemies":"Looter","floor":13.0,"turns":3.0},{"damage":13.0,"enemies":"The Guardian","floor":16.0,"turns":11.0},{"damage":12,"enemies":"2 Thieves","floor":18,"turns":3},{"damage":33,"enemies":"Spheric Guardian","floor":19,"turns":9}],"seed_played":"-8911726542821297687","potions_obtained":[{"floor":4.0,"key":"Ancient Potion"},{"floor":7.0,"key":"Fire Potion"},{"floor":13.0,"key":"Block Potion"}],"is_trial":false,"path_per_floor":["M","?","?","M","$","R","E","R","T","E","M","R","M","T","R","B",null,"M"],"character_chosen":"IRONCLAD","items_purchased":["Ghostly Armor"],"campfire_rested":1,"item_purchase_floors":[5],"current_hp_per_floor":[78,78,78,80,80,80,34,58,58,59,65,65,69,69,69,62,76,74,41],"gold":211,"neow_bonus":"TRANSFORM_CARD","is_prod":false,"is_daily":false,"chose_seed":false,"campfire_upgraded":3,"win_rate":0,"timestamp":1538876611,"path_taken":["M","?","?","M","$","R","E","R","T","E","M","R","?","?","R","BOSS","M","M"],"build_version":"2018-10-04v2","purchased_purges":1,"victory":false,"max_hp_per_floor":[80,80,80,80,80,80,80,80,80,80,80,80,80,80,80,80,80,80,80],"card_choices":[{"not_picked":["Anger","Clothesline"],"picked":"Thunderclap","floor":1.0},{"not_picked":["Uppercut","Warcry"],"picked":"True Grit","floor":4.0},{"not_picked":["Havoc","Corruption"],"picked":"Immolate","floor":7.0},{"not_picked":["Armaments","True Grit"],"picked":"Headbutt","floor":10.0},{"not_picked":["Clothesline","True Grit","Havoc"],"picked":"SKIP","floor":11.0},{"not_picked":["Clothesline","True Grit","Havoc"],"picked":"SKIP","floor":11.0},{"not_picked":["Uppercut","Warcry"],"picked":"True Grit","floor":13.0},{"not_picked":["Feed","Dark Embrace"],"picked":"Barricade","floor":16.0},{"not_picked":["Sentinel","Reckless Charge"],"picked":"Power Through","floor":18}],"player_experience":458563,"relics_obtained":[{"floor":7.0,"key":"Ornamental Fan"},{"floor":9.0,"key":"Pocketwatch"},{"floor":10.0,"key":"Unceasing Top"},{"floor":14.0,"key":"Whetstone"}],"event_choices":[{"event_name":"Upgrade Shrine","player_choice":"Upgraded","floor":2.0,"damage_taken":0.0},{"event_name":"Big Fish","player_choice":"Box","floor":3.0,"damage_taken":0.0}],"is_beta":false,"boss_relics":[{"not_picked":["Snecko Eye","Eternal Feather"],"picked":"Black Blood"}],"items_purged_floors":[5],"is_endless":false,"potions_floor_spawned":[4,7,13],"killed_by":"Spheric Guardian","ascension_level":13}