{"gold_per_floor":[217,167,92,107,119,154,166,66,116,144,156,268,280,315,327,469,481,511,544,174,198,216,216,259,259,259,384,36,36],"floor_reached":29,"playtime":1452,"items_purged":["Defend_B","Strike_B","Strike_B","Dualcast+1"],"score":270,"play_id":"4fbe55bc-dcca-4941-9d19-fae38e52ca1d","local_time":"20190807210444","is_ascension_mode":false,"campfire_choices":[{"floor":13,"key":"REST"},{"data":"Zap","floor":15,"key":"SMITH"},{"data":"Dualcast","floor":23,"key":"SMITH"},{"data":"Leap","floor":25,"key":"SMITH"}],"neow_cost":"NONE","seed_source_timestamp":216262023369025,"circlet_count":0,"master_deck":["Defend_B","Zap+1","Gash","Leap+1","Cold Snap+1","Multi-Cast+1","Chaos+1","Gash","Echo Form"],"relics":["Cracked Core","Symbiotic Virus","MawBank","Golden Idol","Astrolabe","Question Card","Pen Nib","Pantograph","Prayer Wheel","Shuriken","Sling"],"potions_floor_usage":[6,10,16,21,22,24],"damage_taken":[{"damage":1,"enemies":"Cultist","floor":1,"turns":3},{"damage":2,"enemies":"2 Louse","floor":4,"turns":3},{"damage":0,"enemies":"Small Slimes","floor":5,"turns":3},{"damage":33,"enemies":"Gremlin Nob","floor":6,"turns":4},{"damage":8,"enemies":"Red Slaver","floor":7,"turns":2},{"damage":17,"enemies":"Exordium Wildlife","floor":10,"turns":4},{"damage":1,"enemies":"2 Fungi Beasts","floor":14,"turns":4},{"damage":24,"enemies":"The Guardian","floor":16,"turns":11},{"damage":8,"enemies":"Shell Parasite","floor":18,"turns":6},{"damage":0,"enemies":"3 Byrds","floor":19,"turns":4},{"damage":1,"enemies":"Cultist and Chosen","floor":21,"turns":6},{"damage":13,"enemies":"Snake Plant","floor":22,"turns":3},{"damage":0,"enemies":"Gremlin Leader","floor":24,"turns":7},{"damage":6,"enemies":"Colosseum Slavers","floor":27,"turns":4},{"damage":18,"enemies":"Colosseum Nobs","floor":27,"turns":4},{"damage":24,"enemies":"Slavers","floor":29,"turns":2}],"seed_played":"7942729757229627821","potions_obtained":[{"floor":1,"key":"LiquidBronze"},{"floor":6,"key":"EssenceOfSteel"},{"floor":10,"key":"FearPotion"},{"floor":16,"key":"Weak Potion"},{"floor":19,"key":"Poison Potion"},{"floor":22,"key":"Fire Potion"}],"is_trial":false,"path_per_floor":["M","?","$","M","M","E","M","$","T","M","?","?","R","M","R","B",null,"M","M","$","M","M","R","E","R","T","?","$","E"],"character_chosen":"DEFECT","items_purchased":["Question Card","Sling"],"campfire_rested":1,"item_purchase_floors":[20,28],"current_hp_per_floor":[74,74,74,72,72,39,31,31,31,14,14,14,34,33,33,9,69,61,61,61,60,47,47,47,47,47,23,23,0],"gold":36,"neow_bonus":"HUNDRED_GOLD","is_prod":false,"is_daily":false,"chose_seed":false,"campfire_upgraded":3,"win_rate":0,"timestamp":1565237084,"path_taken":["M","?","$","M","M","E","M","$","T","M","?","?","R","M","R","BOSS","M","M","$","M","M","R","E","R","T","?","$","E"],"build_version":"2019-07-17","purchased_purges":4,"victory":false,"max_hp_per_floor":[75,75,75,75,75,75,75,75,75,75,69,69,69,69,69,69,69,69,69,69,69,69,69,69,69,69,69,69,69],"card_choices":[{"not_picked":["Darkness","Compile Driver","Ball Lightning"],"picked":"SKIP","floor":1},{"not_picked":["Tempest","Compile Driver","Heatsinks"],"picked":"SKIP","floor":4},{"not_picked":["Steam Power","Force Field","Hyperbeam"],"picked":"SKIP","floor":5},{"not_picked":["Sweeping Beam","Stack"],"picked":"Gash","floor":6},{"not_picked":["Streamline","Ball Lightning"],"picked":"Leap","floor":7},{"not_picked":["Sweeping Beam","All For One","Streamline"],"picked":"SKIP","floor":10},{"not_picked":["Coolheaded","Compile Driver","Redo"],"picked":"SKIP","floor":14},{"not_picked":["Hologram+1","Steam","Force Field"],"picked":"SKIP","floor":18},{"not_picked":["Hologram+1","Steam","Force Field"],"picked":"SKIP","floor":18},{"not_picked":["Barrage","Turbo","Chaos"],"picked":"SKIP","floor":19},{"not_picked":["Steam","Stack+1","Redo","Aggregate"],"picked":"SKIP","floor":21},{"not_picked":["White Noise+1","Hologram","Coolheaded"],"picked":"Gash","floor":22},{"not_picked":["Redo","Coolheaded","Defragment","Hello World"],"picked":"SKIP","floor":24},{"not_picked":["Cold Snap","Beam Cell","Gash+1"],"picked":"Echo Form","floor":27}],"player_experience":515094,"relics_obtained":[{"floor":6,"key":"Symbiotic Virus"},{"floor":9,"key":"MawBank"},{"floor":24,"key":"Pen Nib"},{"floor":26,"key":"Pantograph"},{"floor":27,"key":"Prayer Wheel"},{"floor":27,"key":"Shuriken"}],"event_choices":[{"cards_removed":["Strike_B"],"damage_healed":0,"gold_gain":0,"player_choice":"Card Removal","damage_taken":0,"max_hp_gain":0,"max_hp_loss":0,"event_name":"The Cleric","floor":2,"gold_loss":50},{"damage_healed":0,"gold_gain":0,"player_choice":"Lose Max HP","damage_taken":0,"relics_obtained":["Golden Idol"],"max_hp_gain":0,"max_hp_loss":6,"event_name":"Golden Idol","floor":11,"gold_loss":0},{"damage_healed":0,"gold_gain":100,"player_choice":"Gold","damage_taken":0,"max_hp_gain":0,"max_hp_loss":0,"event_name":"Wheel of Change","floor":12,"gold_loss":0},{"damage_healed":0,"gold_gain":0,"player_choice":"Fight","damage_taken":0,"max_hp_gain":0,"max_hp_loss":0,"event_name":"Colosseum","floor":27,"gold_loss":0},{"damage_healed":0,"gold_gain":0,"player_choice":"Fought Nobs","damage_taken":0,"max_hp_gain":0,"max_hp_loss":0,"event_name":"Colosseum","floor":27,"gold_loss":0}],"is_beta":false,"boss_relics":[{"not_picked":["Runic Pyramid","Cursed Key"],"picked":"Astrolabe"}],"items_purged_floors":[3,8,20,28],"is_endless":false,"potions_floor_spawned":[1,6,10,16,19,22,27],"killed_by":"Slavers","ascension_level":0}