{"gold_per_floor":[11,11,11,25,44,44,62,98,98,159,175,215,140,140],"floor_reached":14,"playtime":510,"items_purged":["Strike_B"],"score":100,"play_id":"bd4bc3db-0541-4f35-8429-8e5007149633","local_time":"20190806231836","is_ascension_mode":false,"campfire_choices":[{"data":"Zap","floor":6,"key":"SMITH"}],"neow_cost":"NO_GOLD","seed_source_timestamp":138836826357536,"circlet_count":0,"master_deck":["Strike_B","Strike_B","Strike_B","Defend_B","Defend_B","Defend_B","Defend_B","Zap+1","Dualcast","Gash","Gash","Gash"],"relics":["Cracked Core","Turnip","Golden Idol","Pear","Toxic Egg 2","Matryoshka","PreservedInsect"],"potions_floor_usage":[8,12,12],"damage_taken":[{"damage":1,"enemies":"Cultist","floor":1,"turns":3},{"damage":6,"enemies":"Jaw Worm","floor":4,"turns":3},{"damage":0,"enemies":"Small Slimes","floor":5,"turns":3},{"damage":0,"enemies":"Exordium Wildlife","floor":7,"turns":3},{"damage":16,"enemies":"3 Sentries","floor":8,"turns":6},{"damage":15,"enemies":"3 Sentries","floor":10,"turns":7},{"damage":2,"enemies":"Blue Slaver","floor":11,"turns":2},{"damage":26,"enemies":"Lagavulin","floor":12,"turns":6},{"damage":1,"enemies":"2 Fungi Beasts","floor":14,"turns":1}],"seed_played":"7507943712151890692","potions_obtained":[{"floor":5,"key":"Ancient Potion"},{"floor":7,"key":"PowerPotion"},{"floor":8,"key":"Ancient Potion"}],"is_trial":false,"path_per_floor":["M","$","?","M","M","R","M","E","T","?","M","E","$","M"],"character_chosen":"DEFECT","items_purchased":[],"campfire_rested":0,"item_purchase_floors":[],"current_hp_per_floor":[74,74,56,50,50,50,50,44,44,29,27,1,1,0],"gold":140,"neow_bonus":"ONE_RARE_RELIC","is_prod":false,"is_daily":false,"chose_seed":false,"campfire_upgraded":1,"win_rate":0,"timestamp":1565158716,"path_taken":["M","?","?","M","M","R","M","E","T","?","M","E","$","?"],"build_version":"2019-07-17","purchased_purges":1,"victory":false,"max_hp_per_floor":[75,75,75,75,75,75,75,85,85,85,85,85,85,85],"card_choices":[{"not_picked":["Reinforced Body","Reprogram"],"picked":"Gash","floor":1},{"not_picked":["Compile Driver","Static Discharge","Reinforced Body"],"picked":"SKIP","floor":4},{"not_picked":["Compile Driver","Chill"],"picked":"Gash","floor":5},{"not_picked":["Hologram","Streamline","BootSequence"],"picked":"SKIP","floor":7},{"not_picked":["FTL","Conserve Battery","Steam"],"picked":"SKIP","floor":8},{"not_picked":["FTL","Conserve Battery","Steam"],"picked":"SKIP","floor":8},{"not_picked":["Barrage","Reinforced Body+1"],"picked":"Gash","floor":10},{"not_picked":["Defragment","Self Repair","Go for the Eyes"],"picked":"SKIP","floor":11},{"not_picked":["Thunder Strike","Steam+1","Stack+1"],"picked":"SKIP","floor":12}],"player_experience":499717,"relics_obtained":[{"floor":8,"key":"Pear"},{"floor":9,"key":"Toxic Egg 2"},{"floor":10,"key":"Matryoshka"},{"floor":12,"key":"PreservedInsect"}],"event_choices":[{"damage_healed":0,"gold_gain":0,"player_choice":"Take Damage","damage_taken":18,"relics_obtained":["Golden Idol"],"max_hp_gain":0,"max_hp_loss":0,"event_name":"Golden Idol","floor":3,"gold_loss":0},{"damage_healed":0,"gold_gain":30,"player_choice":"Searched \u00273\u0027 times","damage_taken":0,"max_hp_gain":0,"max_hp_loss":0,"event_name":"Dead Adventurer","floor":10,"gold_loss":0}],"is_beta":false,"boss_relics":[],"items_purged_floors":[13],"is_endless":false,"potions_floor_spawned":[5,7,8],"killed_by":"2 Fungi Beasts","ascension_level":0}