{"gold_per_floor":[115,127,52,2,12,38,38,67,67,96,115,133,152,182,182,285,285,297,297,313,144,155,155,169,194,194,227,237,237,268,287,287,392,392,410,430,136,149,149,178,178,192,192,206,0,33,33,53,53,53,53,53,5,40,40],"floor_reached":55,"playtime":7348,"items_purged":["Strike_R","Strike_R","Strike_R"],"score":799,"play_id":"88a0f3c9-0534-44ec-80cb-370ac229b331","local_time":"20190630020925","is_ascension_mode":true,"campfire_choices":[{"data":"Armaments","floor":7.0,"key":"SMITH"},{"data":"Fire Breathing","floor":15.0,"key":"SMITH"},{"data":"Body Slam","floor":23.0,"key":"SMITH"},{"data":"Dual Wield","floor":32,"key":"SMITH"},{"data":"Inflame","floor":41,"key":"SMITH"},{"floor":49,"key":"RECALL"},{"data":"Battle Trance","floor":52,"key":"SMITH"}],"neow_cost":"NONE","seed_source_timestamp":0,"circlet_count":0,"master_deck":["Strike_R","Strike_R","Defend_R","Defend_R","Bash+1","Clothesline","Armaments+1","Headbutt+1","Power Through","Shrug It Off","Iron Wave","Dropkick","Fire Breathing+1","Reaper","Cleave","Shrug It Off+1","Rampage","Body Slam+1","Inflame+1","Anger+1","Thunderclap+1","Dual Wield+1","Cleave+1","Barricade+1","Thunderclap+1","Blood for Blood+1","Battle Trance+1","Warcry+1","Fire Breathing+1","Doubt","Havoc+1","Pommel Strike+1","Offering"],"special_seed":0,"relics":["Burning Blood","Torii","Matryoshka","Kunai","Happy Flower","Whetstone","Tiny Chest","Coffee Dripper","Red Skull","Strawberry","Molten Egg 2","Orichalcum","Gremlin Horn","Cursed Key","Potion Belt","Mercury Hourglass","Red Mask","PreservedInsect","Blood Vial"],"potions_floor_usage":[25,27,30,33,35,36,38,40,48,48,50,55,55],"damage_taken":[{"damage":6.0,"enemies":"Cultist","floor":1.0,"turns":3.0},{"damage":9.0,"enemies":"Small Slimes","floor":2.0,"turns":3.0},{"damage":3.0,"enemies":"Jaw Worm","floor":5.0,"turns":3.0},{"damage":14.0,"enemies":"Gremlin Nob","floor":6.0,"turns":4.0},{"damage":3.0,"enemies":"3 Sentries","floor":8.0,"turns":8.0},{"damage":6.0,"enemies":"Gremlin Nob","floor":10.0,"turns":4.0},{"damage":0.0,"enemies":"Looter","floor":11.0,"turns":3.0},{"damage":4.0,"enemies":"Gremlin Gang","floor":12.0,"turns":4.0},{"damage":1.0,"enemies":"2 Fungi Beasts","floor":13.0,"turns":4.0},{"damage":1.0,"enemies":"Slime Boss","floor":16.0,"turns":11.0},{"damage":1.0,"enemies":"3 Byrds","floor":18.0,"turns":6.0},{"damage":0.0,"enemies":"Spheric Guardian","floor":20.0,"turns":4.0},{"damage":12.0,"enemies":"Centurion and Healer","floor":22.0,"turns":5.0},{"damage":0.0,"enemies":"Snecko","floor":24.0,"turns":4.0},{"damage":14,"enemies":"Gremlin Leader","floor":25,"turns":6},{"damage":10,"enemies":"Slavers","floor":27,"turns":5},{"damage":7,"enemies":"Snake Plant","floor":28,"turns":5},{"damage":19,"enemies":"Gremlin Leader","floor":30,"turns":5},{"damage":7,"enemies":"Cultist and Chosen","floor":31,"turns":5},{"damage":2,"enemies":"Collector","floor":33,"turns":6},{"damage":1,"enemies":"3 Darklings","floor":35,"turns":3},{"damage":1,"enemies":"Orb Walker","floor":36,"turns":3},{"damage":6,"enemies":"Maw","floor":38,"turns":7},{"damage":2,"enemies":"Giant Head","floor":40,"turns":8},{"damage":8,"enemies":"4 Shapes","floor":42,"turns":5},{"damage":7,"enemies":"Jaw Worm Horde","floor":44,"turns":3},{"damage":13,"enemies":"Nemesis","floor":46,"turns":7},{"damage":1,"enemies":"Spire Growth","floor":48,"turns":4},{"damage":54,"enemies":"Donu and Deca","floor":50,"turns":6},{"damage":61,"enemies":"Shield and Spear","floor":54,"turns":4},{"damage":58,"enemies":"The Heart","floor":55,"turns":2}],"seed_played":"4839706758056596521","potions_obtained":[{"floor":1.0,"key":"Swift Potion"},{"floor":5.0,"key":"FearPotion"},{"floor":10.0,"key":"SkillPotion"},{"floor":11.0,"key":"Fruit Juice"},{"floor":16.0,"key":"Weak Potion"},{"floor":24,"key":"Weak Potion"},{"floor":27,"key":"Dexterity Potion"},{"floor":28,"key":"AttackPotion"},{"floor":30,"key":"FearPotion"},{"floor":31,"key":"Block Potion"},{"floor":33,"key":"Block Potion"},{"floor":35,"key":"SkillPotion"},{"floor":46,"key":"Dexterity Potion"},{"floor":48,"key":"AttackPotion"},{"floor":54,"key":"Explosive Potion"}],"is_trial":false,"path_per_floor":["M","M","$","?","M","E","R","E","T","E","M","M","M","?","R","B",null,"M","?","M","$","M","R","M","E","T","E","M","T","E","M","R","B",null,"M","M","$","M","?","E","R","M","T","M","?","E","$","M","R","B",null,"R","$","E","B"],"character_chosen":"IRONCLAD","items_purchased":["Rampage","Blood for Blood+1","Battle Trance","Block Potion","SteroidPotion"],"campfire_rested":0,"item_purchase_floors":[21,37,37,37,53],"current_hp_per_floor":[80,77,77,77,80,72,72,75,75,75,80,85,85,73,73,78,85,85,85,85,85,84,84,85,85,92,92,91,91,92,91,91,92,92,92,92,92,92,92,92,92,90,90,92,92,87,87,92,92,52,92,92,92,46,0],"gold":40,"neow_bonus":"REMOVE_CARD","is_prod":false,"is_daily":false,"chose_seed":false,"campfire_upgraded":6,"win_rate":0,"timestamp":1561885765,"path_taken":["M","?","$","?","M","E","R","E","T","E","M","M","M","?","R","BOSS","M","?","M","?","?","R","M","E","T","E","M","?","E","M","R","BOSS","M","M","$","M","?","E","R","M","T","?","?","E","?","M","R","BOSS","R","$","E","BOSS"],"build_version":"2019-01-23","purchased_purges":3,"victory":false,"max_hp_per_floor":[80,80,80,80,80,80,80,80,80,80,80,85,85,85,85,85,85,85,85,85,85,85,85,85,85,92,92,92,92,92,92,92,92,92,92,92,92,92,92,92,92,92,92,92,92,92,92,92,92,92,92,92,92,92,92],"card_choices":[{"not_picked":["Clash","Disarm"],"picked":"Clothesline","floor":1.0},{"not_picked":["Searing Blow","Body Slam"],"picked":"Armaments","floor":2.0},{"not_picked":["True Grit","Wild Strike"],"picked":"Headbutt","floor":5.0},{"not_picked":["Bludgeon","Disarm"],"picked":"Power Through","floor":6.0},{"not_picked":["Clothesline","Disarm"],"picked":"Shrug It Off","floor":8.0},{"not_picked":["Second Wind","Havoc"],"picked":"Iron Wave","floor":10.0},{"not_picked":["True Grit","Rupture"],"picked":"Dropkick","floor":11.0},{"not_picked":["Clash","Havoc","True Grit"],"picked":"SKIP","floor":12.0},{"not_picked":["Perfected Strike","Flex"],"picked":"Fire Breathing","floor":13.0},{"not_picked":["Dark Embrace","Juggernaut"],"picked":"Reaper","floor":16.0},{"not_picked":["True Grit","Searing Blow"],"picked":"Cleave","floor":18.0},{"not_picked":["Bloodletting","Clothesline+1"],"picked":"Shrug It Off+1","floor":20.0},{"not_picked":["Feel No Pain+1","Second Wind"],"picked":"Body Slam","floor":22.0},{"not_picked":["Entrench","Metallicize"],"picked":"Inflame","floor":24},{"not_picked":["Disarm","Perfected Strike","Carnage"],"picked":"SKIP","floor":25},{"not_picked":["Perfected Strike","Ghostly Armor"],"picked":"Anger","floor":27},{"not_picked":["Iron Wave+1","Shrug It Off+1"],"picked":"Thunderclap+1","floor":28},{"not_picked":["Headbutt+1","Dark Embrace"],"picked":"Dual Wield","floor":30},{"not_picked":["Power Through","Perfected Strike+1"],"picked":"Cleave+1","floor":31},{"not_picked":["Fiend Fire+1","Exhume"],"picked":"Barricade","floor":33},{"not_picked":["Body Slam+1","Disarm+1","Ghostly Armor"],"picked":"SKIP","floor":35},{"not_picked":["Armaments","Seeing Red"],"picked":"Thunderclap+1","floor":36},{"not_picked":["Blood for Blood+1","Armaments+1"],"picked":"Warcry+1","floor":38},{"not_picked":["Blood for Blood+1","Evolve"],"picked":"Fire Breathing+1","floor":40},{"not_picked":["Perfected Strike+1","Dual Wield+1","Body Slam+1"],"picked":"SKIP","floor":42},{"not_picked":["Anger+1","Dropkick+1"],"picked":"Havoc+1","floor":44},{"not_picked":["Shockwave","Searing Blow+1"],"picked":"Pommel Strike+1","floor":46},{"not_picked":["Thunderclap+1","Shrug It Off"],"picked":"Offering","floor":48},{"not_picked":["Disarm","True Grit","Sword Boomerang+1"],"picked":"SKIP","floor":54}],"player_experience":70975,"relics_obtained":[{"floor":6.0,"key":"Torii"},{"floor":8.0,"key":"Matryoshka"},{"floor":9.0,"key":"Kunai"},{"floor":9.0,"key":"Happy Flower"},{"floor":10.0,"key":"Whetstone"},{"floor":25,"key":"Red Skull"},{"floor":26,"key":"Strawberry"},{"floor":27,"key":"Molten Egg 2"},{"floor":29,"key":"Orichalcum"},{"floor":30,"key":"Gremlin Horn"},{"floor":40,"key":"Potion Belt"},{"floor":43,"key":"Mercury Hourglass"},{"floor":46,"key":"PreservedInsect"},{"floor":54,"key":"Blood Vial"}],"event_choices":[{"cards_removed":["Defend_R"],"damage_healed":0.0,"max_hp_gain":0.0,"max_hp_loss":0.0,"gold_gain":0.0,"event_name":"The Cleric","player_choice":"Card Removal","floor":4.0,"gold_loss":50.0,"damage_taken":0.0},{"damage_healed":0.0,"max_hp_gain":0.0,"max_hp_loss":0.0,"gold_gain":0.0,"event_name":"Scrap Ooze","player_choice":"Success","floor":14.0,"gold_loss":0.0,"damage_taken":12.0,"relics_obtained":["Tiny Chest"]},{"damage_healed":0.0,"max_hp_gain":0.0,"max_hp_loss":0.0,"gold_gain":0.0,"event_name":"The Woman in Blue","player_choice":"Bought 0 Potions","floor":19.0,"gold_loss":0.0,"damage_taken":0.0},{"damage_healed":0,"gold_gain":0,"player_choice":"Forge","damage_taken":0,"max_hp_gain":0,"max_hp_loss":0,"event_name":"Accursed Blacksmith","floor":39,"gold_loss":0,"cards_upgraded":["Barricade"]},{"damage_healed":0,"gold_gain":0,"player_choice":"Paid","damage_taken":0,"relics_obtained":["Red Mask"],"max_hp_gain":0,"max_hp_loss":0,"event_name":"Tomb of Lord Red Mask","floor":45,"gold_loss":206}],"is_beta":false,"boss_relics":[{"not_picked":["Runic Cube","Velvet Choker"],"picked":"Coffee Dripper"},{"not_picked":["Black Star","Fusion Hammer"],"picked":"Cursed Key"}],"items_purged_floors":[3,21,37],"is_endless":false,"potions_floor_spawned":[1,5,10,11,16,24,27,28,30,31,33,35,46,48,54],"killed_by":"The Heart","ascension_level":1}