{"gold_per_floor":[109,109,34,54,67,67,94,82,109,122,154,164,181,199,199,303,303,323,323,323],"floor_reached":20,"playtime":1419,"items_purged":["Strike_G"],"score":209,"play_id":"c3b33609-c185-42f7-ad5c-c63328fd241d","local_time":"20190307215958","is_ascension_mode":true,"campfire_choices":[{"data":"Bouncing Flask","floor":6,"key":"SMITH"},{"floor":15,"key":"REST"}],"neow_cost":"NONE","seed_source_timestamp":585163942151829,"circlet_count":0,"master_deck":["Defend_G","Defend_G","Defend_G","Defend_G","Defend_G","Strike_G","Strike_G","Strike_G","Strike_G","Survivor","Neutralize","Bouncing Flask+1","Dramatic Entrance","Prepared","Bullet Time","Finisher","Heel Hook","Acrobatics","Heel Hook","Night Terror","Footwork"],"relics":["Ring of the Snake","Ancient Tea Set","Juzu Bracelet","Bronze Scales","Runic Pyramid"],"potions_floor_usage":[11,16,16,18,19],"damage_taken":[{"damage":4,"enemies":"Jaw Worm","floor":1,"turns":4},{"damage":0,"enemies":"Cultist","floor":4,"turns":3},{"damage":0,"enemies":"2 Louse","floor":5,"turns":2},{"damage":18,"enemies":"Lagavulin","floor":7,"turns":6},{"damage":6,"enemies":"Exordium Thugs","floor":8,"turns":4},{"damage":8,"enemies":"Large Slime","floor":10,"turns":5},{"damage":22,"enemies":"3 Sentries","floor":11,"turns":7},{"damage":1,"enemies":"2 Fungi Beasts","floor":12,"turns":3},{"damage":7,"enemies":"3 Louse","floor":13,"turns":2},{"damage":0,"enemies":"Blue Slaver","floor":14,"turns":2},{"damage":13,"enemies":"Hexaghost","floor":16,"turns":7},{"damage":11,"enemies":"3 Byrds","floor":18,"turns":3},{"damage":0,"enemies":"Shell Parasite","floor":19,"turns":1},{"damage":11,"enemies":"3 Cultists","floor":20,"turns":3}],"seed_played":"2086632575159636575","potions_obtained":[{"floor":4,"key":"Weak Potion"},{"floor":7,"key":"SmokeBomb"},{"floor":8,"key":"Dexterity Potion"},{"floor":13,"key":"Regen Potion"},{"floor":16,"key":"GamblersBrew"}],"is_trial":false,"path_per_floor":["M","?","$","M","M","R","E","M","T","M","E","M","M","M","R","B",null,"M","M","M"],"character_chosen":"THE_SILENT","items_purchased":[],"campfire_rested":1,"item_purchase_floors":[],"current_hp_per_floor":[73,73,73,73,73,73,55,49,49,41,19,18,11,11,34,36,77,66,66,55],"gold":323,"neow_bonus":"TEN_PERCENT_HP_BONUS","is_prod":false,"is_daily":false,"chose_seed":false,"campfire_upgraded":1,"win_rate":0,"timestamp":1552024798,"path_taken":["M","?","$","M","M","R","E","M","T","M","E","M","M","M","R","BOSS","M","M","M"],"build_version":"2019-01-23","purchased_purges":1,"victory":false,"max_hp_per_floor":[77,77,77,77,77,77,77,77,77,77,77,77,77,77,77,77,77,77,77,77],"card_choices":[{"not_picked":["Deadly Poison","Blade Dance"],"picked":"Bouncing Flask","floor":1},{"not_picked":["Flying Knee","Quick Slash"],"picked":"Prepared","floor":4},{"not_picked":["Poisoned Stab","Sucker Punch","Quick Slash"],"picked":"SKIP","floor":5},{"not_picked":["Sucker Punch","Quick Slash"],"picked":"Bullet Time","floor":7},{"not_picked":["Backflip","Prepared"],"picked":"Finisher","floor":8},{"not_picked":["Catalyst","Dagger Throw"],"picked":"Heel Hook","floor":10},{"not_picked":["Dash","Setup","Riddle With Holes"],"picked":"SKIP","floor":11},{"not_picked":["Outmaneuver","Endless Agony"],"picked":"Acrobatics","floor":12},{"not_picked":["Calculated Gamble","Acrobatics"],"picked":"Heel Hook","floor":13},{"not_picked":["Predator","Quick Slash","Terror"],"picked":"SKIP","floor":14},{"not_picked":["After Image","Burst"],"picked":"Night Terror","floor":16},{"not_picked":["Dagger Throw","Heel Hook+1"],"picked":"Footwork","floor":18}],"player_experience":108121,"relics_obtained":[{"floor":7,"key":"Ancient Tea Set"},{"floor":9,"key":"Juzu Bracelet"},{"floor":11,"key":"Bronze Scales"}],"event_choices":[{"damage_healed":0,"gold_gain":0,"player_choice":"1 cards matched","damage_taken":0,"max_hp_gain":0,"max_hp_loss":0,"event_name":"Match and Keep!","floor":2,"gold_loss":0,"cards_obtained":["Dramatic Entrance"]}],"is_beta":false,"boss_relics":[{"not_picked":["Empty Cage","Ectoplasm"],"picked":"Runic Pyramid"}],"items_purged_floors":[3],"is_endless":false,"potions_floor_spawned":[4,7,8,13,16],"killed_by":"3 Cultists","ascension_level":2}