{"gold_per_floor":[109,59,78,96,112,112,144,144,144,156,156,487,487,526,526,622,622,645,658,541,46,46,46,81,98,125,75,75,87,116,116],"floor_reached":31,"playtime":1341,"items_purged":["Strike_R"],"score":450,"play_id":"87f369e0-d6c8-4dab-8d28-c61f89997a3d","local_time":"20181005232419","is_ascension_mode":true,"campfire_choices":[{"data":"Rampage","floor":6.0,"key":"SMITH"},{"floor":8.0,"key":"REST"},{"floor":13.0,"key":"REST"},{"floor":15.0,"key":"REST"},{"data":"Limit Break","floor":23,"key":"SMITH"},{"data":"Barricade","floor":28,"key":"SMITH"}],"neow_cost":"NONE","seed_source_timestamp":2096979515675029,"circlet_count":0,"master_deck":["Strike_R","Strike_R","Strike_R","Defend_R","Defend_R","Defend_R","Defend_R","Bash","AscendersBane","Shrug It Off","Rampage+1","Cleave","Limit Break+1","Flex","Flex","Offering","Barricade+1","Warcry+1","Evolve","Power Through"],"special_seed":0,"relics":["Burning Blood","Mummified Hand","StoneCalendar","Bloody Idol","Old Coin","Letter Opener","Velvet Choker","Blue Candle","Lee\u0027s Waffle","Turnip","Smiling Mask","Boot","Red Mask"],"potions_floor_usage":[18,30,30],"damage_taken":[{"damage":0.0,"enemies":"2 Louse","floor":1.0,"turns":3.0},{"damage":5.0,"enemies":"Jaw Worm","floor":3.0,"turns":5.0},{"damage":11.0,"enemies":"Cultist","floor":4.0,"turns":4.0},{"damage":8.0,"enemies":"Lots of Slimes","floor":5.0,"turns":2.0},{"damage":40.0,"enemies":"Lagavulin","floor":7.0,"turns":6.0},{"damage":0.0,"enemies":"3 Louse","floor":10.0,"turns":2.0},{"damage":43.0,"enemies":"Gremlin Nob","floor":12.0,"turns":5.0},{"damage":32.0,"enemies":"Lagavulin","floor":14.0,"turns":5.0},{"damage":12.0,"enemies":"Slime Boss","floor":16.0,"turns":7.0},{"damage":17,"enemies":"2 Thieves","floor":18,"turns":3},{"damage":31,"enemies":"Spheric Guardian","floor":19,"turns":5},{"damage":30,"enemies":"Gremlin Leader","floor":24,"turns":6},{"damage":20,"enemies":"Centurion and Healer","floor":25,"turns":7},{"damage":31,"enemies":"Snake Plant","floor":29,"turns":4},{"damage":47,"enemies":"Masked Bandits","floor":30,"turns":5},{"damage":24,"enemies":"Snecko","floor":31,"turns":2}],"seed_played":"7124245103973306447","potions_obtained":[{"floor":0.0,"key":"Block Potion"},{"floor":0.0,"key":"SteroidPotion"},{"floor":3.0,"key":"Explosive Potion"},{"floor":5.0,"key":"Explosive Potion"},{"floor":10.0,"key":"Dexterity Potion"},{"floor":16.0,"key":"Swift Potion"},{"floor":18,"key":"Dexterity Potion"},{"floor":29,"key":"Regen Potion"}],"is_trial":false,"path_per_floor":["M","?","M","M","M","R","E","R","T","M","?","E","R","E","R","B",null,"M","M","?","$","?","R","E","M","T","$","R","M","?"],"character_chosen":"IRONCLAD","items_purchased":["Lee\u0027s Waffle","Turnip"],"campfire_rested":3,"item_purchase_floors":[21,21],"current_hp_per_floor":[78,78,79,74,72,72,38,62,62,68,68,31,53,27,49,43,66,55,30,30,81,81,81,62,53,58,58,58,38,16,0],"gold":116,"neow_bonus":"THREE_SMALL_POTIONS","is_prod":false,"is_daily":false,"chose_seed":false,"campfire_upgraded":3,"win_rate":0,"timestamp":1538796259,"path_taken":["M","?","M","?","?","R","E","R","T","M","?","E","R","E","R","BOSS","M","M","?","$","?","R","E","M","T","?","R","?","?","M"],"build_version":"2018-10-04v2","purchased_purges":1,"victory":false,"max_hp_per_floor":[80,80,80,80,80,80,80,80,80,80,74,74,74,74,74,74,74,74,74,74,81,81,81,81,81,81,81,81,81,81,81],"card_choices":[{"not_picked":["Power Through","Bloodletting"],"picked":"Shrug It Off","floor":1.0},{"not_picked":["Thunderclap","True Grit"],"picked":"Rampage","floor":3.0},{"not_picked":["Iron Wave","Pommel Strike"],"picked":"Cleave","floor":4.0},{"not_picked":["Clothesline","Wild Strike"],"picked":"Limit Break","floor":5.0},{"not_picked":["Havoc","Fire Breathing","Anger"],"picked":"SKIP","floor":7.0},{"not_picked":["Iron Wave","Pommel Strike"],"picked":"Flex","floor":10.0},{"not_picked":["Havoc","Thunderclap"],"picked":"Flex","floor":12.0},{"not_picked":["Intimidate","Flex"],"picked":"Offering","floor":14.0},{"not_picked":["Juggernaut","Reaper"],"picked":"Barricade","floor":16.0},{"not_picked":["Fire Breathing","Cleave"],"picked":"Warcry+1","floor":18},{"not_picked":["Rupture","Hemokinesis"],"picked":"Evolve","floor":19},{"not_picked":["Clothesline+1","Evolve","Heavy Blade"],"picked":"SKIP","floor":24},{"not_picked":["Clash","Dark Embrace","Second Wind"],"picked":"SKIP","floor":25},{"not_picked":["Perfected Strike","Searing Blow","Twin Strike"],"picked":"SKIP","floor":29},{"not_picked":["Searing Blow","Iron Wave"],"picked":"Power Through","floor":30}],"player_experience":457222,"relics_obtained":[{"floor":7.0,"key":"Mummified Hand"},{"floor":9.0,"key":"StoneCalendar"},{"floor":12.0,"key":"Old Coin"},{"floor":14.0,"key":"Letter Opener"},{"floor":24,"key":"Smiling Mask"},{"floor":26,"key":"Boot"},{"floor":30,"key":"Red Mask"}],"event_choices":[{"event_name":"The Cleric","player_choice":"Card Removal","floor":2.0,"damage_taken":0.0},{"event_name":"Golden Idol","player_choice":"Lose Max HP","floor":11.0,"damage_taken":0.0},{"event_name":"WeMeetAgain","player_choice":"Gold","floor":20,"damage_taken":0},{"event_name":"Forgotten Altar","player_choice":"Gave Idol","floor":22,"damage_taken":0},{"event_name":"Masked Bandits","player_choice":"Fought Bandits","floor":30,"damage_taken":0}],"is_beta":false,"boss_relics":[{"not_picked":["Orrery","Runic Pyramid"],"picked":"Velvet Choker"}],"items_purged_floors":[27],"is_endless":false,"potions_floor_spawned":[3,5,10,16,18,29],"killed_by":"Snecko","ascension_level":13}