{"gold_per_floor":[219,230,230,243,42,42,70,18,18,18,18,38,38,56,56,151,151,167,266,279,294,294,319,319,352,352,366,366,291,311,338,338,440,440,457,467,482,495,512,512],"floor_reached":40,"playtime":5840,"items_purged":["Strike_B"],"score":725,"play_id":"a7ddf002-42a7-414b-b426-acc08d5fcedf","local_time":"20190521185233","is_ascension_mode":true,"campfire_choices":[{"data":"Consume","floor":6,"key":"SMITH"},{"floor":11,"key":"REST"},{"data":"Reinforced Body","floor":13,"key":"SMITH"},{"data":"Coolheaded","floor":15,"key":"SMITH"},{"data":"Coolheaded","floor":24,"key":"SMITH"},{"data":"Echo Form","floor":28,"key":"SMITH"},{"data":"Redo","floor":32,"key":"SMITH"}],"neow_cost":"NONE","seed_source_timestamp":481733416752519,"circlet_count":0,"master_deck":["Strike_B","Strike_B","Defend_B","Defend_B","Defend_B","Zap+1","Dualcast","Hologram","Leap","Consume+1","Coolheaded+1","Reinforced Body+1","Cold Snap+1","Echo Form+1","Capacitor","Coolheaded+1","Auto Shields","Compile Driver+1","Glacier+1","Redo+1","Seek","Loop","Defragment+1","Parasite"],"relics":["Cracked Core","Runic Capacitor","Meat on the Bone","Molten Egg 2","Nuclear Battery","Singing Bowl","Blood Vial","Vajra","Coffee Dripper"],"potions_floor_usage":[21,23,25,31,37,40],"damage_taken":[{"damage":13,"enemies":"Small Slimes","floor":1,"turns":4},{"damage":3,"enemies":"Cultist","floor":2,"turns":4},{"damage":9,"enemies":"2 Louse","floor":4,"turns":3},{"damage":28,"enemies":"3 Sentries","floor":7,"turns":6},{"damage":2,"enemies":"Looter","floor":12,"turns":3},{"damage":15,"enemies":"Exordium Thugs","floor":14,"turns":5},{"damage":16,"enemies":"Hexaghost","floor":16,"turns":9},{"damage":12,"enemies":"Spheric Guardian","floor":18,"turns":5},{"damage":5,"enemies":"Shell Parasite","floor":20,"turns":8},{"damage":23,"enemies":"3 Cultists","floor":21,"turns":9},{"damage":20,"enemies":"Gremlin Leader","floor":23,"turns":7},{"damage":6,"enemies":"Book of Stabbing","floor":25,"turns":6},{"damage":14,"enemies":"Centurion and Healer","floor":27,"turns":6},{"damage":3,"enemies":"Snecko","floor":30,"turns":5},{"damage":20,"enemies":"Slavers","floor":31,"turns":8},{"damage":0,"enemies":"Automaton","floor":33,"turns":15},{"damage":12,"enemies":"3 Darklings","floor":35,"turns":7},{"damage":15,"enemies":"3 Shapes","floor":36,"turns":6},{"damage":32,"enemies":"3 Darklings","floor":37,"turns":5},{"damage":4,"enemies":"Jaw Worm Horde","floor":38,"turns":7},{"damage":0,"enemies":"Writhing Mass","floor":39,"turns":6},{"damage":64,"enemies":"Reptomancer","floor":40,"turns":2}],"seed_played":"3362213809823864811","potions_obtained":[{"floor":1,"key":"Fire Potion"},{"floor":16,"key":"Block Potion"},{"floor":21,"key":"Energy Potion"},{"floor":23,"key":"Ancient Potion"},{"floor":27,"key":"Regen Potion"},{"floor":35,"key":"Block Potion"},{"floor":37,"key":"Weak Potion"},{"floor":39,"key":"LiquidBronze"}],"is_trial":false,"path_per_floor":["M","M","?","M","$","R","E","$","T","?","R","M","R","M","R","B",null,"M","?","M","M","?","E","R","E","T","M","R","$","M","E","R","B",null,"M","M","M","M","M","E"],"character_chosen":"DEFECT","items_purchased":["Runic Capacitor","Coolheaded"],"campfire_rested":1,"item_purchase_floors":[5,8],"current_hp_per_floor":[55,52,52,43,43,43,15,15,15,8,30,40,40,37,37,33,65,53,53,48,37,37,29,29,37,37,37,37,37,50,47,47,49,72,62,51,35,45,49,0],"gold":512,"neow_bonus":"HUNDRED_GOLD","is_prod":false,"is_daily":false,"chose_seed":false,"campfire_upgraded":6,"win_rate":0,"timestamp":1558479153,"path_taken":["M","M","?","M","$","R","E","?","T","?","R","M","R","M","R","BOSS","M","?","M","M","?","E","R","E","T","M","R","$","M","E","R","BOSS","M","M","M","M","M","E"],"build_version":"2019-05-07","purchased_purges":1,"victory":false,"max_hp_per_floor":[75,75,75,75,75,75,75,75,75,75,75,75,75,75,75,75,75,75,75,75,75,75,75,75,77,77,77,77,77,79,79,79,79,79,79,81,83,83,85,85],"card_choices":[{"not_picked":["Melter","Compile Driver"],"picked":"Hologram","floor":1},{"not_picked":["Turbo","Chill"],"picked":"Leap","floor":2},{"not_picked":["Reprogram","Hologram"],"picked":"Consume","floor":4},{"not_picked":["Reprogram","Streamline","Blizzard"],"picked":"SKIP","floor":7},{"not_picked":["Double Energy","Streamline+1"],"picked":"Reinforced Body","floor":12},{"not_picked":["Turbo","Compile Driver+1"],"picked":"Cold Snap+1","floor":14},{"not_picked":["Buffer","Rainbow"],"picked":"Echo Form","floor":16},{"not_picked":["Sweeping Beam+1","Darkness"],"picked":"Capacitor","floor":18},{"not_picked":["Fusion","Leap"],"picked":"Coolheaded","floor":20},{"not_picked":["Static Discharge+1","Gash+1","Cold Snap+1"],"picked":"SKIP","floor":21},{"not_picked":["Capacitor","Steam"],"picked":"Compile Driver+1","floor":23},{"not_picked":["Barrage+1","Ball Lightning+1","Conserve Battery"],"picked":"Singing Bowl","floor":25},{"not_picked":["Chill","Reprogram"],"picked":"Glacier+1","floor":27},{"not_picked":["Turbo","All For One+1","Ball Lightning+1"],"picked":"Singing Bowl","floor":30},{"not_picked":["Steam Power","Coolheaded"],"picked":"Redo","floor":31},{"not_picked":["Hyperbeam+1","Thunder Strike+1"],"picked":"Seek","floor":33},{"not_picked":["Stack","Aggregate+1"],"picked":"Loop","floor":35},{"not_picked":["Conserve Battery","Leap","Coolheaded"],"picked":"Singing Bowl","floor":36},{"not_picked":["Reinforced Body","Lockon+1","Beam Cell+1"],"picked":"Singing Bowl","floor":37},{"not_picked":["Stack+1","Beam Cell+1"],"picked":"Defragment+1","floor":38},{"not_picked":["Conserve Battery+1","Reinforced Body+1","Genetic Algorithm"],"picked":"Singing Bowl","floor":39}],"player_experience":798748,"relics_obtained":[{"floor":7,"key":"Meat on the Bone"},{"floor":9,"key":"Molten Egg 2"},{"floor":23,"key":"Singing Bowl"},{"floor":25,"key":"Blood Vial"},{"floor":31,"key":"Vajra"}],"event_choices":[{"damage_healed":0,"gold_gain":0,"player_choice":"Forge","damage_taken":0,"max_hp_gain":0,"max_hp_loss":0,"event_name":"Accursed Blacksmith","floor":3,"gold_loss":0,"cards_upgraded":["Zap"]},{"cards_removed":["Strike_B"],"damage_healed":0,"gold_gain":0,"player_choice":"Card Removal","damage_taken":7,"max_hp_gain":0,"max_hp_loss":0,"event_name":"Golden Wing","floor":10,"gold_loss":0},{"damage_healed":0,"gold_gain":99,"player_choice":"Stole From Cult","damage_taken":0,"max_hp_gain":0,"max_hp_loss":0,"event_name":"Nest","floor":19,"gold_loss":0},{"damage_healed":0,"gold_gain":0,"cards_transformed":["Defend_B"],"player_choice":"Transformed","damage_taken":0,"max_hp_gain":0,"max_hp_loss":0,"event_name":"Transmorgrifier","floor":22,"gold_loss":0,"cards_obtained":["Auto Shields"]}],"is_beta":true,"boss_relics":[{"not_picked":["Velvet Choker","FrozenCore"],"picked":"Nuclear Battery"},{"not_picked":["Empty Cage","Tiny House"],"picked":"Coffee Dripper"}],"items_purged_floors":[29],"is_endless":false,"potions_floor_spawned":[1,16,21,23,27,35,37,39],"killed_by":"Reptomancer","ascension_level":9}