{"gold_per_floor":[113,113,124,139,149,180,34,34,82,82,82,8,39,58,58,157,157,168,168,182,182,3,3,22,22],"floor_reached":25,"playtime":1979,"items_purged":["Strike_G","Defend_G"],"score":310,"play_id":"b251ca8c-1dc8-4bd6-915a-3699f21d9b62","local_time":"20190809133233","is_ascension_mode":true,"campfire_choices":[{"floor":8,"key":"REST"},{"floor":10,"key":"REST"},{"data":"Accuracy","floor":15,"key":"SMITH"},{"floor":23,"key":"REST"}],"neow_cost":"NONE","seed_source_timestamp":312802707056235,"circlet_count":0,"master_deck":["Defend_G","Defend_G","Defend_G","Defend_G","Survivor","Neutralize","Backflip","After Image","Poisoned Stab","Blade Dance","Slice","Outmaneuver","Accuracy+1","Quick Slash","Flying Knee","A Thousand Cuts","Calculated Gamble","Blade Dance","Bite","Bite","Bite","Bite","Bite","Well Laid Plans","Backflip+1"],"relics":["Ring of the Snake","Bag of Preparation","Gremlin Horn","Boot","Strawberry","Lizard Tail"],"potions_floor_usage":[6,16,20,20,25],"damage_taken":[{"damage":1,"enemies":"Small Slimes","floor":1,"turns":4},{"damage":10,"enemies":"Cultist","floor":3,"turns":6},{"damage":1,"enemies":"2 Louse","floor":4,"turns":4},{"damage":9,"enemies":"Exordium Thugs","floor":5,"turns":6},{"damage":25,"enemies":"Gremlin Nob","floor":6,"turns":6},{"damage":14,"enemies":"Lagavulin","floor":13,"turns":7},{"damage":12,"enemies":"Large Slime","floor":14,"turns":7},{"damage":12,"enemies":"Slime Boss","floor":16,"turns":11},{"damage":45,"enemies":"2 Thieves","floor":18,"turns":5},{"damage":36,"enemies":"Spheric Guardian","floor":20,"turns":6},{"damage":40,"enemies":"3 Cultists","floor":24,"turns":6},{"damage":13,"enemies":"Centurion and Healer","floor":25,"turns":2}],"seed_played":"-6827401041553930684","potions_obtained":[{"floor":4,"key":"Dexterity Potion"},{"floor":5,"key":"GhostInAJar"},{"floor":14,"key":"Strength Potion"},{"floor":16,"key":"SteroidPotion"},{"floor":24,"key":"Strength Potion"}],"is_trial":false,"path_per_floor":["M","?","M","M","M","E","$","R","T","R","?","$","E","M","R","B",null,"M","?","M","?","$","R","M","M"],"character_chosen":"THE_SILENT","items_purchased":["Accuracy","Accuracy","Well Laid Plans"],"campfire_rested":3,"item_purchase_floors":[7,12,22],"current_hp_per_floor":[62,62,52,51,42,17,17,38,38,59,70,70,63,51,51,39,68,23,9,14,14,14,31,11,0],"gold":22,"neow_bonus":"RANDOM_COMMON_RELIC","is_prod":false,"is_daily":false,"chose_seed":false,"campfire_upgraded":1,"win_rate":0,"timestamp":1565382753,"path_taken":["M","?","M","M","?","E","$","R","T","R","?","?","E","M","R","BOSS","M","?","M","?","?","R","?","M"],"build_version":"2019-07-17","purchased_purges":2,"victory":false,"max_hp_per_floor":[70,70,70,70,70,70,70,70,70,70,70,70,77,77,77,77,77,77,82,82,57,57,57,57,57],"card_choices":[{"not_picked":["Skewer","Predator"],"picked":"Backflip","floor":1},{"not_picked":["Flying Knee","Leg Sweep"],"picked":"Poisoned Stab","floor":3},{"not_picked":["Distraction","Eviscerate"],"picked":"Blade Dance","floor":4},{"not_picked":["Acrobatics","Dagger Throw"],"picked":"Slice","floor":5},{"not_picked":["Skewer","Prepared"],"picked":"Outmaneuver","floor":6},{"not_picked":["Dodge and Roll","Backflip"],"picked":"Quick Slash","floor":13},{"not_picked":["Sucker Punch","Slice"],"picked":"Flying Knee","floor":14},{"not_picked":["Doppelganger","Unload"],"picked":"A Thousand Cuts","floor":16},{"not_picked":["Dagger Throw+1","Prepared"],"picked":"Calculated Gamble","floor":18},{"not_picked":["Sucker Punch","Flying Knee"],"picked":"Blade Dance","floor":20},{"not_picked":["Bane","Dagger Throw"],"picked":"Backflip+1","floor":24}],"player_experience":249941,"relics_obtained":[{"floor":6,"key":"Gremlin Horn"},{"floor":9,"key":"Boot"},{"floor":13,"key":"Strawberry"}],"event_choices":[{"damage_healed":0,"gold_gain":0,"cards_transformed":["Strike_G"],"player_choice":"Transformed","damage_taken":0,"max_hp_gain":0,"max_hp_loss":0,"event_name":"Transmorgrifier","floor":2,"gold_loss":0,"cards_obtained":["After Image"]},{"cards_removed":["Accuracy"],"damage_healed":11,"gold_gain":0,"player_choice":"Offered Uncommon","damage_taken":0,"max_hp_gain":0,"max_hp_loss":0,"event_name":"Bonfire Elementals","floor":11,"gold_loss":0},{"damage_healed":0,"gold_gain":0,"player_choice":"Shed Blood","damage_taken":19,"max_hp_gain":5,"max_hp_loss":0,"event_name":"Forgotten Altar","floor":19,"gold_loss":0},{"damage_healed":0,"gold_gain":0,"player_choice":"Became a vampire","damage_taken":0,"max_hp_gain":0,"max_hp_loss":25,"event_name":"Vampires","floor":21,"gold_loss":0,"cards_obtained":["Bite","Bite","Bite","Bite","Bite"]}],"is_beta":false,"boss_relics":[{"not_picked":["Sozu","Orrery"],"picked":"Lizard Tail"}],"items_purged_floors":[7,22],"is_endless":false,"potions_floor_spawned":[4,5,14,16,24],"killed_by":"Centurion and Healer","ascension_level":7}