{"gold_per_floor":[114,39,53,53,53,91,91,114,163,72,72,86,106,181,181,307,307,323,89,113,138,53,86,86,36,36,36,36,36,36,61,61,185,185,204,229,157,157,107,107,57,57,111,127,142,142,163,163,163,163],"floor_reached":51,"playtime":4488,"items_purged":["Strike_B","Strike_B","Dualcast","Strike_B+1","Defend_B","Defend_B","Iron Wave"],"score":663,"play_id":"1fede28b-313c-48fa-aa6b-a79bfabf1c49","local_time":"20181204151609","is_ascension_mode":false,"campfire_choices":[{"data":"Conserve Battery","floor":7.0,"key":"SMITH"},{"data":"Fission","floor":15.0,"key":"SMITH"},{"data":"Zap","floor":24,"key":"SMITH"},{"floor":29,"key":"REST"},{"floor":32,"key":"REST"},{"data":"Machine Learning","floor":40,"key":"SMITH"},{"data":"Scrape","floor":42,"key":"SMITH"},{"data":"Coolheaded","floor":46,"key":"SMITH"},{"floor":49,"key":"REST"}],"neow_cost":"NONE","seed_source_timestamp":0,"circlet_count":0,"master_deck":["Defend_B+1","Defend_B+1","Zap+1","Gash","Conserve Battery+1","Gash+1","BootSequence","Scrape+1","Fission+1","Echo Form","Tempest","Gash","Glacier+1","Machine Learning+1","Coolheaded+1","Gash+1","Gash","Conserve Battery+1","Gash+1"],"special_seed":0,"relics":["Cracked Core","NeowsBlessing","Golden Idol","Smiling Mask","Whetstone","Runic Dome","War Paint","PreservedInsect","Orichalcum","StoneCalendar","MutagenicStrength","White Beast Statue","Omamori"],"potions_floor_usage":[18,18,18,31,33,33,44,47,50,50,50],"damage_taken":[{"damage":0.0,"enemies":"Small Slimes","floor":1.0,"turns":1.0},{"damage":0.0,"enemies":"2 Louse","floor":3.0,"turns":1.0},{"damage":0.0,"enemies":"3 Sentries","floor":6.0,"turns":1.0},{"damage":1.0,"enemies":"Jaw Worm","floor":8.0,"turns":3.0},{"damage":0.0,"enemies":"Large Slime","floor":12.0,"turns":6.0},{"damage":0.0,"enemies":"Gremlin Gang","floor":13.0,"turns":4.0},{"damage":1.0,"enemies":"The Guardian","floor":16.0,"turns":12.0},{"damage":15,"enemies":"2 Thieves","floor":18,"turns":4},{"damage":2,"enemies":"3 Byrds","floor":20,"turns":4},{"damage":11,"enemies":"Sentry and Sphere","floor":21,"turns":4},{"damage":26,"enemies":"Gremlin Leader","floor":23,"turns":5},{"damage":14,"enemies":"Snake Plant","floor":31,"turns":3},{"damage":12,"enemies":"Automaton","floor":33,"turns":8},{"damage":29,"enemies":"3 Darklings","floor":35,"turns":5},{"damage":0,"enemies":"Orb Walker","floor":36,"turns":5},{"damage":0,"enemies":"Sphere and 2 Shapes","floor":44,"turns":3},{"damage":0,"enemies":"4 Shapes","floor":45,"turns":5},{"damage":8,"enemies":"Writhing Mass","floor":47,"turns":4},{"damage":29,"enemies":"Time Eater","floor":50,"turns":5}],"seed_played":"6399707714883306348","potions_obtained":[{"floor":6.0,"key":"Regen Potion"},{"floor":8.0,"key":"Energy Potion"},{"floor":13.0,"key":"FocusPotion"},{"floor":16.0,"key":"SteroidPotion"},{"floor":18,"key":"Dexterity Potion"},{"floor":21,"key":"FocusPotion"},{"floor":23,"key":"SteroidPotion"},{"floor":35,"key":"Fire Potion"},{"floor":36,"key":"PowerPotion"},{"floor":44,"key":"FocusPotion"},{"floor":45,"key":"Regen Potion"},{"floor":47,"key":"SpeedPotion"}],"is_trial":false,"path_per_floor":["M","$","M","?","?","E","R","M","T","$","?","M","M","?","R","B",null,"M","$","M","M","?","E","R","$","T","?","?","R","?","M","R","B",null,"M","M","$","?","$","R","$","R","T","M","M","R","M","?","R","B",null],"character_chosen":"DEFECT","items_purchased":["BootSequence","War Paint","Tempest","Gash"],"campfire_rested":3,"item_purchase_floors":[10,19,19,37],"current_hp_per_floor":[75,75,75,75,57,57,57,56,56,56,49,49,61,54,54,53,75,60,60,58,47,47,21,21,21,21,21,21,43,43,29,51,39,75,46,46,46,46,46,46,46,46,46,46,46,46,50,50,72,43],"gold":163,"neow_bonus":"THREE_ENEMY_KILL","is_prod":false,"is_daily":false,"chose_seed":false,"campfire_upgraded":6,"win_rate":0,"timestamp":1543954569,"path_taken":["M","$","M","?","?","E","R","M","T","$","?","?","M","?","R","BOSS","M","$","M","?","?","E","R","?","T","?","?","R","?","M","R","BOSS","M","M","$","?","$","R","$","R","T","M","?","R","M","?","R","BOSS"],"build_version":"2018-11-15","purchased_purges":7,"victory":true,"max_hp_per_floor":[75,75,75,75,75,75,75,75,75,75,75,75,75,75,75,75,75,75,75,75,75,75,75,75,75,75,75,75,75,75,75,75,75,75,75,75,75,75,75,75,75,75,75,75,75,75,75,75,75,75],"card_choices":[{"not_picked":["Streamline","Stack"],"picked":"Gash","floor":1.0},{"not_picked":["Redo","Fusion"],"picked":"Conserve Battery","floor":3.0},{"not_picked":["Storm","Conserve Battery"],"picked":"Gash","floor":6.0},{"not_picked":["Compile Driver","Blizzard"],"picked":"Undo","floor":8.0},{"not_picked":["Cold Snap","Aggregate"],"picked":"Scrape","floor":12.0},{"not_picked":["Rebound","Aggregate"],"picked":"Fission","floor":13.0},{"not_picked":["Electrodynamics","Multi-Cast"],"picked":"Echo Form","floor":16.0},{"not_picked":["Lockon+1","Steam","Self Repair"],"picked":"SKIP","floor":18},{"not_picked":["Streamline","Darkness+1"],"picked":"Gash","floor":20},{"not_picked":["Beam Cell","Fusion+1","Sweeping Beam"],"picked":"SKIP","floor":21},{"not_picked":["Hello World","Go for the Eyes","Force Field"],"picked":"SKIP","floor":23},{"not_picked":["Go for the Eyes+1","Recycle"],"picked":"Glacier+1","floor":31},{"not_picked":["Amplify","Buffer"],"picked":"Machine Learning","floor":33},{"not_picked":["Genetic Algorithm","Leap"],"picked":"Coolheaded","floor":35},{"not_picked":["Static Discharge","Ball Lightning"],"picked":"Gash+1","floor":36},{"not_picked":["Go for the Eyes+1","Doom and Gloom"],"picked":"Conserve Battery+1","floor":44},{"not_picked":["Ball Lightning+1","Cold Snap+1","Barrage+1"],"picked":"SKIP","floor":45},{"not_picked":["Ball Lightning+1","Cold Snap+1","Barrage+1"],"picked":"SKIP","floor":45},{"not_picked":["Cold Snap","Ball Lightning+1","Coolheaded"],"picked":"SKIP","floor":47}],"player_experience":588014,"relics_obtained":[{"floor":6.0,"key":"Smiling Mask"},{"floor":9.0,"key":"Whetstone"},{"floor":23,"key":"Orichalcum"},{"floor":26,"key":"StoneCalendar"},{"floor":43,"key":"Omamori"}],"event_choices":[{"damage_healed":0.0,"max_hp_gain":0.0,"max_hp_loss":0.0,"gold_gain":0.0,"event_name":"Liars Game","player_choice":"Ignored","floor":4.0,"gold_loss":0.0,"damage_taken":0.0},{"damage_healed":0.0,"max_hp_gain":0.0,"max_hp_loss":0.0,"gold_gain":0.0,"event_name":"Golden Idol","player_choice":"Take Damage","floor":5.0,"gold_loss":0.0,"damage_taken":18.0,"relics_obtained":["Golden Idol"]},{"cards_removed":["Strike_B"],"damage_healed":0.0,"max_hp_gain":0.0,"max_hp_loss":0.0,"gold_gain":0.0,"event_name":"Golden Wing","player_choice":"Card Removal","floor":11.0,"gold_loss":0.0,"damage_taken":7.0},{"damage_healed":0.0,"max_hp_gain":0.0,"max_hp_loss":0.0,"gold_gain":75.0,"event_name":"FaceTrader","player_choice":"Touch","floor":14.0,"gold_loss":0.0,"damage_taken":7.0},{"damage_healed":0,"gold_gain":0,"player_choice":"Obtained Relic","damage_taken":0,"relics_obtained":["PreservedInsect"],"max_hp_gain":0,"max_hp_loss":0,"event_name":"Addict","floor":22,"gold_loss":85},{"damage_healed":0,"gold_gain":0,"player_choice":"Ignored","damage_taken":0,"max_hp_gain":0,"max_hp_loss":0,"event_name":"Cursed Tome","floor":27,"gold_loss":0},{"damage_healed":0,"gold_gain":0,"player_choice":"Ignored","damage_taken":0,"max_hp_gain":0,"max_hp_loss":0,"event_name":"Vampires","floor":28,"gold_loss":0},{"damage_healed":0,"gold_gain":0,"player_choice":"Inject Mutagens","damage_taken":0,"relics_obtained":["MutagenicStrength"],"max_hp_gain":0,"max_hp_loss":0,"event_name":"Drug Dealer","floor":30,"gold_loss":0},{"cards_removed":["Undo"],"damage_healed":0,"gold_gain":0,"player_choice":"Took Card","damage_taken":0,"max_hp_gain":0,"max_hp_loss":0,"event_name":"NoteForYourself","floor":38,"gold_loss":0,"cards_obtained":["Iron Wave"]},{"damage_healed":0,"gold_gain":0,"player_choice":"Copied","damage_taken":0,"max_hp_gain":0,"max_hp_loss":0,"event_name":"Duplicator","floor":48,"gold_loss":0,"cards_obtained":["Gash"]}],"is_beta":false,"boss_relics":[{"not_picked":["Inserter","Nuclear Battery"],"picked":"Runic Dome"},{"not_picked":["Velvet Choker","Pandora\u0027s Box"],"picked":"White Beast Statue"}],"items_purged_floors":[2,10,19,25,37,39,41],"is_endless":false,"potions_floor_spawned":[6,8,13,16,18,21,23,35,36,44,45,47],"ascension_level":0}