{"gold_per_floor":[114,127,87,99,115,143,143,143,189,189,25,64,76,263,275,287],"floor_reached":16,"playtime":831,"items_purged":[],"score":146,"play_id":"c835e45c-7b70-4b37-8f1e-70a899f38a63","local_time":"20190727160232","is_ascension_mode":true,"campfire_choices":[{"floor":8,"key":"REST"},{"data":"Dodge and Roll","floor":10,"key":"SMITH"},{"floor":13,"key":"REST"},{"data":"Crippling Poison","floor":15,"key":"SMITH"}],"neow_cost":"PERCENT_DAMAGE","seed_source_timestamp":290335280564804,"circlet_count":0,"master_deck":["Strike_G","Strike_G","Strike_G","Strike_G","Strike_G+1","Defend_G","Defend_G","Defend_G","Defend_G","Defend_G","Survivor","Neutralize","Corpse Explosion","Dodge and Roll+1","PiercingWail","Cloak And Dagger","Blade Dance","Quick Slash+1","Crippling Poison+1","Panacea","Distraction","Doubt"],"relics":["Ring of the Snake","Paper Crane","Golden Idol","Whetstone","MawBank"],"potions_floor_usage":[5,6,6,16],"damage_taken":[{"damage":0,"enemies":"Small Slimes","floor":1,"turns":3},{"damage":0,"enemies":"Cultist","floor":2,"turns":4},{"damage":0,"enemies":"Jaw Worm","floor":4,"turns":5},{"damage":4,"enemies":"Gremlin Gang","floor":5,"turns":3},{"damage":22,"enemies":"Lagavulin","floor":6,"turns":8},{"damage":21,"enemies":"Gremlin Nob","floor":12,"turns":5},{"damage":36,"enemies":"The Guardian","floor":16,"turns":13}],"seed_played":"-5538297443676111448","potions_obtained":[{"floor":3,"key":"Block Potion"},{"floor":3,"key":"Block Potion"},{"floor":3,"key":"SmokeBomb"},{"floor":5,"key":"SkillPotion"},{"floor":12,"key":"Swift Potion"}],"is_trial":false,"path_per_floor":["M","M","?","M","M","E","?","R","T","R","$","E","R","?","R","B"],"character_chosen":"THE_SILENT","items_purchased":["Crippling Poison","Panacea"],"campfire_rested":2,"item_purchase_floors":[11,11],"current_hp_per_floor":[45,45,45,45,41,19,19,38,38,38,38,17,36,36,36,0],"gold":287,"neow_bonus":"THREE_RARE_CARDS","is_prod":false,"is_daily":false,"chose_seed":false,"campfire_upgraded":2,"win_rate":0,"timestamp":1564268552,"path_taken":["M","M","?","?","M","E","?","R","T","R","$","E","R","?","R","BOSS"],"build_version":"2019-07-17","purchased_purges":0,"victory":false,"max_hp_per_floor":[70,70,70,70,70,70,65,65,65,65,65,65,65,65,65,65],"card_choices":[{"not_picked":["Phantasmal Killer","Venomology"],"picked":"Corpse Explosion","floor":0},{"not_picked":["Deflect","Accuracy"],"picked":"Dodge and Roll","floor":1},{"not_picked":["Acrobatics","Unload"],"picked":"PiercingWail","floor":2},{"not_picked":["Expertise","Quick Slash"],"picked":"Cloak And Dagger","floor":4},{"not_picked":["Deflect","Prepared"],"picked":"Blade Dance","floor":5},{"not_picked":["Acrobatics","Prepared"],"picked":"Quick Slash","floor":6},{"not_picked":["Riddle With Holes","Prepared"],"picked":"Distraction","floor":12}],"player_experience":399526,"relics_obtained":[{"floor":6,"key":"Paper Crane"},{"floor":9,"key":"Whetstone"},{"floor":12,"key":"MawBank"}],"event_choices":[{"damage_healed":0,"gold_gain":0,"player_choice":"Bought 3 Potions","damage_taken":0,"max_hp_gain":0,"max_hp_loss":0,"event_name":"The Woman in Blue","floor":3,"gold_loss":0},{"damage_healed":0,"gold_gain":0,"player_choice":"Lose Max HP","damage_taken":0,"relics_obtained":["Golden Idol"],"max_hp_gain":0,"max_hp_loss":5,"event_name":"Golden Idol","floor":7,"gold_loss":0},{"damage_healed":0,"gold_gain":175,"player_choice":"AGREE","damage_taken":0,"max_hp_gain":0,"max_hp_loss":0,"event_name":"Liars Game","floor":14,"gold_loss":0,"cards_obtained":["Doubt"]}],"is_beta":false,"boss_relics":[],"items_purged_floors":[],"is_endless":false,"potions_floor_spawned":[5,12],"killed_by":"The Guardian","ascension_level":7}