{"gold_per_floor":[116,4,20,40,56,56,8,8,62,90,109,136,152,152,152,251,251,264,274,286,186,186],"floor_reached":22,"playtime":1504,"items_purged":["Strike_G","Strike_G"],"score":228,"play_id":"cb59305d-802c-4e06-aca8-f1c3db635fcb","local_time":"20181016154937","is_ascension_mode":true,"campfire_choices":[{"data":"Envenom","floor":6,"key":"SMITH"},{"data":"Footwork","floor":8,"key":"SMITH"},{"floor":15,"key":"REST"}],"neow_cost":"","seed_source_timestamp":276334192825890,"circlet_count":0,"master_deck":["Defend_G","Defend_G","Defend_G","Defend_G","Defend_G","Strike_G+1","Strike_G","Strike_G","Survivor","Neutralize","Poisoned Stab","Footwork+1","Dagger Spray","Sucker Punch","Envenom+1","Dagger Spray","Dash+1","Acrobatics","Venomology","Backflip","Night Terror"],"relics":["Ring of the Snake","Bag of Preparation","Regal Pillow","Dead Branch","Snecko Eye"],"potions_floor_usage":[10,12,13,18,18,19,20,20],"damage_taken":[{"damage":0,"enemies":"Cultist","floor":1,"turns":4},{"damage":0,"enemies":"2 Louse","floor":3,"turns":2},{"damage":8,"enemies":"Small Slimes","floor":4,"turns":4},{"damage":8,"enemies":"Red Slaver","floor":5,"turns":5},{"damage":6,"enemies":"Gremlin Nob","floor":10,"turns":5},{"damage":0,"enemies":"Looter","floor":11,"turns":4},{"damage":8,"enemies":"Lagavulin","floor":12,"turns":7},{"damage":3,"enemies":"Large Slime","floor":13,"turns":5},{"damage":16,"enemies":"Hexaghost","floor":16,"turns":10},{"damage":6,"enemies":"2 Thieves","floor":18,"turns":4},{"damage":1,"enemies":"Shell Parasite","floor":19,"turns":7},{"damage":43,"enemies":"Snake Plant","floor":20,"turns":7},{"damage":37,"enemies":"Shelled Parasite and Fungi","floor":22,"turns":4}],"seed_played":"5138140003854823653","potions_obtained":[{"floor":5,"key":"Block Potion"},{"floor":10,"key":"GhostInAJar"},{"floor":12,"key":"Weak Potion"},{"floor":13,"key":"Explosive Potion"},{"floor":16,"key":"Block Potion"},{"floor":19,"key":"FearPotion"},{"floor":20,"key":"Ancient Potion"}],"is_trial":false,"path_per_floor":["M","$","M","M","M","R","$","R","T","E","M","E","M","?","R","B",null,"M","M","M","$"],"character_chosen":"THE_SILENT","items_purchased":["Footwork","Dagger Spray"],"campfire_rested":1,"item_purchase_floors":[2,7],"current_hp_per_floor":[70,70,70,62,54,54,54,54,54,48,48,40,37,23,59,43,70,64,63,20,20,0],"gold":186,"neow_bonus":"","is_prod":false,"is_daily":false,"chose_seed":false,"campfire_upgraded":2,"win_rate":0,"timestamp":1539719377,"path_taken":["M","$","M","M","M","R","$","R","T","E","M","E","M","?","R","BOSS","M","M","M","$","M"],"build_version":"2018-10-11","purchased_purges":2,"victory":false,"max_hp_per_floor":[70,70,70,70,70,70,70,70,70,70,70,70,70,70,70,70,70,70,70,70,70,70],"card_choices":[{"not_picked":["Slice","Quick Slash"],"picked":"Poisoned Stab","floor":1},{"not_picked":["Accuracy","Quick Slash"],"picked":"Dagger Spray","floor":3},{"not_picked":["Tactician","Outmaneuver"],"picked":"Sucker Punch","floor":4},{"not_picked":["Poisoned Stab","Calculated Gamble"],"picked":"Envenom","floor":5},{"not_picked":["Poisoned Stab","Dagger Throw"],"picked":"Dash","floor":10},{"not_picked":["Footwork","Outmaneuver","Distraction"],"picked":"SKIP","floor":11},{"not_picked":["Footwork","Outmaneuver","Distraction"],"picked":"SKIP","floor":11},{"not_picked":["Deadly Poison","PiercingWail","Backstab"],"picked":"SKIP","floor":12},{"not_picked":["Dagger Spray","Slice"],"picked":"Acrobatics","floor":13},{"not_picked":["Doppelganger","Burst"],"picked":"Venomology","floor":16},{"not_picked":["Deadly Poison","Dagger Throw"],"picked":"Backflip","floor":18},{"not_picked":["Flying Knee","Quick Slash","Acrobatics"],"picked":"SKIP","floor":19},{"not_picked":["Bane","Dagger Spray+1"],"picked":"Night Terror","floor":20}],"player_experience":506883,"relics_obtained":[{"floor":9,"key":"Bag of Preparation"},{"floor":10,"key":"Regal Pillow"},{"floor":12,"key":"Dead Branch"}],"event_choices":[{"event_name":"Shining Light","player_choice":"Entered Light","floor":14,"damage_taken":0}],"is_beta":false,"boss_relics":[{"not_picked":["Astrolabe","Runic Pyramid"],"picked":"Snecko Eye"}],"items_purged_floors":[2,21],"is_endless":false,"potions_floor_spawned":[5,10,12,13,16,19,20],"killed_by":"Shelled Parasite and Fungi","ascension_level":3}