{"gold_per_floor":[12,12,29,29,29,68,93,93,116,128,161,211,0,18,18,147,147,162,162,185,199,299,364,364,402,402,425,425],"floor_reached":28,"playtime":1691,"items_purged":[],"score":308,"play_id":"a228c607-e0a4-4bc9-b0e2-293677d6ea7d","local_time":"20190707023820","is_ascension_mode":true,"campfire_choices":[{"floor":10,"key":"REST"},{"floor":15,"key":"REST"},{"floor":24,"key":"REST"}],"neow_cost":"NO_GOLD","seed_source_timestamp":121256316273768,"circlet_count":0,"master_deck":["Strike_G","Strike_G","Strike_G","Defend_G","Defend_G","Defend_G","Defend_G","Defend_G","Survivor","Neutralize+1","Flying Knee","Crippling Poison+1","Noxious Fumes+1","Bouncing Flask","All Out Attack","Bouncing Flask","Poisoned Stab","Corpse Explosion","Noxious Fumes","Crippling Poison","Malaise","Calculated Gamble","Endless Agony+1","Sucker Punch+1","Poisoned Stab+1","Poisoned Stab","Outmaneuver"],"relics":["Ring of the Snake","Golden Idol","Boot","Matryoshka","Happy Flower","MawBank","Vajra","Strawberry","Eternal Feather","Ancient Tea Set","Tiny Chest","Pocketwatch","Bag of Preparation","Darkstone Periapt"],"potions_floor_usage":[16,16,21,27],"damage_taken":[{"damage":0,"enemies":"Jaw Worm","floor":1,"turns":5},{"damage":0,"enemies":"Cultist","floor":3,"turns":4},{"damage":7,"enemies":"Lagavulin","floor":6,"turns":5},{"damage":0,"enemies":"2 Louse","floor":7,"turns":2},{"damage":1,"enemies":"2 Fungi Beasts","floor":11,"turns":4},{"damage":19,"enemies":"3 Sentries","floor":12,"turns":6},{"damage":5,"enemies":"Red Slaver","floor":14,"turns":3},{"damage":42,"enemies":"Slime Boss","floor":16,"turns":9},{"damage":0,"enemies":"Spheric Guardian","floor":18,"turns":3},{"damage":26,"enemies":"2 Thieves","floor":20,"turns":3},{"damage":14,"enemies":"Centurion and Healer","floor":21,"turns":6},{"damage":29,"enemies":"Slavers","floor":23,"turns":3},{"damage":34,"enemies":"Book of Stabbing","floor":25,"turns":5},{"damage":8,"enemies":"Chosen and Byrds","floor":27,"turns":4},{"damage":10,"enemies":"Slavers","floor":28,"turns":1}],"seed_played":"-2673663283394542255","potions_obtained":[{"floor":1,"key":"SteroidPotion"},{"floor":6,"key":"FearPotion"},{"floor":7,"key":"GhostInAJar"},{"floor":11,"key":"Poison Potion"},{"floor":20,"key":"SkillPotion"},{"floor":25,"key":"LiquidBronze"},{"floor":27,"key":"SteroidPotion"}],"is_trial":false,"path_per_floor":["M","?","M","?","?","E","M","?","T","R","M","E","$","M","R","B",null,"M","?","M","M","?","E","R","E","T","M","E"],"character_chosen":"THE_SILENT","items_purchased":["Strawberry","Noxious Fumes"],"campfire_rested":3,"item_purchase_floors":[13,13],"current_hp_per_floor":[70,70,70,53,39,32,32,20,20,41,40,21,28,23,46,4,77,77,77,51,37,37,8,46,12,12,4,0],"gold":425,"neow_bonus":"TRANSFORM_TWO_CARDS","is_prod":false,"is_daily":false,"chose_seed":false,"campfire_upgraded":0,"win_rate":0,"timestamp":1562492300,"path_taken":["M","?","?","?","?","E","M","?","T","R","M","E","$","M","R","BOSS","M","?","M","?","?","E","R","E","T","M","E"],"build_version":"2019-07-05","purchased_purges":0,"victory":false,"max_hp_per_floor":[70,70,70,70,70,70,70,70,70,70,70,70,77,77,77,77,77,77,77,77,77,77,77,77,77,77,77,77],"card_choices":[{"not_picked":["Dagger Throw","PiercingWail"],"picked":"Noxious Fumes","floor":1},{"not_picked":["Flying Knee","Masterful Stab"],"picked":"Bouncing Flask","floor":3},{"not_picked":["Deadly Poison","Slice"],"picked":"All Out Attack","floor":6},{"not_picked":["Riddle With Holes","Sucker Punch"],"picked":"Bouncing Flask","floor":7},{"not_picked":["Deadly Poison","Sucker Punch"],"picked":"Poisoned Stab","floor":11},{"not_picked":["Dagger Spray","Flechettes"],"picked":"Corpse Explosion","floor":12},{"not_picked":["Eviscerate","Underhanded Strike"],"picked":"Crippling Poison","floor":14},{"not_picked":["Unload","Corpse Explosion"],"picked":"Malaise","floor":16},{"not_picked":["Accuracy","Deadly Poison"],"picked":"Calculated Gamble","floor":18},{"not_picked":["Dagger Throw+1","Blade Dance+1"],"picked":"Endless Agony+1","floor":20},{"not_picked":["Flying Knee","Blade Dance"],"picked":"Sucker Punch+1","floor":21},{"not_picked":["Flying Knee","Phantasmal Killer"],"picked":"Poisoned Stab+1","floor":23},{"not_picked":["Sucker Punch+1","Underhanded Strike"],"picked":"Poisoned Stab","floor":25},{"not_picked":["Cloak And Dagger+1","Dodge and Roll"],"picked":"Outmaneuver","floor":27}],"player_experience":212357,"relics_obtained":[{"floor":6,"key":"Boot"},{"floor":9,"key":"Happy Flower"},{"floor":9,"key":"MawBank"},{"floor":12,"key":"Vajra"},{"floor":23,"key":"Tiny Chest"},{"floor":25,"key":"Pocketwatch"},{"floor":26,"key":"Bag of Preparation"},{"floor":26,"key":"Darkstone Periapt"}],"event_choices":[{"damage_healed":0,"gold_gain":0,"player_choice":"Forge","damage_taken":0,"max_hp_gain":0,"max_hp_loss":0,"event_name":"Accursed Blacksmith","floor":2,"gold_loss":0,"cards_upgraded":["Noxious Fumes"]},{"damage_healed":0,"gold_gain":0,"player_choice":"Take Damage","damage_taken":17,"relics_obtained":["Golden Idol"],"max_hp_gain":0,"max_hp_loss":0,"event_name":"Golden Idol","floor":4,"gold_loss":0},{"damage_healed":0,"gold_gain":0,"player_choice":"Entered Light","damage_taken":14,"max_hp_gain":0,"max_hp_loss":0,"event_name":"Shining Light","floor":5,"gold_loss":0,"cards_upgraded":["Crippling Poison","Neutralize"]},{"damage_healed":0,"gold_gain":0,"player_choice":"Success","damage_taken":12,"relics_obtained":["Matryoshka"],"max_hp_gain":0,"max_hp_loss":0,"event_name":"Scrap Ooze","floor":8,"gold_loss":0},{"damage_healed":0,"gold_gain":0,"player_choice":"Gave Potion","damage_taken":0,"relics_obtained":["Ancient Tea Set"],"max_hp_gain":0,"max_hp_loss":0,"event_name":"WeMeetAgain","floor":19,"gold_loss":0},{"damage_healed":0,"gold_gain":100,"player_choice":"Pray","damage_taken":0,"max_hp_gain":0,"max_hp_loss":0,"event_name":"Golden Shrine","floor":22,"gold_loss":0}],"is_beta":false,"boss_relics":[{"not_picked":["Velvet Choker","White Beast Statue"],"picked":"Eternal Feather"}],"items_purged_floors":[],"is_endless":false,"potions_floor_spawned":[1,6,7,11,20,25,27],"killed_by":"Slavers","ascension_level":3}