{"gold_per_floor":[118,118,293,46,46,46,81,81,81,114,127,138,148,98,98,172,172,172,97,97,97,97,97,97,12,12,12,12,12,12,12,12,12],"floor_reached":33,"playtime":1567,"items_purged":["Doubt"],"score":520,"play_id":"776bfcf9-6f02-49fb-ae21-9d755ab47abb","local_time":"20181005010222","is_ascension_mode":true,"campfire_choices":[{"data":"Flex","floor":6.0,"key":"SMITH"},{"data":"Limit Break","floor":8.0,"key":"SMITH"},{"data":"True Grit","floor":15.0,"key":"SMITH"},{"data":"Inflame","floor":23.0,"key":"SMITH"},{"floor":28.0,"key":"REST"},{"data":"True Grit","floor":32.0,"key":"SMITH"}],"neow_cost":"NONE","seed_source_timestamp":2016074977121309,"circlet_count":0,"master_deck":["Strike_R","Strike_R","Strike_R","Defend_R","Defend_R","Defend_R","Defend_R","Bash","AscendersBane","Whirlwind+1","Flex+1","Limit Break+1","Inflame+1","True Grit+1","Shockwave","Battle Trance","Flame Barrier+1","True Grit+1"],"special_seed":0,"relics":["Burning Blood","Dream Catcher","Mango","Pear","Ectoplasm","SsserpentHead","Oddly Smooth Stone","Meat on the Bone","Pocketwatch"],"potions_floor_usage":[],"damage_taken":[{"damage":5.0,"enemies":"Cultist","floor":1.0,"turns":5.0},{"damage":40.0,"enemies":"Lagavulin","floor":7.0,"turns":6.0},{"damage":10.0,"enemies":"3 Sentries","floor":10.0,"turns":6.0},{"damage":2.0,"enemies":"2 Louse","floor":11.0,"turns":2.0},{"damage":12.0,"enemies":"Jaw Worm","floor":12.0,"turns":3.0},{"damage":0.0,"enemies":"2 Fungi Beasts","floor":13.0,"turns":2.0},{"damage":45.0,"enemies":"The Guardian","floor":16.0,"turns":13.0},{"damage":8.0,"enemies":"3 Byrds","floor":18.0,"turns":4.0},{"damage":30.0,"enemies":"Shell Parasite","floor":22.0,"turns":4.0},{"damage":12.0,"enemies":"Snake Plant","floor":24.0,"turns":3.0},{"damage":35.0,"enemies":"Book of Stabbing","floor":27.0,"turns":5.0},{"damage":50.0,"enemies":"Sentry and Sphere","floor":29.0,"turns":7.0},{"damage":4.0,"enemies":"3 Cultists","floor":30.0,"turns":4.0},{"damage":0.0,"enemies":"Snecko","floor":31.0,"turns":3.0},{"damage":72,"enemies":"Collector","floor":33,"turns":6}],"seed_played":"860472401563381801","potions_obtained":[{"floor":0.0,"key":"Fire Potion"},{"floor":0.0,"key":"FearPotion"},{"floor":7.0,"key":"Block Potion"},{"floor":11.0,"key":"Explosive Potion"},{"floor":13.0,"key":"Dexterity Potion"},{"floor":18.0,"key":"Poison Potion"},{"floor":24.0,"key":"EntropicBrew"},{"floor":27.0,"key":"Poison Potion"}],"is_trial":false,"path_per_floor":["M","?","?","$","$","R","E","R","T","E","M","M","M","?","R","B",null,"M","?","?","?","M","R","M","?","T","E","R","M","M","M","R"],"character_chosen":"IRONCLAD","items_purchased":["Flex","Limit Break"],"campfire_rested":1,"item_purchase_floors":[4,4],"current_hp_per_floor":[73,73,73,73,73,73,39,39,53,59,63,57,63,63,63,24,84,82,82,82,82,58,58,52,52,52,35,66,34,48,66,66,0],"gold":12,"neow_bonus":"THREE_SMALL_POTIONS","is_prod":false,"is_daily":false,"chose_seed":false,"campfire_upgraded":5,"win_rate":0,"timestamp":1538715742,"path_taken":["M","?","?","?","$","R","E","R","T","E","M","M","M","?","R","BOSS","M","?","?","?","M","R","?","?","T","E","R","M","?","M","R","BOSS"],"build_version":"2018-10-04","purchased_purges":1,"victory":false,"max_hp_per_floor":[80,80,80,80,80,80,80,80,94,104,104,104,104,104,104,104,104,104,104,104,104,104,104,104,104,104,104,104,104,104,104,104,104],"card_choices":[{"not_picked":["Sword Boomerang","Disarm"],"picked":"Whirlwind","floor":1.0},{"not_picked":["Seeing Red","Flex","Rupture"],"picked":"SKIP","floor":7.0},{"not_picked":["Berserk","Dropkick","Twin Strike"],"picked":"SKIP","floor":10.0},{"not_picked":["Sword Boomerang","Intimidate","Infernal Blade"],"picked":"SKIP","floor":11.0},{"not_picked":["Feel No Pain","Wild Strike"],"picked":"Inflame","floor":12.0},{"not_picked":["Shrug It Off","Corruption"],"picked":"True Grit","floor":13.0},{"not_picked":["Perfected Strike","Rupture","Sentinel"],"picked":"SKIP","floor":18.0},{"not_picked":["Wild Strike","Uppercut"],"picked":"Shockwave","floor":22.0},{"not_picked":["Body Slam","Power Through","Clash"],"picked":"SKIP","floor":24.0},{"not_picked":["Berserk","Clothesline"],"picked":"Battle Trance","floor":27.0},{"not_picked":["True Grit","Carnage"],"picked":"Flame Barrier+1","floor":29.0},{"not_picked":["Clash","Clothesline"],"picked":"True Grit","floor":30.0},{"not_picked":["Cleave","Clothesline","Rampage"],"picked":"SKIP","floor":31.0}],"player_experience":453143,"relics_obtained":[{"floor":7.0,"key":"Dream Catcher"},{"floor":9.0,"key":"Mango"},{"floor":10.0,"key":"Pear"},{"floor":26.0,"key":"Meat on the Bone"},{"floor":27.0,"key":"Pocketwatch"}],"event_choices":[{"event_name":"Living Wall","player_choice":"Grow","floor":2.0,"damage_taken":0.0},{"event_name":"Liars Game","player_choice":"agreed","floor":3.0,"damage_taken":0.0},{"event_name":"The Cleric","player_choice":"Card Removal","floor":14.0,"damage_taken":0.0},{"event_name":"Beggar","player_choice":"Gave Gold","floor":19.0,"damage_taken":0.0},{"event_name":"FaceTrader","player_choice":"Trade","floor":20.0,"damage_taken":0.0},{"event_name":"The Mausoleum","player_choice":"No","floor":21.0,"damage_taken":0.0},{"event_name":"Addict","player_choice":"Obtained Relic","floor":25.0,"damage_taken":0.0}],"is_beta":false,"boss_relics":[{"not_picked":["Orrery","Black Star"],"picked":"Ectoplasm"}],"items_purged_floors":[4],"is_endless":false,"potions_floor_spawned":[7,11,13,18,24,27],"killed_by":"Collector","ascension_level":13}