{"gold_per_floor":[216,227,243,243,193,193,210,238,238,238,42,68,68,79,79,174,174,174,174,174,24,24,24,24,24,24,24,24,24,24,24,24,24,24,24,24,24,24,24,24,24,24,24,24,24,24,24,24,24,24],"floor_reached":51,"playtime":1654,"items_purged":["Strike_R+1"],"score":704,"play_id":"3d56009b-2a7a-4c1e-8727-20348d8391f4","local_time":"20190801170347","is_ascension_mode":false,"campfire_choices":[{"data":"Whirlwind","floor":6,"key":"SMITH"},{"data":"True Grit","floor":10,"key":"SMITH"},{"data":"Whirlwind","floor":15,"key":"SMITH"},{"data":"True Grit","floor":23,"key":"SMITH"},{"data":"Feed","floor":25,"key":"SMITH"},{"data":"Demon Form","floor":30,"key":"SMITH"},{"data":"Shrug It Off","floor":32,"key":"SMITH"},{"data":"Heavy Blade","floor":40,"key":"SMITH"},{"data":"Immolate","floor":49,"key":"SMITH"}],"neow_cost":"NONE","seed_source_timestamp":110261046188869,"circlet_count":0,"master_deck":["Strike_R+1","Strike_R+1","Strike_R+1","Defend_R+1","Defend_R+1","Defend_R+1","Defend_R+1","Bash+1","Thunderclap","Immolate+1","Whirlwind+1","True Grit+1","Demon Form+1","Whirlwind+1","True Grit+1","Ghostly Armor+1","Ghostly Armor+1","Shrug It Off+1","Offering+1","Heavy Blade+1","Flame Barrier+1"],"relics":["Burning Blood","Blood Vial","Regal Pillow","Chemical X","Mummified Hand","Ectoplasm","Question Card","Tiny Chest","Velvet Choker","War Paint","Magic Flower"],"potions_floor_usage":[8,16,24,33,50,50,50],"damage_taken":[{"damage":1,"enemies":"2 Louse","floor":1,"turns":4},{"damage":1,"enemies":"Jaw Worm","floor":2,"turns":5},{"damage":0,"enemies":"Cultist","floor":3,"turns":2},{"damage":6,"enemies":"Blue Slaver","floor":7,"turns":4},{"damage":6,"enemies":"Gremlin Nob","floor":8,"turns":3},{"damage":9,"enemies":"Lagavulin","floor":12,"turns":5},{"damage":1,"enemies":"2 Fungi Beasts","floor":14,"turns":2},{"damage":34,"enemies":"The Guardian","floor":16,"turns":9},{"damage":7,"enemies":"Shell Parasite","floor":18,"turns":2},{"damage":0,"enemies":"Spheric Guardian","floor":22,"turns":3},{"damage":22,"enemies":"Gremlin Leader","floor":24,"turns":5},{"damage":2,"enemies":"Chosen and Byrds","floor":28,"turns":3},{"damage":0,"enemies":"Cultist and Chosen","floor":29,"turns":3},{"damage":0,"enemies":"Snecko","floor":31,"turns":4},{"damage":14,"enemies":"Automaton","floor":33,"turns":6},{"damage":10,"enemies":"3 Shapes","floor":35,"turns":3},{"damage":6,"enemies":"3 Darklings","floor":37,"turns":2},{"damage":6,"enemies":"Sphere and 2 Shapes","floor":39,"turns":3},{"damage":6,"enemies":"Writhing Mass","floor":44,"turns":4},{"damage":15,"enemies":"Transient","floor":45,"turns":5},{"damage":6,"enemies":"Spire Growth","floor":46,"turns":4},{"damage":16,"enemies":"Writhing Mass","floor":47,"turns":4},{"damage":21,"enemies":"Time Eater","floor":50,"turns":7}],"seed_played":"-2549146515864393419","potions_obtained":[{"floor":3,"key":"Energy Potion"},{"floor":7,"key":"PowerPotion"},{"floor":14,"key":"PowerPotion"},{"floor":18,"key":"Poison Potion"},{"floor":29,"key":"AttackPotion"},{"floor":31,"key":"Ancient Potion"},{"floor":33,"key":"Strength Potion"},{"floor":46,"key":"PowerPotion"}],"is_trial":false,"path_per_floor":["M","M","M","?","?","R","M","E","T","R","$","E","$","M","R","B",null,"M","?","?","$","M","R","E","R","T","$","M","M","R","M","R","B",null,"M","?","M","$","M","R","T","?","T","M","M","M","M","?","R","B",null],"character_chosen":"IRONCLAD","items_purchased":["Chemical X","Ghostly Armor"],"campfire_rested":0,"item_purchase_floors":[11,21],"current_hp_per_floor":[80,80,80,64,64,64,64,64,64,64,64,63,63,70,70,44,80,79,79,79,79,80,80,64,64,64,64,70,82,82,84,84,76,84,84,84,86,86,88,88,88,88,88,88,82,88,81,81,81,72],"gold":24,"neow_bonus":"HUNDRED_GOLD","is_prod":false,"is_daily":false,"chose_seed":false,"campfire_upgraded":9,"win_rate":0,"timestamp":1564693427,"path_taken":["M","M","M","?","?","R","M","E","T","R","?","E","$","?","R","BOSS","M","?","?","?","M","R","E","R","T","$","?","M","R","M","R","BOSS","M","?","?","$","M","R","?","?","T","M","?","M","M","?","R","BOSS"],"build_version":"2019-07-17","purchased_purges":1,"victory":true,"max_hp_per_floor":[80,80,80,80,80,80,80,80,80,80,80,80,80,80,80,80,80,80,80,80,80,80,80,80,80,80,80,80,84,84,84,84,84,84,88,88,88,88,88,88,88,88,88,88,88,88,88,88,88,88],"card_choices":[{"not_picked":["Havoc","Reckless Charge"],"picked":"Thunderclap","floor":1},{"not_picked":["Sword Boomerang","Burning Pact"],"picked":"Immolate","floor":2},{"not_picked":["Clothesline","Flex"],"picked":"Whirlwind","floor":3},{"not_picked":["Warcry","Dual Wield"],"picked":"True Grit","floor":7},{"not_picked":["Iron Wave","Wild Strike"],"picked":"Demon Form","floor":8},{"not_picked":["Sword Boomerang","Pommel Strike"],"picked":"Whirlwind","floor":12},{"not_picked":["Headbutt","Flex","Entrench"],"picked":"SKIP","floor":14},{"not_picked":["Limit Break","Exhume"],"picked":"Feed","floor":16},{"not_picked":["Flex","Dropkick+1"],"picked":"True Grit","floor":18},{"not_picked":["Cleave","Headbutt","Second Wind+1"],"picked":"SKIP","floor":22},{"not_picked":["Body Slam","Flex","Searing Blow"],"picked":"SKIP","floor":24},{"not_picked":["Reckless Charge+1","Clash","Clothesline"],"picked":"Ghostly Armor+1","floor":28},{"not_picked":["Rampage","Havoc+1","Searing Blow","Twin Strike+1"],"picked":"SKIP","floor":29},{"not_picked":["Corruption+1","Dual Wield+1","Cleave"],"picked":"Shrug It Off","floor":31},{"not_picked":["Exhume","Immolate","Feed"],"picked":"Offering","floor":33},{"not_picked":["Sever Soul+1","True Grit","Carnage+1"],"picked":"Heavy Blade","floor":35},{"not_picked":["Thunderclap+1","Clash","Pommel Strike","Bloodletting+1"],"picked":"SKIP","floor":37},{"not_picked":["Anger","Dropkick+1","Clash+1"],"picked":"Flame Barrier+1","floor":39},{"not_picked":["Rupture","Flex","Clothesline+1","Inflame"],"picked":"SKIP","floor":44},{"not_picked":["Power Through","Wild Strike","Pommel Strike","Sword Boomerang+1"],"picked":"SKIP","floor":45},{"not_picked":["Feed","Rupture+1","Sentinel+1","Perfected Strike"],"picked":"SKIP","floor":46},{"not_picked":["Searing Blow+1","Pommel Strike+1","Cleave+1","Wild Strike+1"],"picked":"SKIP","floor":47}],"player_experience":945164,"relics_obtained":[{"floor":8,"key":"Blood Vial"},{"floor":9,"key":"Regal Pillow"},{"floor":12,"key":"Mummified Hand"},{"floor":24,"key":"Question Card"},{"floor":26,"key":"Tiny Chest"},{"floor":41,"key":"War Paint"},{"floor":43,"key":"Magic Flower"}],"event_choices":[{"damage_healed":0,"gold_gain":0,"player_choice":"Entered Light","damage_taken":16,"max_hp_gain":0,"max_hp_loss":0,"event_name":"Shining Light","floor":4,"gold_loss":0,"cards_upgraded":["Bash","Strike_R"]},{"cards_removed":["Strike_R"],"damage_healed":0,"gold_gain":0,"player_choice":"Card Removal","damage_taken":0,"max_hp_gain":0,"max_hp_loss":0,"event_name":"The Cleric","floor":5,"gold_loss":50},{"damage_healed":0,"gold_gain":0,"player_choice":"Ignored","damage_taken":0,"max_hp_gain":0,"max_hp_loss":0,"event_name":"The Mausoleum","floor":19,"gold_loss":0},{"damage_healed":0,"gold_gain":0,"player_choice":"Simplicity","damage_taken":0,"max_hp_gain":0,"max_hp_loss":0,"event_name":"Back to Basics","floor":20,"gold_loss":0,"cards_upgraded":["Strike_R","Strike_R","Strike_R","Defend_R","Defend_R","Defend_R","Defend_R"]},{"damage_healed":0,"gold_gain":0,"player_choice":"Ignored","damage_taken":0,"max_hp_gain":0,"max_hp_loss":0,"event_name":"NoteForYourself","floor":36,"gold_loss":0},{"cards_removed":["Feed"],"damage_healed":0,"gold_gain":0,"player_choice":"Removed Attack","damage_taken":0,"max_hp_gain":0,"max_hp_loss":0,"event_name":"Falling","floor":42,"gold_loss":0},{"damage_healed":0,"gold_gain":300,"player_choice":"Gold","damage_taken":0,"max_hp_gain":0,"max_hp_loss":0,"event_name":"Wheel of Change","floor":48,"gold_loss":0}],"is_beta":false,"boss_relics":[{"not_picked":["Pandora\u0027s Box","Astrolabe"],"picked":"Ectoplasm"},{"not_picked":["Snecko Eye","Black Star"],"picked":"Velvet Choker"}],"items_purged_floors":[21],"is_endless":false,"potions_floor_spawned":[3,7,14,18,29,31,33,44,45,46],"ascension_level":0}