{"gold_per_floor":[119,129,304,304,304,332,332,364,364,364,378,711,711,730,730,833,833,845,493,493,443,457,519,530,530,553,566,598,630,153,170,170,268,268,284,302,1301,1301,456,482,482,500,524,535,548,548,566,586,586,586],"floor_reached":51,"playtime":4376,"items_purged":["Doubt","Clumsy","Normality"],"score":1076,"play_id":"0f17eddb-babb-4893-a382-b88124f1dcb4","local_time":"20190727023115","is_ascension_mode":true,"campfire_choices":[{"data":"Noxious Fumes","floor":7,"key":"SMITH"},{"data":"Storm of Steel","floor":10,"key":"SMITH"},{"data":"Adrenaline","floor":13,"key":"SMITH"},{"floor":15,"key":"REST"},{"data":"After Image","floor":25,"key":"SMITH"},{"floor":32,"key":"REST"},{"data":"Accuracy","floor":46,"key":"SMITH"},{"floor":49,"key":"REST"}],"neow_cost":"NONE","seed_source_timestamp":238097677866089,"circlet_count":0,"master_deck":["Strike_G","Strike_G","Strike_G","Strike_G","Strike_G","Defend_G","Defend_G","Defend_G","Defend_G","Defend_G","Survivor","Neutralize","Backstab","Noxious Fumes+1","Storm of Steel+1","Dodge and Roll","Adrenaline+1","Poisoned Stab","After Image+1","Distraction","Footwork","Poisoned Stab","Leg Sweep+1","Blur","Noxious Fumes","Caltrops","Unload","Cloak And Dagger+1","Dodge and Roll+1","Normality","Accuracy+1","Venomology","Blade Dance+1","Normality","Blade Dance+1","Footwork+1"],"relics":["Ring of the Snake","NeowsBlessing","Gambling Chip","Letter Opener","Bag of Marbles","Shuriken","Old Coin","Cursed Key","PreservedInsect","Strawberry","Tiny Chest","Boot","Red Mask","Blood Vial","Happy Flower","Anchor","Black Star","Lee\u0027s Waffle","Potion Belt","Matryoshka","Ornamental Fan","Smiling Mask","GremlinMask","Pen Nib","Art of War"],"potions_floor_usage":[8,8,8,12,12,16,23,27,27,28,31,40,40,40,42,44,44,48,50,50,50,50,50],"damage_taken":[{"damage":0,"enemies":"Jaw Worm","floor":1,"turns":1},{"damage":0,"enemies":"Small Slimes","floor":2,"turns":1},{"damage":0,"enemies":"Gremlin Nob","floor":6,"turns":1},{"damage":16,"enemies":"Lagavulin","floor":8,"turns":7},{"damage":0,"enemies":"Cultist","floor":11,"turns":2},{"damage":17,"enemies":"3 Sentries","floor":12,"turns":7},{"damage":0,"enemies":"Blue Slaver","floor":14,"turns":1},{"damage":2,"enemies":"Slime Boss","floor":16,"turns":6},{"damage":2,"enemies":"3 Byrds","floor":18,"turns":5},{"damage":0,"enemies":"Shell Parasite","floor":22,"turns":5},{"damage":13,"enemies":"Slavers","floor":23,"turns":4},{"damage":7,"enemies":"Sentry and Sphere","floor":24,"turns":6},{"damage":5,"enemies":"Centurion and Healer","floor":27,"turns":7},{"damage":0,"enemies":"Masked Bandits","floor":28,"turns":2},{"damage":18,"enemies":"Gremlin Leader","floor":29,"turns":7},{"damage":1,"enemies":"Snecko","floor":31,"turns":6},{"damage":38,"enemies":"Collector","floor":33,"turns":11},{"damage":17,"enemies":"3 Darklings","floor":35,"turns":6},{"damage":0,"enemies":"Orb Walker","floor":36,"turns":4},{"damage":34,"enemies":"Reptomancer","floor":40,"turns":8},{"damage":0,"enemies":"Maw","floor":42,"turns":8},{"damage":0,"enemies":"Writhing Mass","floor":44,"turns":9},{"damage":11,"enemies":"Sphere and 2 Shapes","floor":45,"turns":5},{"damage":14,"enemies":"Jaw Worm Horde","floor":47,"turns":6},{"damage":0,"enemies":"Spire Growth","floor":48,"turns":5},{"damage":55,"enemies":"Awakened One","floor":50,"turns":14}],"seed_played":"3111998672440854551","potions_obtained":[{"floor":5,"key":"Weak Potion"},{"floor":5,"key":"Fruit Juice"},{"floor":5,"key":"FearPotion"},{"floor":8,"key":"GamblersBrew"},{"floor":11,"key":"SpeedPotion"},{"floor":12,"key":"Block Potion"},{"floor":14,"key":"AttackPotion"},{"floor":23,"key":"SteroidPotion"},{"floor":24,"key":"FairyPotion"},{"floor":27,"key":"Swift Potion"},{"floor":29,"key":"SteroidPotion"},{"floor":33,"key":"Poison Potion"},{"floor":36,"key":"Regen Potion"},{"floor":42,"key":"SkillPotion"},{"floor":44,"key":"FearPotion"},{"floor":48,"key":"GhostInAJar"}],"is_trial":false,"path_per_floor":["M","M","?","T","?","E","R","E","T","R","M","E","R","M","R","B",null,"M","$","?","?","M","E","M","R","T","M","?","E","$","M","R","B",null,"M","M","?","?","$","E","?","M","T","M","M","R","M","M","R","B",null],"character_chosen":"THE_SILENT","items_purchased":["Footwork","PreservedInsect","PowerPotion","Happy Flower","Anchor","Noxious Fumes","Accuracy","Lee\u0027s Waffle","Potion Belt","Matryoshka","Block Potion","AttackPotion"],"campfire_rested":3,"item_purchase_floors":[19,19,19,30,30,30,39,39,39,39,39,39],"current_hp_per_floor":[63,63,63,63,63,63,63,52,52,52,52,35,35,35,57,55,70,68,68,75,75,75,62,55,55,55,50,50,32,32,33,57,21,67,52,54,54,54,89,55,55,72,72,74,65,65,53,55,81,28],"gold":586,"neow_bonus":"THREE_ENEMY_KILL","is_prod":false,"is_daily":false,"chose_seed":false,"campfire_upgraded":5,"win_rate":0,"timestamp":1564219875,"path_taken":["M","M","?","?","?","E","R","E","T","R","M","E","R","?","R","BOSS","M","$","?","?","?","E","?","R","T","M","?","E","$","M","R","BOSS","M","M","?","?","$","E","?","M","T","?","M","R","M","?","R","BOSS"],"build_version":"2019-07-17","purchased_purges":3,"victory":true,"max_hp_per_floor":[70,70,70,70,70,70,70,75,75,75,75,75,75,75,75,75,75,75,75,82,82,82,82,82,82,82,82,82,82,82,82,82,82,82,82,82,82,82,89,89,89,89,89,89,89,89,89,89,89,89],"card_choices":[{"not_picked":["Acrobatics","Blade Dance"],"picked":"Cloak And Dagger","floor":1},{"not_picked":["Reflex","Outmaneuver"],"picked":"Backstab","floor":2},{"not_picked":["Deadly Poison","PiercingWail"],"picked":"Noxious Fumes","floor":6},{"not_picked":["Outmaneuver","Setup"],"picked":"Storm of Steel","floor":8},{"not_picked":["Prepared","Flying Knee"],"picked":"Dodge and Roll","floor":11},{"not_picked":["Setup","Die Die Die"],"picked":"Adrenaline","floor":12},{"not_picked":["Concentrate","Prepared"],"picked":"Poisoned Stab","floor":14},{"not_picked":["Tools of the Trade","Doppelganger"],"picked":"After Image","floor":16},{"not_picked":["PiercingWail","All Out Attack"],"picked":"Distraction","floor":18},{"not_picked":["Deadly Poison+1","Acrobatics+1"],"picked":"Poisoned Stab","floor":22},{"not_picked":["Crippling Poison","Outmaneuver"],"picked":"Leg Sweep+1","floor":23},{"not_picked":["Prepared+1","Well Laid Plans+1"],"picked":"Blur","floor":24},{"not_picked":["Dagger Throw","Backflip","Deadly Poison"],"picked":"SKIP","floor":27},{"not_picked":["Bullet Time","Flying Knee","Eviscerate"],"picked":"SKIP","floor":29},{"not_picked":["Bouncing Flask","Deflect+1"],"picked":"Caltrops","floor":31},{"not_picked":["Bullet Time","Grand Finale"],"picked":"Unload","floor":33},{"not_picked":["Quick Slash+1","Underhanded Strike+1"],"picked":"Cloak And Dagger+1","floor":35},{"not_picked":["PiercingWail","Outmaneuver"],"picked":"Dodge and Roll+1","floor":36},{"not_picked":["Underhanded Strike","Backflip"],"picked":"Venomology","floor":40},{"not_picked":["Acrobatics","Quick Slash+1"],"picked":"Blade Dance+1","floor":42},{"not_picked":["Bane","PiercingWail"],"picked":"Blade Dance+1","floor":44},{"not_picked":["Choke","Quick Slash","Flechettes+1"],"picked":"SKIP","floor":45},{"not_picked":["Quick Slash","Deadly Poison+1","Flying Knee"],"picked":"SKIP","floor":47},{"not_picked":["Dagger Spray+1","Flying Knee+1"],"picked":"Footwork+1","floor":48}],"player_experience":394788,"relics_obtained":[{"floor":4,"key":"Gambling Chip"},{"floor":6,"key":"Letter Opener"},{"floor":8,"key":"Bag of Marbles"},{"floor":9,"key":"Shuriken"},{"floor":12,"key":"Old Coin"},{"floor":23,"key":"Tiny Chest"},{"floor":26,"key":"Boot"},{"floor":28,"key":"Red Mask"},{"floor":29,"key":"Blood Vial"},{"floor":40,"key":"Ornamental Fan"},{"floor":40,"key":"Smiling Mask"},{"floor":43,"key":"Pen Nib"},{"floor":43,"key":"Art of War"}],"event_choices":[{"damage_healed":0,"gold_gain":175,"player_choice":"AGREE","damage_taken":0,"max_hp_gain":0,"max_hp_loss":0,"event_name":"Liars Game","floor":3,"gold_loss":0,"cards_obtained":["Doubt"]},{"damage_healed":0,"gold_gain":0,"player_choice":"Got Potions","damage_taken":0,"max_hp_gain":0,"max_hp_loss":0,"event_name":"Lab","floor":5,"gold_loss":0},{"damage_healed":0,"gold_gain":0,"player_choice":"Opened","damage_taken":0,"relics_obtained":["Strawberry"],"max_hp_gain":0,"max_hp_loss":0,"event_name":"The Mausoleum","floor":20,"gold_loss":0},{"damage_healed":0,"gold_gain":0,"player_choice":"Bet on Murderer","damage_taken":0,"max_hp_gain":0,"max_hp_loss":0,"event_name":"The Joust","floor":21,"gold_loss":50},{"damage_healed":0,"gold_gain":0,"player_choice":"Fought Bandits","damage_taken":0,"max_hp_gain":0,"max_hp_loss":0,"event_name":"Masked Bandits","floor":28,"gold_loss":0},{"damage_healed":0,"gold_gain":999,"player_choice":"Gold","damage_taken":0,"max_hp_gain":0,"max_hp_loss":0,"event_name":"MindBloom","floor":37,"gold_loss":0,"cards_obtained":["Normality","Normality"]},{"cards_removed":["Cloak And Dagger"],"damage_healed":0,"gold_gain":0,"player_choice":"Removed Skill","damage_taken":0,"max_hp_gain":0,"max_hp_loss":0,"event_name":"Falling","floor":38,"gold_loss":0},{"damage_healed":0,"gold_gain":0,"player_choice":"Trade","damage_taken":0,"relics_obtained":["GremlinMask"],"max_hp_gain":0,"max_hp_loss":0,"event_name":"FaceTrader","floor":41,"gold_loss":0}],"is_beta":false,"boss_relics":[{"not_picked":["Eternal Feather","Snecko Eye"],"picked":"Cursed Key"},{"not_picked":["Velvet Choker","Runic Pyramid"],"picked":"Black Star"}],"items_purged_floors":[19,30,39],"is_endless":false,"potions_floor_spawned":[8,11,12,14,23,24,27,29,33,36,42,44,48],"ascension_level":6}