{"gold_per_floor":[110,128,3,19,32,63,63,238,238,203,229,239,253,276,276,276],"floor_reached":16,"playtime":1931,"items_purged":["Strike_G"],"score":112,"play_id":"455b7a06-3358-4318-be03-95b9e52be30d","local_time":"20190628000059","is_ascension_mode":false,"campfire_choices":[{"data":"Bane","floor":7,"key":"SMITH"},{"data":"Well Laid Plans","floor":15,"key":"SMITH"}],"neow_cost":"NONE","seed_source_timestamp":143462265605462,"circlet_count":0,"master_deck":["Defend_G","Defend_G","Defend_G","Defend_G","Defend_G","Strike_G","Strike_G","Strike_G","Strike_G","Survivor","Neutralize","Poisoned Stab","Crippling Poison","Bane+1","Bouncing Flask","Wraith Form v2","Distraction","Noxious Fumes","Blur","Deadly Poison","Deflect","Doubt","Dodge and Roll","Dodge and Roll","Crippling Poison","Well Laid Plans+1"],"relics":["Orrery","Pantograph","Ginger","Nunchaku","Odd Mushroom"],"potions_floor_usage":[6,11,14,14],"damage_taken":[{"damage":6,"enemies":"Jaw Worm","floor":1,"turns":3},{"damage":2,"enemies":"Small Slimes","floor":2,"turns":3},{"damage":0,"enemies":"2 Louse","floor":4,"turns":2},{"damage":0,"enemies":"Large Slime","floor":5,"turns":5},{"damage":34,"enemies":"Gremlin Nob","floor":6,"turns":5},{"damage":3,"enemies":"3 Sentries","floor":11,"turns":7},{"damage":0,"enemies":"2 Fungi Beasts","floor":12,"turns":4},{"damage":5,"enemies":"Red Slaver","floor":13,"turns":4},{"damage":5,"enemies":"The Mushroom Lair","floor":14,"turns":3},{"damage":60,"enemies":"Slime Boss","floor":16,"turns":11}],"seed_played":"-7990082805421353258","potions_obtained":[{"floor":4,"key":"GamblersBrew"},{"floor":5,"key":"SkillPotion"},{"floor":6,"key":"Energy Potion"},{"floor":13,"key":"Explosive Potion"}],"is_trial":false,"path_per_floor":["M","M","$","M","M","E","R","?","T","?","E","M","M","?","R","B"],"character_chosen":"THE_SILENT","items_purchased":["Dexterity Potion"],"campfire_rested":0,"item_purchase_floors":[3],"current_hp_per_floor":[64,62,62,62,62,28,28,28,28,45,42,42,37,32,32,0],"gold":276,"neow_bonus":"BOSS_RELIC","is_prod":false,"is_daily":false,"chose_seed":false,"campfire_upgraded":2,"win_rate":0.0,"timestamp":1561705259,"path_taken":["M","M","$","M","M","E","R","?","T","?","E","M","M","?","R","BOSS"],"build_version":"2019-01-23","purchased_purges":1,"victory":false,"max_hp_per_floor":[70,70,70,70,70,70,70,70,70,70,70,70,70,70,70,70],"card_choices":[{"not_picked":["Deflect","PiercingWail"],"picked":"Poisoned Stab","floor":0},{"not_picked":["Poisoned Stab","Deadly Poison"],"picked":"Crippling Poison","floor":0},{"not_picked":["Terror","Quick Slash"],"picked":"Bane","floor":0},{"not_picked":["PiercingWail","Deflect"],"picked":"Bouncing Flask","floor":0},{"not_picked":["Acrobatics","Dodge and Roll"],"picked":"Wraith Form v2","floor":0},{"not_picked":["Sucker Punch","Acrobatics"],"picked":"Distraction","floor":1},{"not_picked":["Backflip","Blur"],"picked":"Noxious Fumes","floor":2},{"not_picked":["Sucker Punch","Deadly Poison"],"picked":"Blur","floor":4},{"not_picked":["Backstab","Slice"],"picked":"Deadly Poison","floor":5},{"not_picked":["Blade Dance","Backflip"],"picked":"Deflect","floor":6},{"not_picked":["Dagger Spray","Wraith Form v2"],"picked":"Dodge and Roll","floor":11},{"not_picked":["Blade Dance","Sucker Punch"],"picked":"Dodge and Roll","floor":12},{"not_picked":["Outmaneuver","Dodge and Roll"],"picked":"Crippling Poison","floor":13},{"not_picked":["Reflex","Caltrops"],"picked":"Well Laid Plans","floor":14}],"player_experience":40307,"relics_obtained":[{"floor":6,"key":"Pantograph"},{"floor":9,"key":"Ginger"},{"floor":11,"key":"Nunchaku"},{"floor":14,"key":"Odd Mushroom"}],"event_choices":[{"damage_healed":0,"gold_gain":175,"player_choice":"AGREE","damage_taken":0,"max_hp_gain":0,"max_hp_loss":0,"event_name":"Liars Game","floor":8,"gold_loss":0,"cards_obtained":["Doubt"]},{"damage_healed":17,"gold_gain":0,"player_choice":"Healed","damage_taken":0,"max_hp_gain":0,"max_hp_loss":0,"event_name":"The Cleric","floor":10,"gold_loss":35},{"damage_healed":0,"gold_gain":0,"player_choice":"Fought Mushrooms","damage_taken":0,"max_hp_gain":0,"max_hp_loss":0,"event_name":"Mushrooms","floor":14,"gold_loss":0}],"is_beta":false,"boss_relics":[],"items_purged_floors":[3],"is_endless":false,"potions_floor_spawned":[4,5,6,13],"killed_by":"Slime Boss","ascension_level":0}