{"path_per_floor":["M","?","M","M","?","E","R","E","T","$","M","M","M","E","R","B",null,"M","?","?","T","$","R","E","R","T","E","M","R","$","?","R","B",null,"M","?","$","M","$","E","R","E","T","R","E","M","?","M","R","B"],"character_chosen":"IRONCLAD","items_purchased":["Shockwave","Dropkick","Dual Wield","Finesse","Bottled Lightning"],"gold_per_floor":[118,118,137,154,154,179,179,211,259,151,171,191,205,533,533,631,631,650,565,565,565,355,355,385,385,408,443,453,453,238,238,238,333,333,348,348,87,107,107,136,136,163,163,163,189,204,204,216,216,216],"floor_reached":51,"campfire_rested":1,"playtime":3069,"current_hp_per_floor":[69,69,69,69,55,54,54,52,52,52,55,54,56,48,48,36,61,63,63,63,63,63,63,65,65,65,67,65,65,65,65,65,20,57,52,52,52,54,54,46,46,47,47,68,73,67,67,71,71,31],"items_purged":["Strike_R","Defend_R","Defend_R"],"gold":216,"score":909,"play_id":"3c9b9e07-8ec4-4800-8a98-636f311c0aa5","local_time":"20180304161245","is_prod":false,"is_daily":false,"is_ascension_mode":true,"campfire_upgraded":8,"timestamp":1520197965,"path_taken":["M","?","?","M","?","E","R","E","T","$","?","M","M","E","R","BOSS","M","?","?","?","$","R","E","R","T","E","M","R","$","?","R","BOSS","M","?","?","M","$","E","R","E","T","R","E","M","?","?","R","BOSS"],"build_version":"2018-03-01-PROD1","purchased_purges":5,"victory":true,"master_deck":["Defend_R+1","Bash+1","Rampage+1","Burning Pact+1","Battle Trance","Body Slam+1","Shockwave+1","Shrug It Off","Entrench+1","Offering+1","Flex+1","Rampage+1","Limit Break+1","Dropkick+1","Dual Wield+1","Pommel Strike+1","Finesse+1","Fiend Fire+1","Cleave+1"],"max_hp_per_floor":[69,69,69,69,69,69,69,69,69,69,69,69,69,69,69,69,69,69,69,69,69,69,69,69,69,69,69,69,69,69,69,69,69,69,69,69,69,69,69,69,69,71,71,71,73,75,75,77,77,77],"relics":["Burning Blood","Lantern","Kunai","Bronze Scales","Old Coin","Astrolabe","Shuriken","Molten Egg 2","Orichalcum","Ornamental Fan","Sozu","Bottled Lightning","Pantograph","Singing Bowl","Bird Faced Urn","Ancient Tea Set"],"card_choices":[{"not_picked":["Pommel Strike","Anger"],"picked":"Rampage"},{"not_picked":["Twin Strike","Thunderclap"],"picked":"Burning Pact"},{"not_picked":["Blood for Blood","Evolve"],"picked":"Battle Trance"},{"not_picked":["Combust","Corruption"],"picked":"Body Slam"},{"not_picked":["Pummel","Battle Trance"],"picked":"Shrug It Off"},{"not_picked":["Bloodletting","Clash"],"picked":"Entrench"},{"not_picked":["Reaper","Bludgeon"],"picked":"Offering"},{"not_picked":["Power Through","Shockwave"],"picked":"Pommel Strike"},{"not_picked":["Feed","Impervious"],"picked":"Fiend Fire"},{"not_picked":["Havoc","Headbutt"],"picked":"Inflame"}],"player_experience":381562,"potions_floor_usage":[],"damage_taken":[{"damage":0.0,"enemies":"Small Slimes","floor":1.0,"turns":3.0},{"damage":1.0,"enemies":"Cultist","floor":3.0,"turns":3.0},{"damage":6.0,"enemies":"2 Louse","floor":4.0,"turns":3.0},{"damage":7.0,"enemies":"Lagavulin","floor":6.0,"turns":5.0},{"damage":17.0,"enemies":"Gremlin Nob","floor":8.0,"turns":4.0},{"damage":3.0,"enemies":"Gremlin Gang","floor":11.0,"turns":3.0},{"damage":7.0,"enemies":"3 Louse","floor":12.0,"turns":3.0},{"damage":4.0,"enemies":"Exordium Wildlife","floor":13.0,"turns":4.0},{"damage":14.0,"enemies":"3 Sentries","floor":14.0,"turns":8.0},{"damage":18.0,"enemies":"Hexaghost","floor":16.0,"turns":6.0},{"damage":4.0,"enemies":"Shell Parasite","floor":18.0,"turns":4.0},{"damage":4.0,"enemies":"Book of Stabbing","floor":24.0,"turns":4.0},{"damage":4.0,"enemies":"Gremlin Leader","floor":27.0,"turns":2.0},{"damage":8.0,"enemies":"Chosen","floor":28.0,"turns":4.0},{"damage":51.0,"enemies":"Automaton","floor":33.0,"turns":7.0},{"damage":11.0,"enemies":"3 Darklings","floor":35.0,"turns":3.0},{"damage":4.0,"enemies":"Orb Walker","floor":38.0,"turns":1.0},{"damage":14,"enemies":"2 Orb Walkers","floor":40,"turns":2},{"damage":7,"enemies":"Giant Head","floor":42,"turns":3},{"damage":4,"enemies":"2 Orb Walkers","floor":45,"turns":2},{"damage":16,"enemies":"4 Shapes","floor":46,"turns":2},{"damage":4,"enemies":"Maw","floor":48,"turns":2},{"damage":52,"enemies":"Time Eater","floor":50,"turns":4}],"event_choices":[{"event_name":"The Lab","player_choice":"Got Potions","floor":2.0,"damage_taken":0.0},{"event_name":"Shining Light","player_choice":"Entered Light","floor":5.0,"damage_taken":0.0},{"event_name":"Addict","player_choice":"Obtained Relic","floor":19.0,"damage_taken":0.0},{"event_name":"Vampires","player_choice":"Ignored","floor":20.0,"damage_taken":0.0},{"event_name":"Cursed Tome","player_choice":"Ignored","floor":31.0,"damage_taken":0.0},{"event_name":"Transmorgrifier","player_choice":"Transform","floor":36.0,"damage_taken":0.0}],"boss_relics":[],"potions_floor_spawned":[3,11,13,14,18,28,33,40,45,46,48],"seed_played":"-7367745225789033222","ascension_level":10,"is_trial":false}