{"path_per_floor":["M","M","M","$","M","R","M","E","T","?","$","E","M","?","R","B",null,"M","?","?","M","$","R","M","E","T","M","M","R","$","?","R","B",null,"M","?","?","?","M","R","M","E","T","R","M","$","E","M","R","B"],"character_chosen":"IRONCLAD","items_purchased":["Shrug It Off","True Grit","Oddly Smooth Stone","Offering","Pear","Feel No Pain","Strength Potion","Dexterity Potion","Dexterity Potion"],"gold_per_floor":[112,129,141,66,76,76,96,131,131,131,28,71,91,91,91,216,216,235,235,160,175,25,25,43,78,78,92,107,107,107,107,107,238,238,258,591,637,637,650,650,669,695,695,695,709,7,32,50,50,50],"floor_reached":51,"campfire_rested":1,"playtime":5446,"current_hp_per_floor":[72,72,68,68,71,71,60,42,42,42,42,54,56,56,56,32,58,57,57,57,59,59,59,49,29,29,27,30,30,30,36,57,14,58,64,64,61,79,77,77,61,64,64,64,50,60,64,64,64,48],"items_purged":["Strike_R","Writhe"],"gold":50,"score":784,"play_id":"114eed97-1de5-4b4f-bebe-ad055eb88cc6","is_prod":false,"is_daily":false,"is_ascension_mode":true,"campfire_upgraded":7,"path_taken":["M","?","?","?","M","R","?","E","T","?","?","E","M","?","R","BOSS","M","?","?","M","$","R","M","E","T","M","M","R","$","?","R","BOSS","M","?","?","?","M","R","M","E","T","R","M","$","E","M","R","BOSS"],"build_version":"2018-02-15-PROD1","purchased_purges":3,"victory":true,"master_deck":["Defend_R","Defend_R","Bash","Fiend Fire","Pommel Strike","Headbutt","Armaments+1","Limit Break+1","Shrug It Off","True Grit+1","Shockwave","Burning Pact","Thunderclap","Exhume+1","Inflame+1","Intimidate+1","True Grit+1","Battle Trance","Headbutt+1","Limit Break","Shockwave+1","Immolate+1","Heavy Blade+1","Intimidate+1","Writhe","Inflame","Ghostly Armor+1","Offering","Feel No Pain+1","Warcry+1"],"max_hp_per_floor":[72,72,72,72,72,72,72,72,72,67,67,67,67,67,67,67,67,67,67,67,67,67,67,67,67,67,67,67,67,67,73,73,73,73,73,73,73,79,79,79,79,79,79,79,79,89,89,89,89,89],"relics":["Burning Blood","Charon\u0027s Ashes","Darkstone Periapt","Dream Catcher","Velvet Choker","Oddly Smooth Stone","Gambling Chip","Torii","Molten Egg 2","Astrolabe","Du-Vu Doll","Blood Vial","Champion Belt","Pear","Gremlin Horn"],"card_choices":[{"not_picked":["Sword Boomerang","Heavy Blade"],"picked":"Pommel Strike"},{"not_picked":["Pommel Strike","Rupture"],"picked":"Headbutt"},{"not_picked":["Iron Wave","Headbutt"],"picked":"Armaments"},{"not_picked":["Flex","Burning Pact"],"picked":"Limit Break"},{"not_picked":["Sword Boomerang","Clothesline"],"picked":"Shockwave"},{"not_picked":["Bludgeon","Immolate"],"picked":"Exhume"},{"not_picked":["Searing Blow","Headbutt"],"picked":"Inflame"},{"not_picked":["Anger","Flame Barrier"],"picked":"Intimidate"},{"not_picked":["Wild Strike","Rampage"],"picked":"True Grit"},{"not_picked":["Disarm","Shrug It Off"],"picked":"Battle Trance"},{"not_picked":["Cleave","Body Slam"],"picked":"Headbutt"},{"not_picked":["Berserk","Immolate"],"picked":"Limit Break"},{"not_picked":["Body Slam","Sword Boomerang"],"picked":"Intimidate"},{"not_picked":["Bloodletting","Blood for Blood"],"picked":"Inflame"},{"not_picked":["Clothesline","Shrug It Off"],"picked":"Ghostly Armor"},{"not_picked":["Clash","Bludgeon"],"picked":"Warcry"}],"player_experience":321308,"potions_floor_usage":[45,50,50,50],"damage_taken":[{"damage":3.0,"enemies":"Cultist","floor":1.0,"turns":2.0},{"damage":1.0,"enemies":"2 Louse","floor":2.0,"turns":2.0},{"damage":10.0,"enemies":"Jaw Worm","floor":3.0,"turns":2.0},{"damage":3.0,"enemies":"3 Louse","floor":5.0,"turns":2.0},{"damage":17.0,"enemies":"Gremlin Gang","floor":7.0,"turns":6.0},{"damage":24.0,"enemies":"Lagavulin","floor":8.0,"turns":5.0},{"damage":6.0,"enemies":"3 Sentries","floor":12.0,"turns":5.0},{"damage":10.0,"enemies":"Exordium Thugs","floor":13.0,"turns":3.0},{"damage":30.0,"enemies":"The Guardian","floor":16.0,"turns":12.0},{"damage":7.0,"enemies":"Shell Parasite","floor":18.0,"turns":6.0},{"damage":16.0,"enemies":"Chosen","floor":21.0,"turns":5.0},{"damage":16.0,"enemies":"Snecko","floor":24.0,"turns":5.0},{"damage":26.0,"enemies":"Gremlin Leader","floor":25.0,"turns":7.0},{"damage":8.0,"enemies":"Chosen and Byrds","floor":27.0,"turns":3.0},{"damage":3.0,"enemies":"Cultist and Chosen","floor":28.0,"turns":5.0},{"damage":49.0,"enemies":"Automaton","floor":33.0,"turns":8.0},{"damage":0.0,"enemies":"3 Shapes","floor":35.0,"turns":5.0},{"damage":9,"enemies":"Mysterious Sphere","floor":37,"turns":5},{"damage":8,"enemies":"3 Darklings","floor":39,"turns":3},{"damage":22,"enemies":"Maw","floor":41,"turns":4},{"damage":3,"enemies":"Nemesis","floor":42,"turns":7},{"damage":22,"enemies":"4 Shapes","floor":45,"turns":5},{"damage":4,"enemies":"Giant Head","floor":47,"turns":5},{"damage":8,"enemies":"Sphere and 2 Shapes","floor":48,"turns":5},{"damage":24,"enemies":"Awakened One","floor":50,"turns":6}],"event_choices":[{"event_name":"Golden Idol","player_choice":"Lose Max HP","floor":10.0,"damage_taken":0.0},{"event_name":"Match and Keep!","player_choice":"2 cards matched","floor":14.0,"damage_taken":0.0},{"event_name":"Back to Basics","player_choice":"Elegance","floor":19.0,"damage_taken":0.0},{"event_name":"Beggar","player_choice":"Gave Gold","floor":20.0,"damage_taken":0.0},{"event_name":"The Mausoleum","player_choice":"Yes","floor":31.0,"damage_taken":0.0},{"event_name":"The Moai Head","player_choice":"Gave Idol","floor":36.0,"damage_taken":0.0},{"event_name":"Mysterious Sphere","player_choice":"Fight","floor":37,"damage_taken":0},{"event_name":"Winding Halls","player_choice":"Writhe","floor":38,"damage_taken":0}],"boss_relics":[],"potions_floor_spawned":[2,8,12,16,18,24,33,35,37,45,47],"seed_played":"5932190232252700357","ascension_level":7,"is_trial":false}