{"gold_per_floor":[218,234,2,16,36,36,46,46,46,46,59,77,102,117,117,218,218,230,254,179,194,194,94,112,139,139,159,159,189,189,203,203,304,304,323,323,337,86,86,86,86,86,86,86,23,36,36,47,47,47],"floor_reached":51,"playtime":5965,"items_purged":["Normality","Strike_G","Strike_G"],"score":889,"play_id":"489220c4-fdbb-4545-8491-b8f5e6863faa","local_time":"20181018164118","is_ascension_mode":true,"campfire_choices":[{"data":"Apotheosis","floor":6.0,"key":"SMITH"},{"data":"Accuracy","floor":8.0,"key":"SMITH"},{"floor":10.0,"key":"REST"},{"data":"Footwork","floor":15.0,"key":"SMITH"},{"floor":28,"key":"REST"},{"data":"After Image","floor":30,"key":"SMITH"},{"data":"Neutralize","floor":32,"key":"SMITH"},{"data":"Phantasmal Killer","floor":40,"key":"SMITH"},{"data":"Panache","floor":44,"key":"SMITH"},{"floor":49,"key":"REST"}],"neow_cost":"NONE","seed_source_timestamp":447719937244312,"circlet_count":0,"master_deck":["Defend_G","Defend_G","Defend_G","Defend_G","Defend_G","Strike_G","Strike_G","Survivor","Neutralize+1","Accuracy+1","Cloak And Dagger","Apotheosis+1","Blade Dance","Cloak And Dagger","Blade Dance","Blur","Footwork+1","Backflip","Prepared+1","After Image+1","Expertise+1","Phantasmal Killer+1","Blur+1","Acrobatics+1","Panache+1","Decay","Infinite Blades"],"special_seed":0,"relics":["Ring of the Snake","Paper Crane","Mercury Hourglass","Cursed Key","PreservedInsect","The Courier","Bottled Flame","Busted Crown","Tingsha"],"potions_floor_usage":[46,46,47,50],"damage_taken":[{"damage":9.0,"enemies":"Cultist","floor":1.0,"turns":5.0},{"damage":0.0,"enemies":"2 Louse","floor":2.0,"turns":4.0},{"damage":1.0,"enemies":"Small Slimes","floor":4.0,"turns":3.0},{"damage":27.0,"enemies":"Gremlin Gang","floor":5.0,"turns":5.0},{"damage":0.0,"enemies":"Exordium Wildlife","floor":7.0,"turns":3.0},{"damage":4.0,"enemies":"2 Fungi Beasts","floor":11.0,"turns":3.0},{"damage":0.0,"enemies":"Blue Slaver","floor":12.0,"turns":3.0},{"damage":0.0,"enemies":"Gremlin Nob","floor":13.0,"turns":2.0},{"damage":1.0,"enemies":"Gremlin Gang","floor":14.0,"turns":3.0},{"damage":0.0,"enemies":"Slime Boss","floor":16.0,"turns":7.0},{"damage":9.0,"enemies":"2 Thieves","floor":18.0,"turns":4.0},{"damage":0.0,"enemies":"3 Byrds","floor":21.0,"turns":3.0},{"damage":14.0,"enemies":"Sentry and Sphere","floor":24.0,"turns":5.0},{"damage":0.0,"enemies":"Slavers","floor":25.0,"turns":4.0},{"damage":0,"enemies":"Centurion and Healer","floor":27,"turns":4},{"damage":7,"enemies":"Book of Stabbing","floor":29,"turns":4},{"damage":0,"enemies":"Snecko","floor":31,"turns":6},{"damage":13,"enemies":"Champ","floor":33,"turns":12},{"damage":0,"enemies":"3 Shapes","floor":35,"turns":3},{"damage":0,"enemies":"Mind Bloom Boss Battle","floor":36,"turns":9},{"damage":2,"enemies":"3 Darklings","floor":37,"turns":4},{"damage":0,"enemies":"Sphere and 2 Shapes","floor":46,"turns":3},{"damage":0,"enemies":"4 Shapes","floor":47,"turns":1},{"damage":11,"enemies":"3 Darklings","floor":48,"turns":4},{"damage":34,"enemies":"Donu and Deca","floor":50,"turns":9}],"seed_played":"-3577658222474073471","potions_obtained":[{"floor":1.0,"key":"Energy Potion"},{"floor":5.0,"key":"PowerPotion"},{"floor":7.0,"key":"SneckoOil"},{"floor":11.0,"key":"Energy Potion"},{"floor":14.0,"key":"LiquidBronze"},{"floor":21.0,"key":"SpeedPotion"},{"floor":25.0,"key":"SmokeBomb"},{"floor":27,"key":"Explosive Potion"},{"floor":37,"key":"Poison Potion"},{"floor":48,"key":"Swift Potion"}],"is_trial":false,"path_per_floor":["M","M","$","M","M","R","M","R","T","R","M","M","E","M","R","B",null,"M","T","$","M","?","$","M","E","T","M","R","E","R","M","R","B",null,"M","?","M","$","?","R","T","$","T","R","$","M","M","M","R","B"],"character_chosen":"THE_SILENT","items_purchased":["Apotheosis","Blade Dance","Panache","Infinite Blades"],"campfire_rested":3,"item_purchase_floors":[3,3,38,45],"current_hp_per_floor":[61,61,61,60,33,33,33,33,33,54,50,50,50,49,49,49,70,61,61,61,61,61,61,47,47,47,47,68,61,61,61,61,48,70,70,70,68,68,68,68,68,68,68,68,68,68,68,57,70,36],"gold":47,"neow_bonus":"HUNDRED_GOLD","is_prod":false,"is_daily":false,"chose_seed":false,"campfire_upgraded":7,"win_rate":0,"timestamp":1539895278,"path_taken":["M","?","$","M","M","R","M","R","T","R","?","M","E","M","R","BOSS","M","?","$","M","?","$","M","E","T","M","R","E","R","M","R","BOSS","M","?","M","$","?","R","?","?","T","R","$","M","M","?","R","BOSS"],"build_version":"2018-10-11","purchased_purges":3,"victory":true,"max_hp_per_floor":[70,70,70,70,70,70,70,70,70,70,70,70,70,70,70,70,70,70,70,70,70,70,70,70,70,70,70,70,70,70,70,70,70,70,70,70,70,70,70,70,70,70,70,70,70,70,70,70,70,70],"card_choices":[{"not_picked":["PiercingWail","Dash"],"picked":"Accuracy","floor":1.0},{"not_picked":["Bane","Dagger Throw"],"picked":"Cloak And Dagger","floor":2.0},{"not_picked":["Backstab","Leg Sweep","Underhanded Strike"],"picked":"SKIP","floor":4.0},{"not_picked":["Skewer","Noxious Fumes","Acrobatics"],"picked":"SKIP","floor":5.0},{"not_picked":["Sucker Punch","Catalyst"],"picked":"Cloak And Dagger","floor":7.0},{"not_picked":["Sucker Punch","PiercingWail"],"picked":"Blade Dance","floor":11.0},{"not_picked":["Dash","Riddle With Holes"],"picked":"Blur","floor":12.0},{"not_picked":["Dodge and Roll","Choke"],"picked":"Footwork","floor":13.0},{"not_picked":["Deadly Poison","Eviscerate"],"picked":"Backflip","floor":14.0},{"not_picked":["Poisoned Stab","Blade Dance","Noxious Fumes"],"picked":"SKIP","floor":18.0},{"not_picked":["Leg Sweep","Backstab","Sucker Punch"],"picked":"SKIP","floor":21.0},{"not_picked":["Masterful Stab+1","Blade Dance","Dagger Spray"],"picked":"SKIP","floor":24.0},{"not_picked":["Sucker Punch","Expertise"],"picked":"Prepared+1","floor":25.0},{"not_picked":["Flying Knee","Riddle With Holes","Eviscerate"],"picked":"SKIP","floor":27},{"not_picked":["Predator","Concentrate+1"],"picked":"After Image","floor":29},{"not_picked":["Dodge and Roll","Crippling Poison"],"picked":"Expertise+1","floor":31},{"not_picked":["Die Die Die","Wraith Form v2"],"picked":"Phantasmal Killer","floor":33},{"not_picked":[],"picked":"Blur+1","floor":35},{"not_picked":[],"picked":"Acrobatics+1","floor":37},{"not_picked":["Flying Knee"],"picked":"SKIP","floor":46},{"not_picked":["Leg Sweep+1"],"picked":"SKIP","floor":48}],"player_experience":520013,"relics_obtained":[{"floor":9.0,"key":"Paper Crane"},{"floor":13.0,"key":"Mercury Hourglass"},{"floor":19.0,"key":"PreservedInsect"},{"floor":25.0,"key":"The Courier"},{"floor":29,"key":"Bottled Flame"},{"floor":36,"key":"Tingsha"}],"event_choices":[{"event_name":"Back to Basics","player_choice":"Elegance","floor":22.0,"damage_taken":0.0},{"event_name":"MindBloom","player_choice":"Fight","floor":36,"damage_taken":0},{"event_name":"Wheel of Change","player_choice":"Curse","floor":39,"damage_taken":0}],"is_beta":false,"boss_relics":[{"not_picked":["White Beast Statue","WristBlade"],"picked":"Cursed Key"},{"not_picked":["Snecko Eye","Pandora\u0027s Box"],"picked":"Busted Crown"}],"items_purged_floors":[20,23,38],"is_endless":false,"potions_floor_spawned":[1,5,7,11,14,21,25,27,37,47,48],"ascension_level":4}