{"gold_per_floor":[110,210,226,237,247,247,266,266,317,317,335,39,52,69,69,174,174,188,203,403,421,170,170],"floor_reached":23,"playtime":1127,"items_purged":["Strike_B","Strike_B"],"score":187,"play_id":"58e0d8bc-7c05-48da-aa2d-cf940ad62d7e","local_time":"20190729134553","is_ascension_mode":false,"campfire_choices":[{"data":"Chaos","floor":6.0,"key":"SMITH"},{"data":"Chaos","floor":8.0,"key":"SMITH"},{"floor":15.0,"key":"REST"}],"neow_cost":"NONE","seed_source_timestamp":0,"circlet_count":0,"master_deck":["Strike_B","Defend_B","Defend_B","Defend_B","Defend_B","Zap","Dualcast","Coolheaded","Coolheaded","Chaos+1","Chaos+1","Cold Snap","Defragment","Thunder Strike","Cold Snap","Leap","Chaos"],"special_seed":0,"relics":["Cracked Core","Centennial Puzzle","Ornamental Fan","PreservedInsect","Cursed Key"],"potions_floor_usage":[18,23],"damage_taken":[{"damage":1.0,"enemies":"2 Louse","floor":1.0,"turns":2.0},{"damage":0.0,"enemies":"Cultist","floor":3.0,"turns":3.0},{"damage":4.0,"enemies":"Jaw Worm","floor":4.0,"turns":3.0},{"damage":9.0,"enemies":"Looter","floor":5.0,"turns":3.0},{"damage":3.0,"enemies":"Blue Slaver","floor":7.0,"turns":3.0},{"damage":9.0,"enemies":"Large Slime","floor":11.0,"turns":4.0},{"damage":0.0,"enemies":"3 Louse","floor":13.0,"turns":3.0},{"damage":4.0,"enemies":"Lots of Slimes","floor":14.0,"turns":5.0},{"damage":24.0,"enemies":"The Guardian","floor":16.0,"turns":15.0},{"damage":16,"enemies":"2 Thieves","floor":18,"turns":4},{"damage":31,"enemies":"3 Byrds","floor":19,"turns":4},{"damage":9,"enemies":"Snake Plant","floor":21,"turns":5},{"damage":38,"enemies":"Cultist and Chosen","floor":23,"turns":10}],"seed_played":"-7115444315080641509","potions_obtained":[{"floor":1.0,"key":"Block Potion"},{"floor":7.0,"key":"SkillPotion"},{"floor":11.0,"key":"Poison Potion"},{"floor":13.0,"key":"GamblersBrew"},{"floor":16.0,"key":"Fire Potion"},{"floor":19,"key":"Energy Potion"}],"is_trial":false,"path_per_floor":["M","?","M","M","M","R","M","R","T","?","M","$","M","M","R","B",null,"M","M","?","M","$","M"],"character_chosen":"DEFECT","items_purchased":["Defragment","PreservedInsect","Regen Potion","Chaos"],"campfire_rested":1,"item_purchase_floors":[12,12,22,22],"current_hp_per_floor":[74,74,74,70,61,61,58,58,58,33,24,24,24,20,42,18,75,59,28,28,19,19,0],"gold":170,"neow_bonus":"REMOVE_CARD","is_prod":false,"is_daily":false,"chose_seed":false,"campfire_upgraded":2,"win_rate":0,"timestamp":1564422353,"path_taken":["M","?","M","?","M","R","M","R","T","?","M","$","M","M","R","BOSS","M","M","?","?","?","M"],"build_version":"2019-07-17","purchased_purges":2,"victory":false,"max_hp_per_floor":[75,75,75,75,75,75,75,75,75,75,75,75,75,75,75,75,75,75,75,75,75,75,75],"card_choices":[{"not_picked":["Loop","Streamline"],"picked":"Coolheaded","floor":1.0},{"not_picked":["Streamline","Go for the Eyes"],"picked":"Coolheaded","floor":3.0},{"not_picked":["Go for the Eyes","Leap"],"picked":"Chaos","floor":4.0},{"not_picked":["Auto Shields","Redo","Stack"],"picked":"SKIP","floor":5.0},{"not_picked":["Aggregate","Heatsinks"],"picked":"Chaos","floor":7.0},{"not_picked":["Beam Cell","Leap"],"picked":"Cold Snap","floor":11.0},{"not_picked":["Gash","Steam","White Noise"],"picked":"SKIP","floor":13.0},{"not_picked":["Multi-Cast","Rebound","Hologram"],"picked":"SKIP","floor":14.0},{"not_picked":["Reboot","Creative AI"],"picked":"Thunder Strike","floor":16.0},{"not_picked":["FTL+1","Stack","Rebound"],"picked":"SKIP","floor":18},{"not_picked":["BootSequence","Conserve Battery+1"],"picked":"Cold Snap","floor":19},{"not_picked":["Hello World","Aggregate+1"],"picked":"Leap","floor":21}],"player_experience":937962,"relics_obtained":[{"floor":9.0,"key":"Centennial Puzzle"}],"event_choices":[{"damage_healed":0.0,"max_hp_gain":0.0,"max_hp_loss":0.0,"gold_gain":100.0,"event_name":"Golden Shrine","player_choice":"Pray","floor":2.0,"gold_loss":0.0,"damage_taken":0.0},{"damage_healed":0.0,"max_hp_gain":0.0,"max_hp_loss":0.0,"gold_gain":0.0,"event_name":"Scrap Ooze","player_choice":"Success","floor":10.0,"gold_loss":0.0,"damage_taken":25.0,"relics_obtained":["Ornamental Fan"]},{"damage_healed":0,"gold_gain":250,"player_choice":"Bet on Owner","damage_taken":0,"max_hp_gain":0,"max_hp_loss":0,"event_name":"The Joust","floor":20,"gold_loss":50}],"is_beta":false,"boss_relics":[{"not_picked":["Inserter","White Beast Statue"],"picked":"Cursed Key"}],"items_purged_floors":[12,22],"is_endless":false,"potions_floor_spawned":[1,7,11,13,16,19],"killed_by":"Cultist and Chosen","ascension_level":0}