{"gold_per_floor":[114,114,39,39,39,78,78,121,121,46,60,60,99,113,113,211,211,230,230],"floor_reached":19,"playtime":1145,"items_purged":["Strike_R"],"score":431,"play_id":"fad4a9e4-2e75-424f-8002-939c87aae40f","local_time":"20181225144628","is_ascension_mode":true,"campfire_choices":[{"data":"Flex","floor":7,"key":"SMITH"},{"data":"Body Slam","floor":12,"key":"SMITH"},{"data":"Disarm","floor":15,"key":"SMITH"}],"neow_cost":"NONE","seed_source_timestamp":0,"circlet_count":0,"master_deck":["AscendersBane","Strike_R","Strike_R","Strike_R","Defend_R","Defend_R","Defend_R","Defend_R","Bash","Flex+1","Headbutt","Body Slam+1","Rampage","Disarm+1","Limit Break"],"special_seed":0,"relics":["Black Blood","NeowsBlessing","Golden Idol","Oddly Smooth Stone","Blood Vial","Thread and Needle","Ornamental Fan"],"potions_floor_usage":[11,13,16,19],"damage_taken":[{"damage":0,"enemies":"2 Louse","floor":1,"turns":1},{"damage":0,"enemies":"Lagavulin","floor":6,"turns":1},{"damage":0,"enemies":"Gremlin Nob","floor":8,"turns":1},{"damage":0,"enemies":"Small Slimes","floor":11,"turns":3},{"damage":14,"enemies":"Lagavulin","floor":13,"turns":5},{"damage":2,"enemies":"Jaw Worm","floor":14,"turns":3},{"damage":36,"enemies":"Slime Boss","floor":16,"turns":9},{"damage":37,"enemies":"Spheric Guardian","floor":18,"turns":7},{"damage":59,"enemies":"Masked Bandits","floor":19,"turns":4}],"seed_played":"-2970763041457017466","potions_obtained":[{"floor":6,"key":"PowerPotion"},{"floor":8,"key":"Regen Potion"},{"floor":13,"key":"Fire Potion"},{"floor":18,"key":"BloodPotion"}],"is_trial":false,"path_per_floor":["M","?","$","?","$","E","R","E","T","?","M","R","E","M","R","B",null,"M","?"],"character_chosen":"IRONCLAD","items_purchased":[],"campfire_rested":0,"item_purchase_floors":[],"current_hp_per_floor":[74,79,79,51,51,57,57,63,63,63,80,80,72,78,78,50,73,48,0],"gold":230,"neow_bonus":"THREE_ENEMY_KILL","is_prod":false,"is_daily":false,"chose_seed":false,"campfire_upgraded":3,"win_rate":0,"timestamp":1545767188,"path_taken":["M","?","$","?","$","E","R","E","T","?","M","R","E","?","R","BOSS","M","?"],"build_version":"2018-12-20","purchased_purges":1,"victory":false,"max_hp_per_floor":[75,80,80,80,80,80,80,80,80,80,80,80,80,80,80,80,80,80,80],"card_choices":[{"not_picked":["Flame Barrier","Clash"],"picked":"Flex","floor":1},{"not_picked":["Flex","Entrench"],"picked":"Headbutt","floor":6},{"not_picked":["Infernal Blade","Ghostly Armor"],"picked":"Body Slam","floor":8},{"not_picked":["Flex","Feel No Pain","Metallicize"],"picked":"SKIP","floor":11},{"not_picked":["Wild Strike","Berserk"],"picked":"Rampage","floor":13},{"not_picked":["Thunderclap","Cleave"],"picked":"Disarm","floor":14},{"not_picked":["Brutality","Juggernaut"],"picked":"Limit Break","floor":16},{"not_picked":["Disarm","Uppercut","Rampage"],"picked":"SKIP","floor":18}],"player_experience":627762,"relics_obtained":[{"floor":6,"key":"Oddly Smooth Stone"},{"floor":8,"key":"Blood Vial"},{"floor":9,"key":"Thread and Needle"},{"floor":13,"key":"Ornamental Fan"}],"event_choices":[{"damage_healed":0,"gold_gain":0,"player_choice":"Donut","damage_taken":0,"max_hp_gain":5,"max_hp_loss":0,"event_name":"Big Fish","floor":2,"gold_loss":0},{"damage_healed":0,"gold_gain":0,"player_choice":"Take Damage","damage_taken":28,"relics_obtained":["Golden Idol"],"max_hp_gain":0,"max_hp_loss":0,"event_name":"Golden Idol","floor":4,"gold_loss":0},{"cards_removed":["Strike_R"],"damage_healed":0,"gold_gain":0,"player_choice":"Card Removal","damage_taken":0,"max_hp_gain":0,"max_hp_loss":0,"event_name":"The Cleric","floor":10,"gold_loss":75},{"damage_healed":0,"gold_gain":0,"player_choice":"Fought Bandits","damage_taken":0,"max_hp_gain":0,"max_hp_loss":0,"event_name":"Masked Bandits","floor":19,"gold_loss":0}],"is_beta":false,"boss_relics":[{"not_picked":["White Beast Statue","Snecko Eye"],"picked":"Black Blood"}],"items_purged_floors":[3],"is_endless":false,"potions_floor_spawned":[6,8,13,18],"killed_by":"Masked Bandits","ascension_level":17}