{"gold_per_floor":[115,132,57,57,7,7,27,27,53,53,53,53,53,66,66,66],"floor_reached":16,"playtime":773,"items_purged":["Strike_G"],"score":113,"play_id":"7ac8084c-86df-4fcc-92a6-a63bd22536dd","local_time":"20190317231455","is_ascension_mode":true,"campfire_choices":[{"data":"Neutralize","floor":6,"key":"SMITH"},{"data":"Concentrate","floor":8,"key":"SMITH"},{"data":"Backflip","floor":11,"key":"SMITH"},{"data":"Calculated Gamble","floor":15,"key":"SMITH"}],"neow_cost":"NONE","seed_source_timestamp":436903976315814,"circlet_count":0,"master_deck":["Defend_G","Defend_G","Defend_G","Strike_G","Strike_G","Survivor","Neutralize+1","Setup+1","Finisher+1","Caltrops+1","Concentrate+1","Backflip+1","Dagger Throw","Quick Slash","Calculated Gamble+1"],"relics":["Astrolabe","Ancient Tea Set","Question Card"],"potions_floor_usage":[7,16],"damage_taken":[{"damage":5,"enemies":"Cultist","floor":1,"turns":5},{"damage":0,"enemies":"2 Louse","floor":2,"turns":3},{"damage":4,"enemies":"Jaw Worm","floor":4,"turns":4},{"damage":0,"enemies":"Exordium Wildlife","floor":7,"turns":5},{"damage":3,"enemies":"Looter","floor":14,"turns":3},{"damage":36,"enemies":"Slime Boss","floor":16,"turns":7}],"seed_played":"3954459220949200216","potions_obtained":[{"floor":2,"key":"Block Potion"},{"floor":7,"key":"Swift Potion"}],"is_trial":false,"path_per_floor":["M","M","$","M","?","R","M","R","T","$","R","$","T","M","R","B"],"character_chosen":"THE_SILENT","items_purchased":[],"campfire_rested":0,"item_purchase_floors":[],"current_hp_per_floor":[65,65,65,61,61,61,61,61,61,61,61,61,61,58,58,22],"gold":66,"neow_bonus":"BOSS_RELIC","is_prod":false,"is_daily":false,"chose_seed":false,"campfire_upgraded":4,"win_rate":0,"timestamp":1552889695,"path_taken":["M","?","$","M","?","R","M","R","T","?","R","$","?","M","R","BOSS"],"build_version":"2019-01-23","purchased_purges":1,"victory":false,"max_hp_per_floor":[70,70,70,70,70,70,70,70,70,70,70,70,70,70,70,70],"card_choices":[{"not_picked":["Dagger Throw","Dagger Spray"],"picked":"Concentrate","floor":1},{"not_picked":["Setup","Sucker Punch"],"picked":"Backflip","floor":2},{"not_picked":["Concentrate","Terror"],"picked":"Dagger Throw","floor":4},{"not_picked":["Outmaneuver","Burst"],"picked":"Quick Slash","floor":7},{"not_picked":["Dagger Spray","PiercingWail","Cloak And Dagger"],"picked":"Calculated Gamble","floor":14}],"player_experience":162907,"relics_obtained":[{"floor":9,"key":"Ancient Tea Set"},{"floor":13,"key":"Question Card"}],"event_choices":[{"cards_removed":["Defend_G"],"damage_healed":0,"gold_gain":0,"player_choice":"Card Removal","damage_taken":0,"max_hp_gain":0,"max_hp_loss":0,"event_name":"The Cleric","floor":5,"gold_loss":50}],"is_beta":false,"boss_relics":[],"items_purged_floors":[3],"is_endless":false,"potions_floor_spawned":[2,7],"killed_by":"Slime Boss","ascension_level":5}