{"gold_per_floor":[119,119,8,8,8,41,41,74,74,106,131,173,204,233,245,334,346,378,390,402,425,437,449,461,493,532,544,556,483,495,519,531,620,632,658,365,365,365,226,258,273,273,321,337,337,337,337,337,337,337],"floor_reached":51,"playtime":4480,"items_purged":["Strike_B","Gash"],"score":1258,"play_id":"4978093d-f5be-493a-a64b-a6f0576d9395","local_time":"20190717152530","is_ascension_mode":true,"campfire_choices":[{"data":"White Noise","floor":7.0,"key":"SMITH"},{"floor":15.0,"key":"REST"},{"floor":23.0,"key":"REST"},{"data":"Redo","floor":24.0,"key":"SMITH"},{"floor":27.0,"key":"REST"},{"floor":28.0,"key":"REST"},{"data":"Creative AI","floor":32.0,"key":"SMITH"},{"data":"Capacitor","floor":42.0,"key":"SMITH"},{"data":"Leap","floor":47.0,"key":"SMITH"},{"floor":49.0,"key":"RECALL"}],"neow_cost":"NONE","seed_source_timestamp":0,"circlet_count":0,"master_deck":["AscendersBane","Defend_B+1","Defend_B+1","Defend_B+1","Defend_B+1","Zap+1","Dualcast+1","Ball Lightning+1","Chaos+1","White Noise+1","Coolheaded+1","Redo+1","Darkness+1","Glacier+1","Storm+1","Creative AI+1","White Noise+1","Core Surge+1","Conserve Battery+1","Buffer+1","Blizzard+1","Conserve Battery+1","Skim+1","Writhe","Capacitor+1","Leap+1"],"special_seed":0,"relics":["FrozenCore","NeowsBlessing","Anchor","WingedGreaves","Dodecahedron","MawBank","Bag of Preparation","Vajra","Cables","Velvet Choker","Mark of the Bloom","Blood Vial","Lantern","Art of War"],"potions_floor_usage":[50,50,50,50],"damage_taken":[{"damage":0.0,"enemies":"Small Slimes","floor":1.0,"turns":1.0},{"damage":0.0,"enemies":"Lagavulin","floor":6.0,"turns":1.0},{"damage":0.0,"enemies":"3 Sentries","floor":8.0,"turns":1.0},{"damage":18.0,"enemies":"Gremlin Nob","floor":10.0,"turns":4.0},{"damage":0.0,"enemies":"Jaw Worm","floor":11.0,"turns":2.0},{"damage":15.0,"enemies":"Lagavulin","floor":12.0,"turns":6.0},{"damage":0.0,"enemies":"2 Louse","floor":13.0,"turns":3.0},{"damage":1.0,"enemies":"Looter","floor":14.0,"turns":2.0},{"damage":6.0,"enemies":"The Guardian","floor":16.0,"turns":8.0},{"damage":31.0,"enemies":"3 Byrds","floor":18.0,"turns":4.0},{"damage":3.0,"enemies":"Spheric Guardian","floor":21.0,"turns":5.0},{"damage":24.0,"enemies":"Snake Plant","floor":25.0,"turns":3.0},{"damage":7.0,"enemies":"Colosseum Slavers","floor":30.0,"turns":6.0},{"damage":4.0,"enemies":"Cultist and Chosen","floor":31.0,"turns":6.0},{"damage":0.0,"enemies":"Automaton","floor":33.0,"turns":7.0},{"damage":29.0,"enemies":"3 Darklings","floor":35.0,"turns":6.0},{"damage":10.0,"enemies":"Reptomancer","floor":40.0,"turns":7.0},{"damage":0.0,"enemies":"3 Shapes","floor":41.0,"turns":3.0},{"damage":0.0,"enemies":"Writhing Mass","floor":44.0,"turns":6.0},{"damage":41,"enemies":"Awakened One","floor":50,"turns":18}],"seed_played":"-7809859832665777232","potions_obtained":[{"floor":6.0,"key":"Block Potion"},{"floor":10.0,"key":"Dexterity Potion"},{"floor":12.0,"key":"Block Potion"},{"floor":14.0,"key":"FocusPotion"},{"floor":25.0,"key":"FocusPotion"},{"floor":35.0,"key":"GamblersBrew"},{"floor":48.0,"key":"EntropicBrew"},{"floor":48.0,"key":"GamblersBrew"}],"is_trial":false,"path_per_floor":["M","?","$","?","$","E","R","E","T","E","M","E","M","M","R","B",null,"M","?","?","M","?","R","R","M","T","R","R","?","?","M","R","B",null,"M","$","?","?","?","E","M","R","T","M","?","?","R","?","R","B",null],"character_chosen":"DEFECT","items_purchased":["Chaos","Conserve Battery","Skim","Block Potion","EssenceOfSteel"],"campfire_rested":4,"item_purchase_floors":[3,36,36,36,36],"current_hp_per_floor":[68,61,61,46,46,46,46,46,46,28,28,13,13,12,34,28,63,32,18,18,15,15,39,39,15,15,39,63,63,56,52,52,52,73,44,44,64,64,64,54,54,54,54,54,54,54,54,54,54,13],"gold":337,"neow_bonus":"THREE_ENEMY_KILL","is_prod":false,"is_daily":false,"chose_seed":false,"campfire_upgraded":5,"win_rate":0,"timestamp":1563391530,"path_taken":["M","?","$","?","?","E","R","E","T","E","?","E","M","M","R","BOSS","M","?","?","M","?","R","R","M","T","R","R","?","?","M","R","BOSS","M","$","?","?","?","E","M","R","T","?","?","?","R","?","R","BOSS"],"build_version":"2019-07-05","purchased_purges":2,"victory":true,"max_hp_per_floor":[75,75,75,75,75,75,75,75,75,75,75,75,75,75,75,75,75,75,80,80,80,80,80,80,80,80,80,80,80,80,80,80,80,80,80,80,80,80,80,80,80,80,80,80,80,80,80,80,80,80],"card_choices":[{"not_picked":["Leap","Go for the Eyes"],"picked":"Ball Lightning","floor":1.0},{"not_picked":["Reinforced Body","Turbo"],"picked":"White Noise","floor":6.0},{"not_picked":["Stack","Aggregate"],"picked":"Coolheaded","floor":8.0},{"not_picked":["Rebound","Gash"],"picked":"Redo","floor":10.0},{"not_picked":["Chill","Compile Driver"],"picked":"Darkness","floor":11.0},{"not_picked":["Stack","Beam Cell"],"picked":"Glacier","floor":12.0},{"not_picked":["Aggregate","Fusion"],"picked":"Storm","floor":13.0},{"not_picked":["Rebound","White Noise"],"picked":"Core Surge","floor":14.0},{"not_picked":["Thunder Strike","Multi-Cast"],"picked":"Creative AI","floor":16.0},{"not_picked":["Steam","Cold Snap+1","Ball Lightning"],"picked":"SKIP","floor":18.0},{"not_picked":["Redo","Streamline"],"picked":"White Noise","floor":21.0},{"not_picked":["Stack","Turbo"],"picked":"Conserve Battery","floor":25.0},{"not_picked":["Rebound","Go for the Eyes","Barrage+1"],"picked":"SKIP","floor":31.0},{"not_picked":["Rainbow","Fission"],"picked":"Buffer","floor":33.0},{"not_picked":["Cold Snap","Beam Cell"],"picked":"Blizzard+1","floor":35.0},{"not_picked":["Hologram+1","Steam+1"],"picked":"Capacitor","floor":40.0},{"not_picked":["Genetic Algorithm","Skim","Compile Driver"],"picked":"SKIP","floor":41.0},{"not_picked":["Capacitor","Go for the Eyes+1"],"picked":"Leap","floor":44.0}],"player_experience":874814,"relics_obtained":[{"floor":6.0,"key":"Anchor"},{"floor":8.0,"key":"WingedGreaves"},{"floor":9.0,"key":"Dodecahedron"},{"floor":10.0,"key":"MawBank"},{"floor":12.0,"key":"Bag of Preparation"},{"floor":26.0,"key":"Vajra"},{"floor":40.0,"key":"Lantern"},{"floor":43.0,"key":"Art of War"}],"event_choices":[{"cards_removed":["Strike_B"],"damage_healed":0.0,"max_hp_gain":0.0,"max_hp_loss":0.0,"gold_gain":0.0,"event_name":"Golden Wing","player_choice":"Card Removal","floor":2.0,"gold_loss":0.0,"damage_taken":7.0},{"damage_healed":0.0,"max_hp_gain":0.0,"max_hp_loss":0.0,"gold_gain":0.0,"event_name":"Shining Light","player_choice":"Entered Light","floor":4.0,"gold_loss":0.0,"damage_taken":15.0,"cards_upgraded":["Zap","Chaos"]},{"damage_healed":0.0,"max_hp_gain":5.0,"max_hp_loss":0.0,"gold_gain":0.0,"event_name":"Forgotten Altar","player_choice":"Shed Blood","floor":19.0,"gold_loss":0.0,"damage_taken":19.0},{"damage_healed":0.0,"max_hp_gain":0.0,"max_hp_loss":0.0,"gold_gain":0.0,"event_name":"Ghosts","player_choice":"Ignored","floor":20.0,"gold_loss":0.0,"damage_taken":0.0},{"damage_healed":0.0,"max_hp_gain":0.0,"max_hp_loss":0.0,"gold_gain":0.0,"cards_transformed":["Strike_B","Strike_B"],"event_name":"Drug Dealer","player_choice":"Became Test Subject","floor":22.0,"gold_loss":0.0,"damage_taken":0.0,"cards_obtained":["Core Surge","Gash"]},{"damage_healed":0.0,"max_hp_gain":0.0,"max_hp_loss":0.0,"gold_gain":0.0,"event_name":"Addict","player_choice":"Obtained Relic","floor":29.0,"gold_loss":85.0,"damage_taken":0.0,"relics_obtained":["Cables"]},{"damage_healed":0.0,"max_hp_gain":0.0,"max_hp_loss":0.0,"gold_gain":0.0,"event_name":"Colosseum","player_choice":"Fight","floor":30.0,"gold_loss":0.0,"damage_taken":0.0},{"damage_healed":0.0,"max_hp_gain":0.0,"max_hp_loss":0.0,"gold_gain":0.0,"event_name":"Colosseum","player_choice":"Fled From Nobs","floor":30.0,"gold_loss":0.0,"damage_taken":0.0},{"damage_healed":20.0,"max_hp_gain":0.0,"max_hp_loss":0.0,"gold_gain":0.0,"event_name":"Winding Halls","player_choice":"Writhe","floor":37.0,"gold_loss":0.0,"damage_taken":0.0,"cards_obtained":["Writhe"]},{"damage_healed":0.0,"max_hp_gain":0.0,"max_hp_loss":0.0,"gold_gain":0.0,"event_name":"MindBloom","player_choice":"Upgrade","floor":38.0,"gold_loss":0.0,"damage_taken":0.0,"cards_upgraded":["Defend_B","Defend_B","Defend_B","Defend_B","Dualcast","Ball Lightning","Coolheaded","Darkness","Glacier","Storm","Core Surge","White Noise","Core Surge","Conserve Battery","Buffer","Conserve Battery","Skim"],"relics_obtained":["Mark of the Bloom"]},{"damage_healed":0.0,"max_hp_gain":0.0,"max_hp_loss":0.0,"gold_gain":0.0,"event_name":"WeMeetAgain","player_choice":"Paid Gold","floor":39.0,"gold_loss":139.0,"damage_taken":0.0,"relics_obtained":["Blood Vial"]},{"cards_removed":["Core Surge"],"damage_healed":0.0,"max_hp_gain":0.0,"max_hp_loss":0.0,"gold_gain":0.0,"event_name":"Falling","player_choice":"Removed Attack","floor":45.0,"gold_loss":0.0,"damage_taken":0.0},{"damage_healed":0.0,"max_hp_gain":0.0,"max_hp_loss":0.0,"gold_gain":0.0,"event_name":"Mysterious Sphere","player_choice":"Ignored","floor":46.0,"gold_loss":0.0,"damage_taken":0.0},{"damage_healed":0.0,"max_hp_gain":0.0,"max_hp_loss":0.0,"gold_gain":0.0,"event_name":"Lab","player_choice":"Got Potions","floor":48.0,"gold_loss":0.0,"damage_taken":0.0}],"is_beta":false,"boss_relics":[{"not_picked":["Lizard Tail","Runic Pyramid"],"picked":"FrozenCore"},{"not_picked":["Calling Bell","Philosopher\u0027s Stone"],"picked":"Velvet Choker"}],"items_purged_floors":[3,36],"is_endless":false,"potions_floor_spawned":[6,10,12,14,25,30,35],"ascension_level":13}