{"gold_per_floor":[115,40,55,70,70,104,104,104],"floor_reached":8,"playtime":442,"items_purged":[],"score":109,"play_id":"91e3c0bf-6b8d-4f17-90d8-596f8114c061","local_time":"20190704094219","is_ascension_mode":true,"campfire_choices":[{"floor":7,"key":"REST"}],"neow_cost":"TEN_PERCENT_HP_LOSS","seed_source_timestamp":192825768764456,"circlet_count":0,"master_deck":["AscendersBane","Strike_G","Strike_G","Strike_G","Strike_G","Defend_G","Defend_G","Defend_G","Defend_G","Defend_G","Survivor","Neutralize+1","Terror","Poisoned Stab","Infinite Blades","Blur"],"special_seed":0,"relics":["Ring of the Snake","Turnip","Sundial"],"potions_floor_usage":[6],"damage_taken":[{"damage":14.0,"enemies":"Cultist","floor":1.0,"turns":6.0},{"damage":0.0,"enemies":"Small Slimes","floor":3.0,"turns":4.0},{"damage":1.0,"enemies":"Jaw Worm","floor":4.0,"turns":3.0},{"damage":17,"enemies":"Lagavulin","floor":6,"turns":7},{"damage":52,"enemies":"Gremlin Nob","floor":8,"turns":4}],"seed_played":"-4713872129822116217","potions_obtained":[{"floor":1.0,"key":"Strength Potion"},{"floor":3.0,"key":"LiquidBronze"}],"is_trial":false,"path_per_floor":["M","?","M","M","?","E","R","E"],"character_chosen":"THE_SILENT","items_purchased":[],"campfire_rested":1,"item_purchase_floors":[],"current_hp_per_floor":[45,45,45,44,44,27,45,0],"gold":104,"neow_bonus":"ONE_RARE_RELIC","is_prod":false,"is_daily":false,"chose_seed":false,"campfire_upgraded":0,"win_rate":0,"timestamp":1562247739,"path_taken":["M","?","M","M","?","E","R","E"],"build_version":"2019-07-01","purchased_purges":0,"victory":false,"max_hp_per_floor":[60,60,60,60,60,60,60,60],"card_choices":[{"not_picked":["All Out Attack","Poisoned Stab"],"picked":"Terror","floor":1.0},{"not_picked":["Skewer","Reflex"],"picked":"Poisoned Stab","floor":3.0},{"not_picked":["Outmaneuver","Choke"],"picked":"Infinite Blades","floor":4.0},{"not_picked":["Caltrops","Wraith Form v2"],"picked":"Blur","floor":6}],"player_experience":853400,"relics_obtained":[{"floor":6,"key":"Sundial"}],"event_choices":[{"cards_removed":["Strike_G"],"damage_healed":0.0,"max_hp_gain":0.0,"max_hp_loss":0.0,"gold_gain":0.0,"event_name":"The Cleric","player_choice":"Card Removal","floor":2.0,"gold_loss":75.0,"damage_taken":0.0},{"damage_healed":0.0,"max_hp_gain":0.0,"max_hp_loss":0.0,"gold_gain":0.0,"event_name":"Living Wall","player_choice":"Grow","floor":5.0,"gold_loss":0.0,"damage_taken":0.0,"cards_upgraded":["Neutralize"]}],"is_beta":false,"boss_relics":[],"items_purged_floors":[],"is_endless":false,"potions_floor_spawned":[1,3],"killed_by":"Gremlin Nob","ascension_level":19}