{"gold_per_floor":[114,129,144,144,159,159,174,204,204,204,16,46,76,91,91,191,191,206,221,221,236,236],"floor_reached":22,"playtime":3117,"items_purged":[],"score":208,"play_id":"c54d47e9-0a0d-475a-a2cd-c26d1867a24b","local_time":"20190811012013","daily_mods":["Heirloom","Uncertain Future","DeadlyEvents"],"is_ascension_mode":false,"campfire_choices":[{"data":"Fusion","floor":6,"key":"SMITH"},{"floor":10,"key":"REST"},{"floor":15,"key":"REST"}],"neow_cost":"","seed_source_timestamp":2432799899346800,"circlet_count":0,"master_deck":["Strike_B","Strike_B","Strike_B","Strike_B","Defend_B","Defend_B","Defend_B","Defend_B","Zap","Dualcast","Doom and Gloom","Conserve Battery","Double Energy","Dark Shackles","Zap","Hologram","Fusion+1","Ball Lightning","Genetic Algorithm","Rebound","Machine Learning","Scrape","Core Surge","Ball Lightning","Streamline","Darkness","Hyperbeam","Compile Driver","Fusion","Auto Shields+1"],"special_seed":18119,"relics":["Cracked Core","Emotion Chip","DataDisk","Dream Catcher","Ancient Tea Set","Darkstone Periapt","White Beast Statue"],"potions_floor_usage":[18],"damage_taken":[{"damage":1,"enemies":"Cultist","floor":1,"turns":3},{"damage":5,"enemies":"Small Slimes","floor":2,"turns":4},{"damage":1,"enemies":"2 Louse","floor":3,"turns":2},{"damage":0,"enemies":"Looter","floor":5,"turns":3},{"damage":9,"enemies":"Exordium Thugs","floor":7,"turns":4},{"damage":17,"enemies":"3 Sentries","floor":8,"turns":4},{"damage":11,"enemies":"Gremlin Nob","floor":12,"turns":4},{"damage":10,"enemies":"3 Sentries","floor":13,"turns":4},{"damage":4,"enemies":"Blue Slaver","floor":14,"turns":3},{"damage":25,"enemies":"Slime Boss","floor":16,"turns":6},{"damage":23,"enemies":"Shell Parasite","floor":18,"turns":6},{"damage":20,"enemies":"Spheric Guardian","floor":19,"turns":4},{"damage":30,"enemies":"Centurion and Healer","floor":21,"turns":8},{"damage":16,"enemies":"Shelled Parasite and Fungi","floor":22,"turns":2}],"seed_played":"5650711688854660840","potions_obtained":[{"floor":1,"key":"Dexterity Potion"},{"floor":3,"key":"Block Potion"},{"floor":8,"key":"Fire Potion"},{"floor":18,"key":"Weak Potion"}],"is_trial":false,"path_per_floor":["M","M","M","?","M","R","M","E","T","R","$","E","E","M","R","B",null,"M","M","?","M","M"],"character_chosen":"DEFECT","items_purchased":["Machine Learning","Scrape"],"campfire_rested":2,"item_purchase_floors":[11,11],"current_hp_per_floor":[74,69,68,68,68,68,59,42,42,64,64,53,43,39,61,36,75,52,32,32,2,0],"gold":236,"neow_bonus":"","is_prod":false,"is_daily":true,"chose_seed":false,"campfire_upgraded":1,"win_rate":0.0,"timestamp":1565511613,"path_taken":["M","M","M","?","M","R","M","?","T","R","$","?","E","M","R","BOSS","M","M","?","M","M"],"build_version":"2019-07-17","purchased_purges":0,"victory":false,"max_hp_per_floor":[75,75,75,75,75,75,75,75,75,75,75,75,75,75,75,75,75,75,75,75,75,75],"card_choices":[{"not_picked":["Hello World","Beam Cell"],"picked":"Doom and Gloom","floor":1},{"not_picked":["Defragment","Blizzard"],"picked":"Conserve Battery","floor":2},{"not_picked":["Hello World","Hologram"],"picked":"Double Energy","floor":3},{"not_picked":["Static Discharge","Tempest"],"picked":"Fusion","floor":5},{"not_picked":["Go for the Eyes","Steam"],"picked":"Ball Lightning","floor":7},{"not_picked":["Static Discharge","Stack"],"picked":"Genetic Algorithm","floor":8},{"not_picked":["Reprogram","Tempest"],"picked":"Rebound","floor":10},{"not_picked":["Conserve Battery","Coolheaded"],"picked":"Core Surge","floor":12},{"not_picked":["Hologram","Go for the Eyes"],"picked":"Ball Lightning","floor":13},{"not_picked":["Leap","Ball Lightning"],"picked":"Streamline","floor":14},{"not_picked":["Conserve Battery","Go for the Eyes"],"picked":"Darkness","floor":15},{"not_picked":["Reboot","Creative AI"],"picked":"Hyperbeam","floor":16},{"not_picked":["Tempest","Hello World"],"picked":"Compile Driver","floor":18},{"not_picked":["Gash+1","Ball Lightning"],"picked":"Fusion","floor":19},{"not_picked":["Chill","Rip and Tear"],"picked":"Auto Shields+1","floor":21}],"player_experience":10498,"relics_obtained":[{"floor":8,"key":"DataDisk"},{"floor":9,"key":"Dream Catcher"},{"floor":12,"key":"Ancient Tea Set"},{"floor":13,"key":"Darkstone Periapt"}],"event_choices":[{"damage_healed":0,"gold_gain":0,"player_choice":"3 cards matched","damage_taken":0,"max_hp_gain":0,"max_hp_loss":0,"event_name":"Match and Keep!","floor":4,"gold_loss":0,"cards_obtained":["Dark Shackles","Zap","Hologram"]},{"damage_healed":0,"gold_gain":0,"player_choice":"Ignored","damage_taken":0,"max_hp_gain":0,"max_hp_loss":0,"event_name":"Vampires","floor":20,"gold_loss":0}],"is_beta":false,"boss_relics":[{"not_picked":["Orrery","Black Star"],"picked":"White Beast Statue"}],"items_purged_floors":[],"is_endless":false,"potions_floor_spawned":[1,3,8,14,18,19,21],"killed_by":"Shelled Parasite and Fungi","ascension_level":0}