{"gold_per_floor":[116,66,84,84,102,115,149,149,175,191,218,107,107,122,122,195,195,207,132,132,148,68,68,94,94,121,52,62,62,88,106,106,106],"floor_reached":33,"playtime":1738,"items_purged":["Strike_R"],"score":512,"play_id":"3e067afd-c58a-48d4-a4c9-6af17cb72764","local_time":"20181004000117","is_ascension_mode":true,"campfire_choices":[{"data":"Body Slam","floor":8,"key":"SMITH"},{"data":"Whirlwind","floor":13,"key":"SMITH"},{"data":"True Grit","floor":15,"key":"SMITH"},{"data":"Demon Form","floor":23,"key":"SMITH"},{"data":"Uppercut","floor":25,"key":"SMITH"},{"floor":29,"key":"REST"},{"floor":32,"key":"REST"}],"neow_cost":"NONE","seed_source_timestamp":1926087600476479,"circlet_count":0,"master_deck":["Defend_R","Defend_R","Defend_R","Defend_R","Bash","AscendersBane","Headbutt","Uppercut+1","Whirlwind+1","Iron Wave","Body Slam+1","Thunderclap","Ghostly Armor","True Grit+1","Demon Form+1","Ghostly","Ghostly","Ghostly","Ghostly","Ghostly","Disarm","Evolve","Ghostly Armor"],"relics":["Burning Blood","Red Skull","Oddly Smooth Stone","Ancient Tea Set","Busted Crown","Lantern","Dream Catcher","Smiling Mask"],"potions_floor_usage":[7,7,10,11,16,33,33],"damage_taken":[{"damage":9,"enemies":"Jaw Worm","floor":1,"turns":4},{"damage":1,"enemies":"Cultist","floor":3,"turns":4},{"damage":8,"enemies":"2 Louse","floor":5,"turns":3},{"damage":12,"enemies":"Exordium Thugs","floor":6,"turns":5},{"damage":19,"enemies":"Gremlin Nob","floor":7,"turns":4},{"damage":0,"enemies":"Large Slime","floor":10,"turns":3},{"damage":23,"enemies":"3 Sentries","floor":11,"turns":7},{"damage":0,"enemies":"2 Fungi Beasts","floor":14,"turns":1},{"damage":40,"enemies":"Hexaghost","floor":16,"turns":14},{"damage":0,"enemies":"3 Byrds","floor":18,"turns":4},{"damage":0,"enemies":"Spheric Guardian","floor":21,"turns":5},{"damage":15,"enemies":"Book of Stabbing","floor":24,"turns":7},{"damage":10,"enemies":"Shelled Parasite and Fungi","floor":28,"turns":6},{"damage":24,"enemies":"Slavers","floor":30,"turns":5},{"damage":5,"enemies":"Cultist and Chosen","floor":31,"turns":6},{"damage":37,"enemies":"Collector","floor":33,"turns":6}],"seed_played":"-7596853735109406414","potions_obtained":[{"floor":3,"key":"Weak Potion"},{"floor":6,"key":"Poison Potion"},{"floor":7,"key":"Explosive Potion"},{"floor":10,"key":"SkillPotion"},{"floor":14,"key":"EssenceOfSteel"},{"floor":24,"key":"Dexterity Potion"},{"floor":31,"key":"AttackPotion"}],"is_trial":false,"path_per_floor":["M","?","M","?","M","M","E","R","T","M","E","$","R","M","R","B",null,"M","?","?","M","$","R","E","R","T","$","M","R","E","M","R"],"character_chosen":"IRONCLAD","items_purchased":["Ghostly Armor","Disarm","Evolve"],"campfire_rested":2,"item_purchase_floors":[12,22,27],"current_hp_per_floor":[69,69,74,74,72,66,53,53,53,59,42,42,42,48,48,14,64,70,70,40,40,40,40,31,31,31,31,27,39,21,22,34,0],"gold":106,"neow_bonus":"REMOVE_CARD","is_prod":false,"is_daily":false,"chose_seed":false,"campfire_upgraded":5,"win_rate":0,"timestamp":1538625677,"path_taken":["M","?","M","?","M","M","E","R","T","M","E","$","R","?","R","BOSS","M","?","?","M","$","R","E","R","T","$","M","R","E","M","R","BOSS"],"build_version":"2018-09-27","purchased_purges":1,"victory":false,"max_hp_per_floor":[80,80,80,80,80,80,80,80,80,80,80,80,80,80,80,80,80,80,80,40,40,40,40,40,40,40,40,40,40,40,40,40,40],"card_choices":[{"not_picked":["Heavy Blade","Sword Boomerang"],"picked":"Headbutt","floor":1},{"not_picked":["Seeing Red","Hemokinesis"],"picked":"Uppercut","floor":3},{"not_picked":["Second Wind","Havoc"],"picked":"Whirlwind","floor":5},{"not_picked":["Intimidate","Heavy Blade"],"picked":"Iron Wave","floor":6},{"not_picked":["Anger","Corruption"],"picked":"Body Slam","floor":7},{"not_picked":["Exhume","Iron Wave"],"picked":"Thunderclap","floor":10},{"not_picked":["Flex","Clothesline","Feel No Pain"],"picked":"SKIP","floor":11},{"not_picked":["Heavy Blade","Clothesline"],"picked":"True Grit","floor":14},{"not_picked":["Offering","Feed"],"picked":"Demon Form","floor":16},{"not_picked":["Whirlwind"],"picked":"SKIP","floor":18},{"not_picked":["Cleave"],"picked":"SKIP","floor":21},{"not_picked":["Dropkick"],"picked":"SKIP","floor":24},{"not_picked":["Body Slam"],"picked":"SKIP","floor":28},{"not_picked":[],"picked":"Ghostly Armor","floor":30},{"not_picked":["Hemokinesis"],"picked":"SKIP","floor":31}],"player_experience":446432,"relics_obtained":[{"floor":7,"key":"Red Skull"},{"floor":9,"key":"Oddly Smooth Stone"},{"floor":11,"key":"Ancient Tea Set"},{"floor":24,"key":"Lantern"},{"floor":26,"key":"Dream Catcher"},{"floor":30,"key":"Smiling Mask"}],"event_choices":[{"event_name":"The Cleric","player_choice":"Card Removal","floor":2,"damage_taken":0},{"event_name":"Purifier","player_choice":"One Purge","floor":4,"damage_taken":0},{"event_name":"Beggar","player_choice":"Gave Gold","floor":19,"damage_taken":0},{"event_name":"Ghosts","player_choice":"Became a Ghost","floor":20,"damage_taken":0}],"is_beta":false,"boss_relics":[{"not_picked":["Pandora\u0027s Box","Coffee Dripper"],"picked":"Busted Crown"}],"items_purged_floors":[12],"is_endless":false,"potions_floor_spawned":[3,6,7,10,14,24,31],"killed_by":"Collector","ascension_level":13}