{"gold_per_floor":[114,64,79,94,94,124,124,124,124,143,162,200,275,351,351,476,476,495,594,134,134,134,134,172,191,191,203,250,262,293,324,336,348],"floor_reached":33,"playtime":80494,"items_purged":["Strike_G"],"score":298,"play_id":"be6db208-0c92-4559-9ac6-5acca9a2ebd1","local_time":"20190709173049","daily_mods":["Heirloom","Colorless Cards","Terminal"],"is_ascension_mode":false,"campfire_choices":[{"data":"Neutralize","floor":7,"key":"SMITH"},{"data":"Cloak And Dagger","floor":15,"key":"SMITH"},{"data":"Secret Weapon","floor":23,"key":"SMITH"},{"data":"Crippling Poison","floor":27,"key":"SMITH"},{"data":"Cloak And Dagger","floor":29,"key":"SMITH"},{"data":"Flechettes","floor":32,"key":"SMITH"}],"neow_cost":"","seed_source_timestamp":0,"circlet_count":0,"master_deck":["Strike_G","Strike_G","Defend_G","Defend_G","Defend_G","Defend_G","Defend_G","Survivor","Neutralize+1","Skewer+1","Blade Dance","Sucker Punch","Cloak And Dagger+1","Cloak And Dagger+1","Flying Knee","Secret Weapon+1","Backflip+1","Caltrops","Flechettes+1","Crippling Poison+1","Accuracy+1","Deflect","Distraction+1"],"special_seed":18085,"relics":["Ring of the Snake","Turnip","Incense Burner","Golden Idol","Question Card","Gremlin Horn","Sozu","Tiny Chest","Anchor","Bag of Marbles","Art of War","MawBank","Red Mask"],"potions_floor_usage":[6,12,16,33],"damage_taken":[{"damage":0,"enemies":"Jaw Worm","floor":1,"turns":5},{"damage":0,"enemies":"Small Slimes","floor":3,"turns":3},{"damage":0,"enemies":"2 Louse","floor":4,"turns":3},{"damage":18,"enemies":"Lagavulin","floor":6,"turns":7},{"damage":0,"enemies":"Large Slime","floor":10,"turns":4},{"damage":0,"enemies":"3 Louse","floor":11,"turns":3},{"damage":1,"enemies":"Gremlin Nob","floor":12,"turns":3},{"damage":7,"enemies":"Hexaghost","floor":16,"turns":12},{"damage":0,"enemies":"3 Byrds","floor":18,"turns":5},{"damage":0,"enemies":"Gremlin Leader","floor":24,"turns":6},{"damage":3,"enemies":"Shell Parasite","floor":25,"turns":4},{"damage":0,"enemies":"Masked Bandits","floor":28,"turns":4},{"damage":0,"enemies":"3 Cultists","floor":30,"turns":4},{"damage":0,"enemies":"Snecko","floor":31,"turns":4},{"damage":47,"enemies":"Champ","floor":33,"turns":12}],"seed_played":"-1033485065837994078","potions_obtained":[{"floor":4,"key":"Poison Potion"},{"floor":6,"key":"Strength Potion"},{"floor":11,"key":"GhostInAJar"},{"floor":12,"key":"SneckoOil"}],"is_trial":false,"path_per_floor":["M","?","M","M","?","E","R","?","T","M","M","E","?","?","R","B",null,"M","?","$","?","?","R","E","M","T","R","?","R","M","M","R","B"],"character_chosen":"THE_SILENT","items_purchased":["Tiny Chest","Anchor","Caltrops","Flechettes"],"campfire_rested":0,"item_purchase_floors":[20,20,20,20],"current_hp_per_floor":[68,67,66,65,64,46,46,31,31,31,31,30,19,19,19,12,52,51,50,49,48,47,46,45,42,42,42,41,40,39,38,37,0],"gold":348,"neow_bonus":"","is_prod":false,"is_daily":true,"chose_seed":false,"campfire_upgraded":6,"win_rate":0,"timestamp":1562707849,"path_taken":["M","?","M","M","?","E","R","?","T","M","M","E","?","?","R","BOSS","M","?","$","?","?","R","E","?","T","R","?","R","M","M","R","BOSS"],"build_version":"2019-07-05","purchased_purges":1,"victory":false,"max_hp_per_floor":[68,67,66,65,64,63,62,61,60,59,58,57,56,55,54,53,52,51,50,49,48,47,46,45,44,43,42,41,40,39,38,37,37],"card_choices":[{"not_picked":["Backflip","Panacea"],"picked":"Skewer","floor":1},{"not_picked":["Prepared","Purity"],"picked":"Blade Dance","floor":3},{"not_picked":["Poisoned Stab","Outmaneuver"],"picked":"Sucker Punch","floor":4},{"not_picked":["Purity","Grand Finale","Distraction"],"picked":"SKIP","floor":6},{"not_picked":["Bane","All Out Attack","Panacea"],"picked":"Cloak And Dagger","floor":10},{"not_picked":["Quick Slash","Poisoned Stab","Outmaneuver"],"picked":"Cloak And Dagger","floor":11},{"not_picked":["Poisoned Stab","Acrobatics","Riddle With Holes"],"picked":"Flying Knee","floor":12},{"not_picked":["Night Terror","Bullet Time","Thinking Ahead"],"picked":"Secret Weapon","floor":16},{"not_picked":["Quick Slash+1","Calculated Gamble","Acrobatics+1"],"picked":"Backflip+1","floor":18},{"not_picked":["Dagger Spray","Flying Knee","Enlightenment+1"],"picked":"Crippling Poison","floor":24},{"not_picked":["Quick Slash","Slice","The Bomb","Dodge and Roll"],"picked":"SKIP","floor":25},{"not_picked":["Acrobatics","Bane+1","Slice"],"picked":"Accuracy+1","floor":28},{"not_picked":["Panacea","Dagger Spray","Underhanded Strike"],"picked":"Deflect","floor":30},{"not_picked":["Slice","Flying Knee","Discovery"],"picked":"Distraction+1","floor":31}],"player_experience":544538,"relics_obtained":[{"floor":6,"key":"Incense Burner"},{"floor":9,"key":"Question Card"},{"floor":12,"key":"Gremlin Horn"},{"floor":24,"key":"Art of War"},{"floor":26,"key":"MawBank"},{"floor":28,"key":"Red Mask"}],"event_choices":[{"cards_removed":["Strike_G"],"damage_healed":0,"gold_gain":0,"player_choice":"Card Removal","damage_taken":0,"max_hp_gain":0,"max_hp_loss":0,"event_name":"The Cleric","floor":2,"gold_loss":50},{"damage_healed":0,"gold_gain":0,"player_choice":"Grow","damage_taken":0,"max_hp_gain":0,"max_hp_loss":0,"event_name":"Living Wall","floor":5,"gold_loss":0,"cards_upgraded":["Skewer"]},{"damage_healed":0,"gold_gain":0,"player_choice":"Take Damage","damage_taken":15,"relics_obtained":["Golden Idol"],"max_hp_gain":0,"max_hp_loss":0,"event_name":"Golden Idol","floor":8,"gold_loss":0},{"damage_healed":0,"gold_gain":75,"player_choice":"Gather Gold","damage_taken":11,"max_hp_gain":0,"max_hp_loss":0,"event_name":"World of Goop","floor":13,"gold_loss":0},{"damage_healed":0,"gold_gain":76,"player_choice":"Gained Gold","damage_taken":0,"max_hp_gain":0,"max_hp_loss":0,"event_name":"Golden Wing","floor":14,"gold_loss":0},{"damage_healed":0,"gold_gain":99,"player_choice":"Stole From Cult","damage_taken":0,"max_hp_gain":0,"max_hp_loss":0,"event_name":"Nest","floor":19,"gold_loss":0},{"damage_healed":0,"gold_gain":0,"player_choice":"Opened","damage_taken":0,"relics_obtained":["Bag of Marbles"],"max_hp_gain":0,"max_hp_loss":0,"event_name":"The Mausoleum","floor":21,"gold_loss":0},{"cards_removed":["Strike_G"],"damage_healed":0,"gold_gain":0,"player_choice":"Purged","damage_taken":0,"max_hp_gain":0,"max_hp_loss":0,"event_name":"Purifier","floor":22,"gold_loss":0},{"damage_healed":0,"gold_gain":0,"player_choice":"Fought Bandits","damage_taken":0,"max_hp_gain":0,"max_hp_loss":0,"event_name":"Masked Bandits","floor":28,"gold_loss":0}],"is_beta":false,"boss_relics":[{"not_picked":["Astrolabe","Busted Crown"],"picked":"Sozu"}],"items_purged_floors":[20],"is_endless":false,"potions_floor_spawned":[4,6,11,12,18,28,30,31],"killed_by":"Champ","ascension_level":0}