{"gold_per_floor":[114,114,114,130,145,145,180,140,140,140,157,184,62,75,75,176,176,193,193,70,85,105,105],"floor_reached":23,"playtime":4192,"items_purged":["Strike_G","Strike_G"],"score":281,"play_id":"5266d16b-bf1b-4076-bb97-d35437f6f664","local_time":"20190304164424","is_ascension_mode":true,"campfire_choices":[{"data":"Masterful Stab","floor":6.0,"key":"SMITH"},{"floor":10.0,"key":"REST"},{"floor":15.0,"key":"DIG"}],"neow_cost":"NONE","seed_source_timestamp":105802467301914,"circlet_count":0,"master_deck":["Defend_G","Defend_G","Defend_G","Defend_G","Defend_G","Strike_G","Survivor","Neutralize","Choke","Terror","Masterful Stab+1","Masterful Stab","Infinite Blades","Slice","Backstab","Cloak And Dagger","Masterful Stab","Night Terror","Backflip","Poisoned Stab","Blade Dance","Footwork+1"],"special_seed":0,"relics":["Ring of the Snake","Shuriken","Shovel","Happy Flower","Bronze Scales","Dream Catcher","Sozu"],"potions_floor_usage":[16,16],"damage_taken":[{"damage":3.0,"enemies":"Jaw Worm","floor":1.0,"turns":5.0},{"damage":1.0,"enemies":"Small Slimes","floor":4.0,"turns":3.0},{"damage":7.0,"enemies":"2 Louse","floor":5.0,"turns":3.0},{"damage":12.0,"enemies":"Lagavulin","floor":7.0,"turns":6.0},{"damage":0.0,"enemies":"Red Slaver","floor":11.0,"turns":3.0},{"damage":8.0,"enemies":"Gremlin Nob","floor":12.0,"turns":3.0},{"damage":0.0,"enemies":"2 Fungi Beasts","floor":14.0,"turns":2.0},{"damage":9,"enemies":"Hexaghost","floor":16,"turns":7},{"damage":2,"enemies":"Shell Parasite","floor":18,"turns":4},{"damage":4,"enemies":"2 Thieves","floor":21,"turns":3},{"damage":18,"enemies":"Snake Plant","floor":22,"turns":2},{"damage":48,"enemies":"Gremlin Leader","floor":23,"turns":5}],"seed_played":"-6019274280153145314","potions_obtained":[{"floor":4.0,"key":"EssenceOfSteel"},{"floor":11.0,"key":"Strength Potion"},{"floor":14.0,"key":"Energy Potion"}],"is_trial":false,"path_per_floor":["M","?","?","M","M","R","E","$","T","R","M","E","$","M","R","B",null,"M","?","$","M","M","E"],"character_chosen":"THE_SILENT","items_purchased":["Infinite Blades","Cloak And Dagger","Blade Dance"],"campfire_rested":1,"item_purchase_floors":[8,13,20],"current_hp_per_floor":[60,60,42,41,34,34,22,22,22,43,43,35,35,35,35,26,59,57,57,57,53,35,0],"gold":105,"neow_bonus":"THREE_CARDS","is_prod":false,"is_daily":false,"chose_seed":false,"campfire_upgraded":1,"win_rate":0,"timestamp":1551735864,"path_taken":["M","?","?","M","M","R","E","$","T","R","M","E","$","M","R","BOSS","M","?","$","M","M","E"],"build_version":"2019-01-23","purchased_purges":2,"victory":false,"max_hp_per_floor":[70,70,70,70,70,70,70,70,70,70,70,70,70,70,70,70,70,70,70,70,70,70,70],"card_choices":[{"not_picked":["Bane","Dodge and Roll"],"picked":"Choke","floor":0.0},{"not_picked":["PiercingWail","Bane"],"picked":"Terror","floor":1.0},{"not_picked":["Bane","Crippling Poison","Acrobatics"],"picked":"SKIP","floor":4.0},{"not_picked":["Sucker Punch","Quick Slash"],"picked":"Masterful Stab","floor":5.0},{"not_picked":["Riddle With Holes","Tactician"],"picked":"Masterful Stab","floor":7.0},{"not_picked":["Quick Slash","Underhanded Strike"],"picked":"Slice","floor":11.0},{"not_picked":["Phantasmal Killer","Leg Sweep"],"picked":"Backstab","floor":12.0},{"not_picked":["Deflect","Flying Knee"],"picked":"Masterful Stab","floor":14.0},{"not_picked":["Glass Knife","Venomology"],"picked":"Night Terror","floor":16},{"not_picked":["Deflect","Escape Plan+1"],"picked":"Backflip","floor":18},{"not_picked":["Eviscerate","Tactician","Crippling Poison"],"picked":"SKIP","floor":21},{"not_picked":["Quick Slash","Underhanded Strike"],"picked":"Footwork+1","floor":22}],"player_experience":734277,"relics_obtained":[{"floor":7.0,"key":"Shovel"},{"floor":9.0,"key":"Happy Flower"},{"floor":12.0,"key":"Bronze Scales"},{"floor":15.0,"key":"Dream Catcher"}],"event_choices":[{"cards_removed":["Strike_G"],"damage_healed":0.0,"max_hp_gain":0.0,"max_hp_loss":0.0,"gold_gain":0.0,"event_name":"Living Wall","player_choice":"Forget","floor":2.0,"gold_loss":0.0,"damage_taken":0.0},{"damage_healed":0.0,"max_hp_gain":0.0,"max_hp_loss":0.0,"gold_gain":0.0,"event_name":"Scrap Ooze","player_choice":"Success","floor":3.0,"gold_loss":0.0,"damage_taken":18.0,"relics_obtained":["Shuriken"]},{"damage_healed":0,"gold_gain":0,"cards_transformed":["Strike_G"],"player_choice":"Transformed","damage_taken":0,"max_hp_gain":0,"max_hp_loss":0,"event_name":"Transmorgrifier","floor":19,"gold_loss":0,"cards_obtained":["Poisoned Stab"]}],"is_beta":false,"boss_relics":[{"not_picked":["Pandora\u0027s Box","Tiny House"],"picked":"Sozu"}],"items_purged_floors":[13,20],"is_endless":false,"potions_floor_spawned":[4,11,14,18],"killed_by":"Gremlin Leader","ascension_level":8}