{"gold_per_floor":[367,367,367,383,1,14,33,59,59,59,59,85,85,102,102,207,207,226,278,278,278,291,291],"floor_reached":23,"playtime":2186,"items_purged":["Strike_G"],"score":299,"play_id":"fbc39e45-5f53-4078-a255-6ad4982fc703","local_time":"20190811083032","is_ascension_mode":true,"campfire_choices":[{"floor":11,"key":"REST"},{"floor":15,"key":"REST"}],"neow_cost":"CURSE","seed_source_timestamp":515875984249291,"circlet_count":0,"master_deck":["AscendersBane","Strike_G","Strike_G","Defend_G","Defend_G","Defend_G","Defend_G","Survivor+1","Neutralize","Slice+1","Flying Knee","Cloak And Dagger","Poisoned Stab","Dodge and Roll","Blur","Flying Knee","Wraith Form v2","Footwork","Burst","Deflect","Distraction","Backstab"],"relics":["Ring of the Snake","Gremlin Horn","Ice Cream","Sundial","Pear","Paper Crane","Empty Cage","Omamori"],"potions_floor_usage":[8,12,16,22,22,22,23],"damage_taken":[{"damage":0,"enemies":"2 Louse","floor":1,"turns":3},{"damage":2,"enemies":"Jaw Worm","floor":4,"turns":6},{"damage":1,"enemies":"Cultist","floor":6,"turns":4},{"damage":1,"enemies":"Looter","floor":7,"turns":3},{"damage":32,"enemies":"Gremlin Nob","floor":8,"turns":5},{"damage":16,"enemies":"Lagavulin","floor":12,"turns":8},{"damage":2,"enemies":"Blue Slaver","floor":14,"turns":5},{"damage":26,"enemies":"The Guardian","floor":16,"turns":16},{"damage":16,"enemies":"3 Byrds","floor":18,"turns":8},{"damage":2,"enemies":"Chosen","floor":22,"turns":11},{"damage":49,"enemies":"Slavers","floor":23,"turns":9}],"seed_played":"-4206639809980386039","potions_obtained":[{"floor":7,"key":"SpeedPotion"},{"floor":8,"key":"Weak Potion"},{"floor":14,"key":"AttackPotion"},{"floor":21,"key":"Strength Potion"},{"floor":21,"key":"SneckoOil"},{"floor":21,"key":"SpeedPotion"},{"floor":22,"key":"Poison Potion"}],"is_trial":false,"path_per_floor":["M","?","?","M","$","M","M","E","T","T","R","E","?","M","R","B",null,"M","T","?","?","M","E"],"character_chosen":"THE_SILENT","items_purchased":["Gremlin Horn","Cloak And Dagger"],"campfire_rested":2,"item_purchase_floors":[5,5],"current_hp_per_floor":[63,56,43,41,41,40,39,7,7,17,40,24,24,22,45,19,63,47,47,47,47,45,0],"gold":291,"neow_bonus":"TWO_FIFTY_GOLD","is_prod":false,"is_daily":false,"chose_seed":false,"campfire_upgraded":0,"win_rate":0,"timestamp":1565537432,"path_taken":["M","?","?","M","$","M","M","E","T","?","R","E","?","M","R","BOSS","M","?","?","?","?","E"],"build_version":"2019-07-17","purchased_purges":1,"victory":false,"max_hp_per_floor":[70,67,67,67,67,67,67,67,67,77,77,77,77,77,77,77,77,77,77,77,77,77,77],"card_choices":[{"not_picked":["Leg Sweep","Underhanded Strike"],"picked":"Slice","floor":1},{"not_picked":["Dagger Spray","Concentrate"],"picked":"Flying Knee","floor":4},{"not_picked":["Dagger Throw","Sucker Punch"],"picked":"Poisoned Stab","floor":6},{"not_picked":["All Out Attack","Escape Plan"],"picked":"Dodge and Roll","floor":7},{"not_picked":["Dagger Throw","Outmaneuver"],"picked":"Blur","floor":8},{"not_picked":["Bane","Blade Dance"],"picked":"Flying Knee","floor":12},{"not_picked":["Dagger Throw","Storm of Steel"],"picked":"Footwork","floor":14},{"not_picked":["Glass Knife","Grand Finale"],"picked":"Burst","floor":16},{"not_picked":["Eviscerate","Concentrate"],"picked":"Deflect","floor":18},{"not_picked":["Dagger Throw","Blade Dance+1"],"picked":"Backstab","floor":22}],"player_experience":553361,"relics_obtained":[{"floor":8,"key":"Ice Cream"},{"floor":9,"key":"Sundial"},{"floor":10,"key":"Pear"},{"floor":12,"key":"Paper Crane"},{"floor":19,"key":"Omamori"}],"event_choices":[{"cards_removed":["Parasite"],"damage_healed":0,"gold_gain":0,"player_choice":"Card Removal","damage_taken":7,"max_hp_gain":0,"max_hp_loss":0,"event_name":"Golden Wing","floor":2,"gold_loss":0},{"damage_healed":0,"gold_gain":0,"player_choice":"Entered Light","damage_taken":13,"max_hp_gain":0,"max_hp_loss":0,"event_name":"Shining Light","floor":3,"gold_loss":0,"cards_upgraded":["Survivor","Slice"]},{"damage_healed":0,"gold_gain":0,"cards_transformed":["Defend_G"],"player_choice":"Transformed","damage_taken":0,"max_hp_gain":0,"max_hp_loss":0,"event_name":"Transmorgrifier","floor":13,"gold_loss":0,"cards_obtained":["Wraith Form v2"]},{"damage_healed":0,"gold_gain":0,"player_choice":"Read","damage_taken":0,"max_hp_gain":0,"max_hp_loss":0,"event_name":"The Library","floor":20,"gold_loss":0,"cards_obtained":["Distraction"]},{"damage_healed":0,"gold_gain":0,"player_choice":"Got Potions","damage_taken":0,"max_hp_gain":0,"max_hp_loss":0,"event_name":"Lab","floor":21,"gold_loss":0}],"is_beta":false,"boss_relics":[{"not_picked":["Ring of the Serpent","Orrery"],"picked":"Empty Cage"}],"items_purged_floors":[5],"is_endless":false,"potions_floor_spawned":[7,8,14,22],"killed_by":"Slavers","ascension_level":10}