{"gold_per_floor":[113,192,192,204,217,217,232,264,264,264,264,264],"floor_reached":12,"playtime":531,"items_purged":[],"score":121,"play_id":"b911de34-6750-4b01-bfff-4d4248670f45","local_time":"20190312164344","is_ascension_mode":true,"campfire_choices":[{"data":"All Out Attack","floor":6,"key":"SMITH"},{"data":"Deflect","floor":10,"key":"SMITH"}],"neow_cost":"NONE","seed_source_timestamp":434383388717718,"circlet_count":0,"master_deck":["AscendersBane","Defend_G","Defend_G","Defend_G","Defend_G","Defend_G","Strike_G","Strike_G","Strike_G","Strike_G","Strike_G","Survivor","Neutralize+1","Backstab","All Out Attack+1","Deadly Poison","Deflect+1","Backflip"],"relics":["Ring of the Snake","Darkstone Periapt","Pocketwatch","Omamori","Golden Idol"],"potions_floor_usage":[8,8],"damage_taken":[{"damage":7,"enemies":"Cultist","floor":1,"turns":4},{"damage":0,"enemies":"Jaw Worm","floor":4,"turns":3},{"damage":2,"enemies":"Small Slimes","floor":5,"turns":3},{"damage":3,"enemies":"Looter","floor":7,"turns":3},{"damage":10,"enemies":"3 Sentries","floor":8,"turns":8},{"damage":41,"enemies":"Gremlin Nob","floor":12,"turns":5}],"seed_played":"-4898867921221268331","potions_obtained":[{"floor":1,"key":"LiquidBronze"},{"floor":4,"key":"SkillPotion"},{"floor":7,"key":"AttackPotion"}],"is_trial":false,"path_per_floor":["M","T","?","M","M","R","M","E","T","R","?","E"],"character_chosen":"THE_SILENT","items_purchased":[],"campfire_rested":0,"item_purchase_floors":[],"current_hp_per_floor":[56,56,49,49,47,47,44,34,34,34,34,0],"gold":264,"neow_bonus":"UPGRADE_CARD","is_prod":false,"is_daily":false,"chose_seed":false,"campfire_upgraded":2,"win_rate":0,"timestamp":1552423424,"path_taken":["M","?","?","?","M","R","M","E","T","R","?","E"],"build_version":"2019-01-23","purchased_purges":0,"victory":false,"max_hp_per_floor":[70,70,70,70,70,70,70,70,70,70,65,65],"card_choices":[{"not_picked":["Caltrops","Finisher"],"picked":"Backstab","floor":1},{"not_picked":["Poisoned Stab","Skewer"],"picked":"All Out Attack","floor":4},{"not_picked":["Dagger Throw","Sucker Punch"],"picked":"Deadly Poison","floor":5},{"not_picked":["Eviscerate","Dodge and Roll"],"picked":"Deflect","floor":7},{"not_picked":["Tactician","Deadly Poison"],"picked":"Backflip","floor":8}],"player_experience":767051,"relics_obtained":[{"floor":2,"key":"Darkstone Periapt"},{"floor":8,"key":"Pocketwatch"},{"floor":9,"key":"Omamori"}],"event_choices":[{"damage_healed":0,"gold_gain":0,"player_choice":"Damaged","damage_taken":7,"max_hp_gain":0,"max_hp_loss":0,"event_name":"Wheel of Change","floor":3,"gold_loss":0},{"damage_healed":0,"gold_gain":0,"player_choice":"Lose Max HP","damage_taken":0,"relics_obtained":["Golden Idol"],"max_hp_gain":0,"max_hp_loss":5,"event_name":"Golden Idol","floor":11,"gold_loss":0}],"is_beta":false,"boss_relics":[],"items_purged_floors":[],"is_endless":false,"potions_floor_spawned":[1,4,7],"killed_by":"Gremlin Nob","ascension_level":11}