{"gold_per_floor":[116,134,148,148,148,181,194,194,263,263,289,13,13,31,31,127,127,141,169,84,6,22,22,40,40],"floor_reached":25,"playtime":1488,"items_purged":[],"score":253,"play_id":"94c7e04d-feb2-41de-ae61-d91dd82ba835","local_time":"20190705154642","is_ascension_mode":true,"campfire_choices":[{"floor":8,"key":"REST"},{"data":"Buffer","floor":10,"key":"SMITH"},{"data":"Echo Form","floor":13,"key":"SMITH"},{"floor":15,"key":"REST"},{"data":"Scrape","floor":23,"key":"SMITH"}],"neow_cost":"NONE","seed_source_timestamp":203078732051536,"circlet_count":0,"master_deck":["Strike_B","Strike_B","Strike_B","Strike_B","Defend_B","Defend_B","Defend_B","Defend_B","Zap","Dualcast","Echo Form+1","Conserve Battery+1","Cold Snap","Gash+1","Scrape+1","Zap","Buffer+1","Storm","Beam Cell","Core Surge","Heatsinks+1","Auto Shields","All For One","Gash+1","Go for the Eyes","Defragment+1","Leap+1"],"relics":["Cracked Core","Turnip","Frozen Egg 2","Bag of Marbles","Medical Kit","Coffee Dripper","Red Mask","Singing Bowl"],"potions_floor_usage":[11,19,19],"damage_taken":[{"damage":4,"enemies":"Small Slimes","floor":1,"turns":3},{"damage":12,"enemies":"Jaw Worm","floor":2,"turns":3},{"damage":0,"enemies":"Cultist","floor":3,"turns":3},{"damage":20,"enemies":"3 Sentries","floor":6,"turns":8},{"damage":2,"enemies":"3 Louse","floor":7,"turns":4},{"damage":21,"enemies":"Gremlin Nob","floor":11,"turns":5},{"damage":0,"enemies":"Looter","floor":14,"turns":2},{"damage":16,"enemies":"Slime Boss","floor":16,"turns":9},{"damage":5,"enemies":"Chosen","floor":18,"turns":4},{"damage":25,"enemies":"Masked Bandits","floor":19,"turns":5},{"damage":12,"enemies":"3 Byrds","floor":22,"turns":4},{"damage":27,"enemies":"Snake Plant","floor":24,"turns":5},{"damage":23,"enemies":"Book of Stabbing","floor":25,"turns":3}],"seed_played":"3017156420532645475","potions_obtained":[{"floor":2,"key":"GamblersBrew"},{"floor":11,"key":"Energy Potion"},{"floor":16,"key":"Regen Potion"}],"is_trial":false,"path_per_floor":["M","M","M","?","?","E","M","R","T","R","E","$","R","M","R","B",null,"M","?","?","$","M","R","M","E"],"character_chosen":"DEFECT","items_purchased":["Heatsinks+1","Medical Kit","Defragment+1"],"campfire_rested":2,"item_purchase_floors":[12,12,21],"current_hp_per_floor":[71,59,59,44,44,24,22,44,44,44,23,23,23,23,45,29,75,70,57,57,57,47,47,20,0],"gold":40,"neow_bonus":"ONE_RANDOM_RARE_CARD","is_prod":false,"is_daily":false,"chose_seed":false,"campfire_upgraded":3,"win_rate":0,"timestamp":1562366802,"path_taken":["M","M","M","?","?","E","?","R","T","R","E","$","R","M","R","BOSS","M","?","?","?","M","R","?","E"],"build_version":"2019-07-05","purchased_purges":0,"victory":false,"max_hp_per_floor":[75,75,75,75,75,75,75,75,75,75,75,75,75,75,75,75,75,75,75,75,75,77,77,77,77],"card_choices":[{"not_picked":["Beam Cell","Ball Lightning"],"picked":"Conserve Battery","floor":1},{"not_picked":["Coolheaded","Go for the Eyes"],"picked":"Cold Snap","floor":2},{"not_picked":["Scrape","Go for the Eyes"],"picked":"Gash","floor":3},{"not_picked":["Chill","Go for the Eyes"],"picked":"Storm","floor":6},{"not_picked":["Conserve Battery","Reinforced Body"],"picked":"Beam Cell","floor":7},{"not_picked":["Hologram","Streamline"],"picked":"Core Surge","floor":11},{"not_picked":["Coolheaded","Turbo"],"picked":"Auto Shields","floor":14},{"not_picked":["Thunder Strike","Hyperbeam"],"picked":"All For One","floor":16},{"not_picked":["Stack","Undo"],"picked":"Gash+1","floor":18},{"not_picked":["Turbo","Leap"],"picked":"Go for the Eyes","floor":19},{"not_picked":["Turbo","Beam Cell","Fission"],"picked":"Singing Bowl","floor":22},{"not_picked":["Doom and Gloom","Darkness"],"picked":"Leap+1","floor":24}],"player_experience":180365,"relics_obtained":[{"floor":6,"key":"Turnip"},{"floor":9,"key":"Frozen Egg 2"},{"floor":11,"key":"Bag of Marbles"},{"floor":19,"key":"Red Mask"}],"event_choices":[{"damage_healed":0,"gold_gain":0,"player_choice":"Entered Light","damage_taken":15,"max_hp_gain":0,"max_hp_loss":0,"event_name":"Shining Light","floor":4,"gold_loss":0,"cards_upgraded":["Gash","Conserve Battery"]},{"damage_healed":0,"gold_gain":0,"player_choice":"3 cards matched","damage_taken":0,"max_hp_gain":0,"max_hp_loss":0,"event_name":"Match and Keep!","floor":5,"gold_loss":0,"cards_obtained":["Scrape","Zap","Buffer"]},{"damage_healed":0,"gold_gain":0,"player_choice":"Fought Bandits","damage_taken":0,"max_hp_gain":0,"max_hp_loss":0,"event_name":"Masked Bandits","floor":19,"gold_loss":0},{"damage_healed":0,"gold_gain":0,"player_choice":"Obtained Relic","damage_taken":0,"relics_obtained":["Singing Bowl"],"max_hp_gain":0,"max_hp_loss":0,"event_name":"Addict","floor":20,"gold_loss":85}],"is_beta":false,"boss_relics":[{"not_picked":["Snecko Eye","Busted Crown"],"picked":"Coffee Dripper"}],"items_purged_floors":[],"is_endless":false,"potions_floor_spawned":[2,11,16],"killed_by":"Book of Stabbing","ascension_level":4}