{"gold_per_floor":[210,230,230,69,83,114,114,114,139,139,157,157,177,177,177,301,301,321,321,321,236,280,314,314,327,327,352,252,266,266,287,287,415,415,430,449,85,109,109,140,140,140,140,140,140,156,156,176,176,176],"floor_reached":51,"playtime":1798,"items_purged":["Strike_R","Strike_R","Strike_R"],"score":770,"play_id":"99f70eb8-1ba6-40dd-9c8f-71e4bcb1d750","local_time":"20190808173351","is_ascension_mode":false,"campfire_choices":[{"data":"Bash","floor":7.0,"key":"SMITH"},{"data":"Bludgeon","floor":10.0,"key":"SMITH"},{"data":"Evolve","floor":12.0,"key":"SMITH"},{"data":"Sword Boomerang","floor":15.0,"key":"SMITH"},{"data":"Barricade","floor":24.0,"key":"SMITH"},{"data":"Metallicize","floor":30.0,"key":"SMITH"},{"data":"Metallicize","floor":32.0,"key":"SMITH"},{"data":"Body Slam","floor":41,"key":"SMITH"},{"data":"Whirlwind","floor":44,"key":"SMITH"},{"data":"Shrug It Off","floor":47,"key":"SMITH"},{"data":"Defend_R","floor":49,"key":"SMITH"}],"neow_cost":"NONE","seed_source_timestamp":0,"circlet_count":0,"master_deck":["Defend_R","Defend_R","Defend_R","Defend_R+1","Bash+1","Sword Boomerang+1","Twin Strike","Evolve+1","Shrug It Off+1","Bludgeon+1","Barricade+1","Whirlwind+1","Juggernaut+1","Metallicize+1","Metallicize+1","Body Slam+1"],"special_seed":0,"relics":["Burning Blood","Golden Idol","Bronze Scales","Pen Nib","Charon\u0027s Ashes","Velvet Choker","Unceasing Top","Red Mask","Orichalcum","Mercury Hourglass","Busted Crown","Singing Bowl","Lantern","Prayer Wheel"],"potions_floor_usage":[36,50,50,50],"damage_taken":[{"damage":1.0,"enemies":"Cultist","floor":1.0,"turns":3.0},{"damage":5.0,"enemies":"Small Slimes","floor":2.0,"turns":3.0},{"damage":1.0,"enemies":"2 Louse","floor":5.0,"turns":4.0},{"damage":28.0,"enemies":"Gremlin Nob","floor":6.0,"turns":4.0},{"damage":4.0,"enemies":"Blue Slaver","floor":11.0,"turns":2.0},{"damage":2.0,"enemies":"2 Fungi Beasts","floor":13.0,"turns":5.0},{"damage":0.0,"enemies":"Slime Boss","floor":16.0,"turns":4.0},{"damage":5.0,"enemies":"Shell Parasite","floor":18.0,"turns":3.0},{"damage":17.0,"enemies":"Masked Bandits","floor":22.0,"turns":5.0},{"damage":47.0,"enemies":"Slavers","floor":23.0,"turns":4.0},{"damage":13.0,"enemies":"2 Thieves","floor":25.0,"turns":4.0},{"damage":1.0,"enemies":"Chosen and Byrds","floor":27.0,"turns":4.0},{"damage":4.0,"enemies":"Centurion and Healer","floor":29.0,"turns":7.0},{"damage":10.0,"enemies":"3 Cultists","floor":31.0,"turns":4.0},{"damage":22.0,"enemies":"Champ","floor":33.0,"turns":10.0},{"damage":3,"enemies":"3 Shapes","floor":35,"turns":2},{"damage":3,"enemies":"Orb Walker","floor":36,"turns":2},{"damage":2,"enemies":"Transient","floor":38,"turns":5},{"damage":16,"enemies":"Reptomancer","floor":40,"turns":5},{"damage":0,"enemies":"Sphere and 2 Shapes","floor":46,"turns":3},{"damage":10,"enemies":"3 Darklings","floor":48,"turns":5},{"damage":46,"enemies":"Donu and Deca","floor":50,"turns":7}],"seed_played":"2024938544094484238","potions_obtained":[{"floor":1.0,"key":"FearPotion"},{"floor":6.0,"key":"Block Potion"},{"floor":13.0,"key":"PowerPotion"},{"floor":23.0,"key":"BloodPotion"},{"floor":25.0,"key":"SteroidPotion"},{"floor":31.0,"key":"Strength Potion"},{"floor":33.0,"key":"Strength Potion"},{"floor":35,"key":"Fire Potion"},{"floor":38,"key":"LiquidBronze"}],"is_trial":false,"path_per_floor":["M","M","?","$","M","E","R","?","T","R","M","R","M","T","R","B",null,"M","?","?","?","?","E","R","M","T","M","$","M","R","M","R","B",null,"M","M","$","M","?","E","R","?","T","R","?","M","R","M","R","B",null],"character_chosen":"IRONCLAD","items_purchased":["Evolve","Shrug It Off","Singing Bowl"],"campfire_rested":0,"item_purchase_floors":[4,4,37],"current_hp_per_floor":[80,80,60,60,65,43,43,48,48,48,50,50,54,54,54,60,85,85,85,85,85,74,33,33,47,47,52,52,54,54,50,50,34,85,85,85,85,85,85,77,77,77,77,77,77,87,87,87,87,47],"gold":176,"neow_bonus":"HUNDRED_GOLD","is_prod":false,"is_daily":false,"chose_seed":false,"campfire_upgraded":11,"win_rate":0,"timestamp":1565300031,"path_taken":["M","?","?","$","M","E","R","?","T","R","M","R","M","?","R","BOSS","M","?","?","?","?","E","R","M","T","M","?","?","R","M","R","BOSS","M","M","$","M","?","E","R","?","T","R","?","M","R","?","R","BOSS"],"build_version":"2019-07-17","purchased_purges":3,"victory":true,"max_hp_per_floor":[80,80,80,80,80,80,80,85,85,85,85,85,85,85,85,85,85,85,85,85,85,85,85,85,85,85,85,85,85,85,85,85,85,85,85,85,85,85,85,87,87,83,83,83,83,87,87,91,91,91],"card_choices":[{"not_picked":["Disarm","Combust"],"picked":"Sword Boomerang","floor":1.0},{"not_picked":["Clothesline","Body Slam"],"picked":"Twin Strike","floor":2.0},{"not_picked":["Pommel Strike","Clothesline","Warcry"],"picked":"SKIP","floor":5.0},{"not_picked":["True Grit","Clothesline"],"picked":"Bludgeon","floor":6.0},{"not_picked":["Clash","Sever Soul","Sword Boomerang"],"picked":"SKIP","floor":11.0},{"not_picked":["Perfected Strike","Clash","Thunderclap"],"picked":"SKIP","floor":13.0},{"not_picked":["Offering","Exhume"],"picked":"Barricade","floor":16.0},{"not_picked":["Sever Soul","Clothesline","Twin Strike+1"],"picked":"SKIP","floor":18.0},{"not_picked":["Armaments","Combust"],"picked":"Metallicize","floor":22.0},{"not_picked":["Twin Strike+1","Double Tap","Flex"],"picked":"SKIP","floor":23.0},{"not_picked":["Shockwave","Perfected Strike"],"picked":"Metallicize","floor":25.0},{"not_picked":["Infernal Blade","Bloodletting","Heavy Blade"],"picked":"SKIP","floor":27.0},{"not_picked":["Perfected Strike","Headbutt","Inflame"],"picked":"SKIP","floor":29.0},{"not_picked":["Iron Wave","Perfected Strike+1","Sever Soul"],"picked":"SKIP","floor":31.0},{"not_picked":["Wild Strike"],"picked":"SKIP","floor":35},{"not_picked":["Anger+1"],"picked":"SKIP","floor":36},{"not_picked":[],"picked":"Body Slam","floor":38},{"not_picked":["Armaments"],"picked":"Singing Bowl","floor":40},{"not_picked":["Rage+1"],"picked":"Singing Bowl","floor":46},{"not_picked":["Cleave"],"picked":"Singing Bowl","floor":46},{"not_picked":["Clash+1"],"picked":"Singing Bowl","floor":48},{"not_picked":["Searing Blow+1"],"picked":"Singing Bowl","floor":48}],"player_experience":956336,"relics_obtained":[{"floor":6.0,"key":"Bronze Scales"},{"floor":9.0,"key":"Pen Nib"},{"floor":14.0,"key":"Charon\u0027s Ashes"},{"floor":22.0,"key":"Red Mask"},{"floor":23.0,"key":"Orichalcum"},{"floor":26.0,"key":"Mercury Hourglass"},{"floor":40,"key":"Lantern"},{"floor":43,"key":"Prayer Wheel"}],"event_choices":[{"damage_healed":0.0,"max_hp_gain":0.0,"max_hp_loss":0.0,"gold_gain":0.0,"event_name":"Golden Idol","player_choice":"Take Damage","floor":3.0,"gold_loss":0.0,"damage_taken":20.0,"relics_obtained":["Golden Idol"]},{"damage_healed":0.0,"max_hp_gain":5.0,"max_hp_loss":0.0,"gold_gain":0.0,"event_name":"Big Fish","player_choice":"Donut","floor":8.0,"gold_loss":0.0,"damage_taken":0.0},{"damage_healed":0.0,"max_hp_gain":0.0,"max_hp_loss":0.0,"gold_gain":0.0,"event_name":"The Mausoleum","player_choice":"Ignored","floor":19.0,"gold_loss":0.0,"damage_taken":0.0},{"damage_healed":0.0,"max_hp_gain":0.0,"max_hp_loss":0.0,"gold_gain":0.0,"cards_transformed":["Strike_R","Strike_R"],"event_name":"Drug Dealer","player_choice":"Became Test Subject","floor":20.0,"gold_loss":0.0,"damage_taken":0.0,"cards_obtained":["Whirlwind","Juggernaut"]},{"damage_healed":0.0,"max_hp_gain":0.0,"max_hp_loss":0.0,"gold_gain":0.0,"event_name":"Addict","player_choice":"Obtained Relic","floor":21.0,"gold_loss":85.0,"damage_taken":0.0,"relics_obtained":["Unceasing Top"]},{"damage_healed":0.0,"max_hp_gain":0.0,"max_hp_loss":0.0,"gold_gain":0.0,"event_name":"Masked Bandits","player_choice":"Fought Bandits","floor":22.0,"gold_loss":0.0,"damage_taken":0.0},{"damage_healed":0,"gold_gain":0,"player_choice":"Ignored","damage_taken":0,"max_hp_gain":0,"max_hp_loss":0,"event_name":"Mysterious Sphere","floor":39,"gold_loss":0},{"damage_healed":0,"gold_gain":0,"player_choice":"Max HP","damage_taken":0,"max_hp_gain":0,"max_hp_loss":4,"event_name":"Winding Halls","floor":42,"gold_loss":0},{"damage_healed":0,"gold_gain":0,"player_choice":"Upgraded","damage_taken":0,"max_hp_gain":0,"max_hp_loss":0,"event_name":"Upgrade Shrine","floor":45,"gold_loss":0,"cards_upgraded":["Juggernaut"]}],"is_beta":false,"boss_relics":[{"not_picked":["Philosopher\u0027s Stone","Black Star"],"picked":"Velvet Choker"},{"not_picked":["Runic Pyramid","Astrolabe"],"picked":"Busted Crown"}],"items_purged_floors":[4,28,37],"is_endless":false,"potions_floor_spawned":[1,6,13,23,25,31,33,35,38],"ascension_level":0}