{"gold_per_floor":[16,16,27,27,44,70,82,108,147,159,96,96,15,33,33,134,134,153,78,78,90,106,106,134,134,134,160,174,174,185,219,219,314,314,331,331,431,486,500,500,512,527,551,551,581,591,591,17,17,17],"floor_reached":51,"playtime":6633,"items_purged":["Strike_G","Neutralize"],"score":1141,"play_id":"e44c7aef-549a-417f-a742-13c9bb149e10","local_time":"20190306180057","is_ascension_mode":true,"campfire_choices":[{"data":"Neutralize","floor":7.0,"key":"SMITH"},{"data":"Noxious Fumes","floor":10.0,"key":"SMITH"},{"data":"Deadly Poison","floor":12.0,"key":"SMITH"},{"data":"Noxious Fumes","floor":15.0,"key":"SMITH"},{"data":"Burst","floor":23.0,"key":"SMITH"},{"data":"Blur","floor":25.0,"key":"SMITH"},{"data":"Wraith Form v2","floor":29.0,"key":"SMITH"},{"data":"Noxious Fumes","floor":32,"key":"SMITH"},{"floor":40,"key":"REST"},{"floor":44,"key":"REST"},{"floor":49,"key":"REST"}],"neow_cost":"NO_GOLD","seed_source_timestamp":0,"circlet_count":0,"master_deck":["Defend_G+1","Defend_G","Defend_G","Defend_G","Defend_G+1","Survivor","Neutralize+1","Noxious Fumes+1","Expertise","Blur+1","Deadly Poison+1","Noxious Fumes+1","Well Laid Plans","Burst+1","Wraith Form v2+1","Bouncing Flask","Noxious Fumes+1","Wraith Form v2","Catalyst+1","Panacea","Well Laid Plans"],"special_seed":0,"relics":["Ring of the Snake","MawBank","Ancient Tea Set","Busted Crown","Bronze Scales","Snake Skull","War Paint","Red Mask","Fusion Hammer","Gambling Chip","The Specimen","Oddly Smooth Stone","Happy Flower","Pear"],"potions_floor_usage":[31,31,33,41,45,50,50,50],"damage_taken":[{"damage":0.0,"enemies":"2 Louse","floor":1.0,"turns":3.0},{"damage":2.0,"enemies":"Jaw Worm","floor":3.0,"turns":6.0},{"damage":0.0,"enemies":"Small Slimes","floor":5.0,"turns":5.0},{"damage":24.0,"enemies":"3 Sentries","floor":6.0,"turns":11.0},{"damage":4.0,"enemies":"Looter","floor":8.0,"turns":4.0},{"damage":0.0,"enemies":"Red Slaver","floor":14.0,"turns":5.0},{"damage":0.0,"enemies":"The Guardian","floor":16.0,"turns":7.0},{"damage":0.0,"enemies":"Spheric Guardian","floor":18.0,"turns":4.0},{"damage":1.0,"enemies":"Chosen","floor":21.0,"turns":6.0},{"damage":6.0,"enemies":"Sentry and Sphere","floor":22.0,"turns":7.0},{"damage":8.0,"enemies":"Book of Stabbing","floor":24.0,"turns":7.0},{"damage":5.0,"enemies":"Slavers","floor":27.0,"turns":5.0},{"damage":2.0,"enemies":"3 Cultists","floor":28.0,"turns":5.0},{"damage":0.0,"enemies":"Shelled Parasite and Fungi","floor":30.0,"turns":5.0},{"damage":2,"enemies":"Masked Bandits","floor":31,"turns":3},{"damage":18,"enemies":"Champ","floor":33,"turns":10},{"damage":6,"enemies":"3 Darklings","floor":35,"turns":5},{"damage":0,"enemies":"Mind Bloom Boss Battle","floor":37,"turns":5},{"damage":2,"enemies":"2 Orb Walkers","floor":38,"turns":5},{"damage":2,"enemies":"Orb Walker","floor":39,"turns":3},{"damage":0,"enemies":"Maw","floor":41,"turns":5},{"damage":1,"enemies":"Sphere and 2 Shapes","floor":42,"turns":4},{"damage":0,"enemies":"Giant Head","floor":45,"turns":7},{"damage":2,"enemies":"4 Shapes","floor":46,"turns":4},{"damage":0,"enemies":"Time Eater","floor":50,"turns":5}],"seed_played":"-555720742253157021","potions_obtained":[{"floor":6.0,"key":"SpeedPotion"},{"floor":8.0,"key":"Strength Potion"},{"floor":14.0,"key":"Weak Potion"},{"floor":24.0,"key":"LiquidBronze"},{"floor":28.0,"key":"Regen Potion"},{"floor":30.0,"key":"Explosive Potion"},{"floor":31,"key":"Ancient Potion"},{"floor":33,"key":"AttackPotion"},{"floor":35,"key":"Energy Potion"},{"floor":42,"key":"AttackPotion"},{"floor":45,"key":"FearPotion"}],"is_trial":false,"path_per_floor":["M","?","M","?","M","E","R","M","T","R","$","R","$","M","R","B",null,"M","?","?","M","M","R","E","R","T","E","M","R","M","?","R","B",null,"M","?","?","?","M","R","M","M","T","R","E","M","?","$","R","B",null],"character_chosen":"THE_SILENT","items_purchased":["Noxious Fumes","GhostInAJar","Panacea","Well Laid Plans","Pear"],"campfire_rested":3,"item_purchase_floors":[13,48,48,48,48],"current_hp_per_floor":[63,56,54,54,54,30,30,26,26,26,26,26,26,26,26,26,59,59,59,59,58,52,52,44,44,44,39,37,37,52,50,50,32,61,55,55,55,53,51,66,66,65,65,66,66,64,54,64,76,76],"gold":17,"neow_bonus":"REMOVE_TWO","is_prod":false,"is_daily":false,"chose_seed":false,"campfire_upgraded":8,"win_rate":0,"timestamp":1551913257,"path_taken":["M","?","M","?","M","E","R","M","T","R","?","R","$","M","R","BOSS","M","?","?","?","M","R","E","R","T","E","?","R","M","?","R","BOSS","M","?","?","?","M","R","M","M","T","R","E","M","?","$","R","BOSS"],"build_version":"2019-01-23","purchased_purges":2,"victory":true,"max_hp_per_floor":[70,70,70,70,70,70,70,70,70,70,70,70,70,70,70,70,70,70,70,70,70,70,70,70,70,70,70,70,70,70,70,70,70,70,70,66,66,66,66,66,66,66,66,66,66,66,66,76,76,76],"card_choices":[{"not_picked":["Bane","Cloak And Dagger"],"picked":"Noxious Fumes","floor":1.0},{"not_picked":["Acrobatics","Slice"],"picked":"Expertise","floor":3.0},{"not_picked":["Bane","Choke"],"picked":"Blur","floor":5.0},{"not_picked":["Endless Agony","Sucker Punch"],"picked":"Deadly Poison","floor":6.0},{"not_picked":["Blade Dance","Acrobatics","Dagger Throw"],"picked":"SKIP","floor":8.0},{"not_picked":["Caltrops","Dagger Throw"],"picked":"Well Laid Plans","floor":14.0},{"not_picked":["Bullet Time","Venomology"],"picked":"Burst","floor":16.0},{"not_picked":["Dash"],"picked":"SKIP","floor":18.0},{"not_picked":["Prepared"],"picked":"SKIP","floor":21.0},{"not_picked":["Prepared"],"picked":"SKIP","floor":22.0},{"not_picked":["All Out Attack+1"],"picked":"SKIP","floor":24.0},{"not_picked":["Acrobatics"],"picked":"SKIP","floor":27.0},{"not_picked":["Prepared"],"picked":"SKIP","floor":28.0},{"not_picked":[],"picked":"Bouncing Flask","floor":30.0},{"not_picked":[],"picked":"Noxious Fumes","floor":31},{"not_picked":[],"picked":"Wraith Form v2","floor":33},{"not_picked":["Flechettes"],"picked":"SKIP","floor":35},{"not_picked":["Blade Dance"],"picked":"SKIP","floor":39},{"not_picked":["Poisoned Stab"],"picked":"SKIP","floor":41},{"not_picked":["Acrobatics+1"],"picked":"SKIP","floor":42},{"not_picked":[],"picked":"Catalyst+1","floor":45},{"not_picked":["Dodge and Roll"],"picked":"SKIP","floor":46}],"player_experience":740353,"relics_obtained":[{"floor":6.0,"key":"MawBank"},{"floor":9.0,"key":"Ancient Tea Set"},{"floor":24.0,"key":"Bronze Scales"},{"floor":26.0,"key":"Snake Skull"},{"floor":27.0,"key":"War Paint"},{"floor":31,"key":"Red Mask"},{"floor":37,"key":"Gambling Chip"},{"floor":38,"key":"The Specimen"},{"floor":43,"key":"Oddly Smooth Stone"},{"floor":45,"key":"Happy Flower"}],"event_choices":[{"cards_removed":["Strike_G"],"damage_healed":0.0,"max_hp_gain":0.0,"max_hp_loss":0.0,"gold_gain":0.0,"event_name":"Golden Wing","player_choice":"Card Removal","floor":2.0,"gold_loss":0.0,"damage_taken":7.0},{"damage_healed":0.0,"max_hp_gain":0.0,"max_hp_loss":0.0,"gold_gain":0.0,"event_name":"Liars Game","player_choice":"Ignored","floor":4.0,"gold_loss":0.0,"damage_taken":0.0},{"cards_removed":["Strike_G"],"damage_healed":0.0,"max_hp_gain":0.0,"max_hp_loss":0.0,"gold_gain":0.0,"event_name":"Beggar","player_choice":"Gave Gold","floor":19.0,"gold_loss":75.0,"damage_taken":0.0},{"damage_healed":0.0,"max_hp_gain":0.0,"max_hp_loss":0.0,"gold_gain":0.0,"event_name":"Match and Keep!","player_choice":"2 cards matched","floor":20.0,"gold_loss":0.0,"damage_taken":0.0,"cards_obtained":["Neutralize","Wraith Form v2"]},{"damage_healed":0,"gold_gain":0,"player_choice":"Fought Bandits","damage_taken":0,"max_hp_gain":0,"max_hp_loss":0,"event_name":"Masked Bandits","floor":31,"gold_loss":0},{"damage_healed":0,"gold_gain":0,"player_choice":"Max HP","damage_taken":0,"max_hp_gain":0,"max_hp_loss":4,"event_name":"Winding Halls","floor":36,"gold_loss":0},{"damage_healed":0,"gold_gain":0,"player_choice":"Fight","damage_taken":0,"max_hp_gain":0,"max_hp_loss":0,"event_name":"MindBloom","floor":37,"gold_loss":0},{"damage_healed":0,"gold_gain":0,"player_choice":"Fight","damage_taken":0,"max_hp_gain":0,"max_hp_loss":0,"event_name":"Mysterious Sphere","floor":38,"gold_loss":0},{"damage_healed":0,"gold_gain":0,"player_choice":"Memory 3","damage_taken":10,"max_hp_gain":0,"max_hp_loss":0,"event_name":"SensoryStone","floor":47,"gold_loss":0}],"is_beta":false,"boss_relics":[{"not_picked":["Cursed Key","Eternal Feather"],"picked":"Busted Crown"},{"not_picked":["Black Star","Pandora\u0027s Box"],"picked":"Fusion Hammer"}],"items_purged_floors":[11,48],"is_endless":false,"potions_floor_spawned":[6,8,14,24,28,30,31,33,35,37,42,45],"ascension_level":8}