{"gold_per_floor":[116,91,103,278,278,278,308,185,185,200,200,210,210,228,228,228],"floor_reached":16,"playtime":983,"items_purged":["Strike_G"],"score":130,"play_id":"834588e5-d67a-4814-8f0d-4c9edc8c42f4","local_time":"20190807024835","is_ascension_mode":true,"campfire_choices":[{"data":"Neutralize","floor":6,"key":"SMITH"},{"data":"Adrenaline","floor":11,"key":"SMITH"},{"data":"Outmaneuver","floor":15,"key":"SMITH"}],"neow_cost":"PERCENT_DAMAGE","seed_source_timestamp":102369339863646,"circlet_count":0,"master_deck":["Strike_G","Strike_G","Strike_G","Defend_G","Defend_G","Defend_G","Defend_G","Survivor","Neutralize+1","Escape Plan","Sucker Punch","Adrenaline+1","Poisoned Stab","Infinite Blades","Predator","Outmaneuver+1"],"relics":["Ring of the Snake","Pocketwatch","Meat on the Bone"],"potions_floor_usage":[7,16,16],"damage_taken":[{"damage":2,"enemies":"Cultist","floor":1,"turns":5},{"damage":4,"enemies":"Jaw Worm","floor":3,"turns":6},{"damage":15,"enemies":"Gremlin Nob","floor":7,"turns":4},{"damage":0,"enemies":"Small Slimes","floor":10,"turns":2},{"damage":1,"enemies":"Blue Slaver","floor":12,"turns":3},{"damage":5,"enemies":"3 Louse","floor":14,"turns":3},{"damage":36,"enemies":"Slime Boss","floor":16,"turns":9}],"seed_played":"-6237142812935908910","potions_obtained":[{"floor":1,"key":"PowerPotion"},{"floor":3,"key":"Ancient Potion"},{"floor":12,"key":"EssenceOfSteel"},{"floor":13,"key":"SpeedPotion"}],"is_trial":false,"path_per_floor":["M","?","M","?","?","R","E","$","T","M","R","M","?","M","R","B"],"character_chosen":"THE_SILENT","items_purchased":["Poisoned Stab"],"campfire_rested":0,"item_purchase_floors":[8],"current_hp_per_floor":[43,43,39,39,32,32,17,17,17,29,29,40,40,47,47,11],"gold":228,"neow_bonus":"REMOVE_TWO","is_prod":false,"is_daily":false,"chose_seed":false,"campfire_upgraded":3,"win_rate":0,"timestamp":1565171315,"path_taken":["M","?","M","?","?","R","E","?","T","M","R","M","?","M","R","BOSS"],"build_version":"2019-07-17","purchased_purges":1,"victory":false,"max_hp_per_floor":[70,70,70,70,70,70,70,70,70,70,70,70,70,70,70,70],"card_choices":[{"not_picked":["Terror","Dagger Spray"],"picked":"Escape Plan","floor":1},{"not_picked":["Quick Slash","Flying Knee"],"picked":"Sucker Punch","floor":3},{"not_picked":["Die Die Die","Quick Slash"],"picked":"Adrenaline","floor":7},{"not_picked":["Finisher","Deadly Poison"],"picked":"Infinite Blades","floor":10},{"not_picked":["Expertise","Dagger Throw"],"picked":"Predator","floor":12},{"not_picked":["Backflip","Bane"],"picked":"Outmaneuver","floor":14}],"player_experience":205820,"relics_obtained":[{"floor":7,"key":"Pocketwatch"},{"floor":9,"key":"Meat on the Bone"}],"event_choices":[{"damage_healed":0,"gold_gain":0,"player_choice":"Left Gold","damage_taken":0,"max_hp_gain":0,"max_hp_loss":0,"event_name":"World of Goop","floor":2,"gold_loss":25},{"damage_healed":0,"gold_gain":175,"player_choice":"AGREE","damage_taken":0,"max_hp_gain":0,"max_hp_loss":0,"event_name":"Liars Game","floor":4,"gold_loss":0,"cards_obtained":["Doubt"]},{"cards_removed":["Doubt"],"damage_healed":0,"gold_gain":0,"player_choice":"Card Removal","damage_taken":7,"max_hp_gain":0,"max_hp_loss":0,"event_name":"Golden Wing","floor":5,"gold_loss":0},{"damage_healed":0,"gold_gain":0,"player_choice":"Got Potions","damage_taken":0,"max_hp_gain":0,"max_hp_loss":0,"event_name":"Lab","floor":13,"gold_loss":0}],"is_beta":false,"boss_relics":[],"items_purged_floors":[8],"is_endless":false,"potions_floor_spawned":[1,3,12],"killed_by":"Slime Boss","ascension_level":6}