{"gold_per_floor":[209,45,220,17,17,47,47,67,67,97,97,112,130,143,143,143],"floor_reached":16,"playtime":1443,"items_purged":[],"score":100,"play_id":"9354a6f7-8733-4683-acd3-1f0e9f5b1566","local_time":"20190811154401","is_ascension_mode":false,"campfire_choices":[{"floor":7,"key":"REST"},{"floor":11,"key":"REST"},{"floor":15,"key":"REST"}],"neow_cost":"NONE","seed_source_timestamp":2496914376020800,"circlet_count":0,"master_deck":["Strike_G","Strike_G","Strike_G","Strike_G","Strike_G","Defend_G","Defend_G","Defend_G","Defend_G","Defend_G","Survivor","Neutralize","Flying Knee","Caltrops","Masterful Stab","Poisoned Stab","Doubt","Secret Weapon+1","Quick Slash","Blur","Glass Knife","Dash","Eviscerate","Backflip"],"relics":["Ring of the Snake","Potion Belt","Bottled Flame","Tiny Chest"],"potions_floor_usage":[16],"damage_taken":[{"damage":5,"enemies":"Jaw Worm","floor":1,"turns":6},{"damage":54,"enemies":"3 Sentries","floor":6,"turns":10},{"damage":0,"enemies":"Small Slimes","floor":8,"turns":3},{"damage":0,"enemies":"Cultist","floor":12,"turns":2},{"damage":14,"enemies":"3 Louse","floor":13,"turns":3},{"damage":4,"enemies":"Blue Slaver","floor":14,"turns":3},{"damage":56,"enemies":"Hexaghost","floor":16,"turns":15}],"seed_played":"-7134872030771720612","potions_obtained":[{"floor":8,"key":"Dexterity Potion"}],"is_trial":false,"path_per_floor":["M","$","?","$","?","E","R","M","T","?","R","M","M","M","R","B"],"character_chosen":"THE_SILENT","items_purchased":["Caltrops","Masterful Stab","Poisoned Stab","Secret Weapon","Quick Slash"],"campfire_rested":3,"item_purchase_floors":[2,2,2,4,4],"current_hp_per_floor":[65,65,65,65,65,11,32,32,32,29,50,50,36,32,53,0],"gold":143,"neow_bonus":"HUNDRED_GOLD","is_prod":false,"is_daily":false,"chose_seed":false,"campfire_upgraded":0,"win_rate":0.0,"timestamp":1565563441,"path_taken":["M","$","?","$","?","E","R","?","T","?","R","M","M","M","R","BOSS"],"build_version":"2019-07-17","purchased_purges":0,"victory":false,"max_hp_per_floor":[70,70,70,70,70,70,70,70,70,70,70,70,70,70,70,70],"card_choices":[{"not_picked":["Sucker Punch","Dagger Throw"],"picked":"Flying Knee","floor":1},{"not_picked":["Dagger Spray","Blade Dance"],"picked":"Blur","floor":6},{"not_picked":["Choke","Bane"],"picked":"Glass Knife","floor":8},{"not_picked":["Quick Slash","Dodge and Roll"],"picked":"Dash","floor":12},{"not_picked":["Acrobatics","Tactician"],"picked":"Eviscerate","floor":13},{"not_picked":["Prepared","Acrobatics"],"picked":"Backflip","floor":14}],"player_experience":33425,"relics_obtained":[{"floor":6,"key":"Potion Belt"},{"floor":9,"key":"Bottled Flame"}],"event_choices":[{"damage_healed":0,"gold_gain":175,"player_choice":"AGREE","damage_taken":0,"max_hp_gain":0,"max_hp_loss":0,"event_name":"Liars Game","floor":3,"gold_loss":0,"cards_obtained":["Doubt"]},{"damage_healed":0,"gold_gain":0,"player_choice":"Upgraded","damage_taken":0,"max_hp_gain":0,"max_hp_loss":0,"event_name":"Upgrade Shrine","floor":5,"gold_loss":0,"cards_upgraded":["Secret Weapon"]},{"damage_healed":0,"gold_gain":0,"player_choice":"Success","damage_taken":3,"relics_obtained":["Tiny Chest"],"max_hp_gain":0,"max_hp_loss":0,"event_name":"Scrap Ooze","floor":10,"gold_loss":0}],"is_beta":false,"boss_relics":[],"items_purged_floors":[],"is_endless":false,"potions_floor_spawned":[8],"killed_by":"Hexaghost","ascension_level":0}