{"gold_per_floor":[119,119,131,131,281,206,235,135,203,219,70,70,81,111,111,185,185,185,185,125,125,125,125,125,125,125,125,125,125],"floor_reached":29,"playtime":1388,"items_purged":["Doubt","Strike_R","Strike_R"],"score":533,"play_id":"6f1ca1b6-5424-4c48-9a97-445024c76d44","local_time":"20181020134321","is_ascension_mode":true,"campfire_choices":[{"data":"Body Slam","floor":12.0,"key":"SMITH"},{"data":"Limit Break","floor":15.0,"key":"SMITH"},{"data":"Heavy Blade","floor":23,"key":"SMITH"},{"data":"Shrug It Off","floor":25,"key":"SMITH"}],"neow_cost":"NONE","seed_source_timestamp":0,"circlet_count":0,"master_deck":["Strike_R","Strike_R","Defend_R","Defend_R","Defend_R","Defend_R","Bash","AscendersBane","Uppercut+1","Shrug It Off+1","Limit Break+1","Body Slam+1","Heavy Blade+1","Flex","Flame Barrier","Bludgeon","Spot Weakness","Burning Pact"],"special_seed":0,"relics":["Burning Blood","NeowsBlessing","Bottled Flame","Sundial","Kunai","Ectoplasm","Dodecahedron","Strawberry","Centennial Puzzle"],"potions_floor_usage":[],"damage_taken":[{"damage":0.0,"enemies":"2 Louse","floor":1.0,"turns":1.0},{"damage":0.0,"enemies":"Cultist","floor":3.0,"turns":1.0},{"damage":0.0,"enemies":"3 Sentries","floor":7.0,"turns":2.0},{"damage":4.0,"enemies":"Small Slimes","floor":10.0,"turns":5.0},{"damage":16.0,"enemies":"Gremlin Gang","floor":13.0,"turns":7.0},{"damage":26.0,"enemies":"Gremlin Nob","floor":14.0,"turns":4.0},{"damage":13.0,"enemies":"The Guardian","floor":16.0,"turns":11.0},{"damage":15.0,"enemies":"Shell Parasite","floor":18.0,"turns":5.0},{"damage":19,"enemies":"2 Thieves","floor":20,"turns":4},{"damage":16,"enemies":"3 Cultists","floor":21,"turns":5},{"damage":6,"enemies":"Snake Plant","floor":22,"turns":2},{"damage":19,"enemies":"Book of Stabbing","floor":24,"turns":4},{"damage":40,"enemies":"Slavers","floor":27,"turns":7},{"damage":9,"enemies":"Sentry and Sphere","floor":29,"turns":3}],"seed_played":"-7336532364640807380","potions_obtained":[{"floor":3.0,"key":"FearPotion"},{"floor":7.0,"key":"FairyPotion"},{"floor":13.0,"key":"Regen Potion"},{"floor":14.0,"key":"Block Potion"},{"floor":27,"key":"Poison Potion"}],"is_trial":false,"path_per_floor":["M","?","M","?","?","$","E","$","T","M","$","R","M","E","R","B",null,"M","?","M","M","M","R","E","R","T","E","?"],"character_chosen":"IRONCLAD","items_purchased":["Heavy Blade"],"campfire_rested":0,"item_purchase_floors":[11],"current_hp_per_floor":[74,67,73,73,73,73,75,75,75,75,75,75,65,45,45,38,66,71,71,58,48,48,48,35,35,42,8,8,0],"gold":125,"neow_bonus":"THREE_ENEMY_KILL","is_prod":false,"is_daily":false,"chose_seed":false,"campfire_upgraded":4,"win_rate":0,"timestamp":1540057401,"path_taken":["M","?","M","?","?","$","E","?","T","M","$","R","M","E","R","BOSS","M","?","M","M","M","R","E","R","T","E","?","M"],"build_version":"2018-10-18","purchased_purges":3,"victory":false,"max_hp_per_floor":[75,75,75,75,75,75,75,75,75,75,75,75,75,75,75,75,75,75,75,75,75,75,75,75,75,82,82,82,82],"card_choices":[{"not_picked":["Sword Boomerang","Rupture"],"picked":"Uppercut","floor":1.0},{"not_picked":["Havoc","Flex"],"picked":"Shrug It Off","floor":3.0},{"not_picked":["Pommel Strike","Flex"],"picked":"Limit Break","floor":7.0},{"not_picked":["Flex","Intimidate"],"picked":"Body Slam","floor":10.0},{"not_picked":["Perfected Strike","Rupture"],"picked":"Flex","floor":13.0},{"not_picked":["Brutality","Clothesline"],"picked":"Flame Barrier","floor":14.0},{"not_picked":["Double Tap","Immolate"],"picked":"Bludgeon","floor":16.0},{"not_picked":["Thunderclap","Sword Boomerang","Heavy Blade"],"picked":"SKIP","floor":18.0},{"not_picked":["Clothesline","Dual Wield","Infernal Blade"],"picked":"SKIP","floor":20},{"not_picked":["Anger+1","Flex","Power Through+1"],"picked":"SKIP","floor":21},{"not_picked":["Metallicize","Clash","Flex"],"picked":"SKIP","floor":22},{"not_picked":["Body Slam","Fire Breathing"],"picked":"Burning Pact","floor":24},{"not_picked":["Immolate","Carnage+1","Sword Boomerang"],"picked":"SKIP","floor":27}],"player_experience":532172,"relics_obtained":[{"floor":7.0,"key":"Bottled Flame"},{"floor":9.0,"key":"Sundial"},{"floor":14.0,"key":"Kunai"},{"floor":24,"key":"Dodecahedron"},{"floor":26,"key":"Strawberry"},{"floor":27,"key":"Centennial Puzzle"}],"event_choices":[{"cards_removed":["Strike_R"],"damage_healed":0.0,"max_hp_gain":0.0,"max_hp_loss":0.0,"gold_gain":0.0,"event_name":"Golden Wing","player_choice":"Card Removal","floor":2.0,"gold_loss":0.0,"damage_taken":7.0},{"damage_healed":0.0,"max_hp_gain":0.0,"max_hp_loss":0.0,"gold_gain":0.0,"event_name":"Upgrade Shrine","player_choice":"Upgraded","floor":4.0,"gold_loss":0.0,"damage_taken":0.0,"cards_upgraded":["Uppercut"]},{"damage_healed":0.0,"max_hp_gain":0.0,"max_hp_loss":0.0,"gold_gain":150.0,"event_name":"Liars Game","player_choice":"AGREE","floor":5.0,"gold_loss":0.0,"damage_taken":0.0,"cards_obtained":["Doubt"]},{"damage_healed":0.0,"max_hp_gain":0.0,"max_hp_loss":0.0,"gold_gain":0.0,"event_name":"The Library","player_choice":"Read","floor":19.0,"gold_loss":0.0,"damage_taken":0.0,"cards_obtained":["Spot Weakness"]},{"damage_healed":0,"gold_gain":0,"player_choice":"Ignored","damage_taken":0,"max_hp_gain":0,"max_hp_loss":0,"event_name":"Cursed Tome","floor":28,"gold_loss":0}],"is_beta":false,"boss_relics":[{"not_picked":["Tiny House","Fusion Hammer"],"picked":"Ectoplasm"}],"items_purged_floors":[6,8,11],"is_endless":false,"potions_floor_spawned":[3,7,13,14,27],"killed_by":"Sentry and Sphere","ascension_level":16}