{"gold_per_floor":[114,124,74,74,90,119,119,151,174,187,187,198,51,17,17,117,117,132,31,31,42,0,0,30,30,30,30,30,30],"floor_reached":29,"playtime":2180,"items_purged":["Strike_B"],"score":374,"play_id":"20b08f0e-8bed-4fc8-a683-d378f42a53b5","local_time":"20181014140157","is_ascension_mode":true,"campfire_choices":[{"floor":7,"key":"REST"},{"floor":11,"key":"REST"},{"data":"Recycle","floor":15,"key":"SMITH"},{"data":"Machine Learning","floor":23,"key":"SMITH"},{"data":"Zap","floor":25,"key":"SMITH"},{"data":"Consume","floor":27,"key":"SMITH"}],"neow_cost":"NONE","seed_source_timestamp":96400203564965,"circlet_count":0,"master_deck":["Strike_B+1","Defend_B","Defend_B","Defend_B","Defend_B","Zap+1","Dualcast","AscendersBane","Compile Driver+1","Defragment","Consume+1","BootSequence","Recycle+1","Glacier","Ball Lightning","Echo Form","Capacitor","Machine Learning+1","Coolheaded","Leap","Multi-Cast"],"relics":["Cracked Core","Whetstone","Bag of Preparation","Strawberry","Velvet Choker","Centennial Puzzle","DataDisk"],"potions_floor_usage":[10,16,16,21],"damage_taken":[{"damage":0,"enemies":"2 Louse","floor":1,"turns":1},{"damage":2,"enemies":"Jaw Worm","floor":2,"turns":3},{"damage":1,"enemies":"Cultist","floor":5,"turns":3},{"damage":37,"enemies":"Gremlin Nob","floor":6,"turns":4},{"damage":35,"enemies":"3 Sentries","floor":8,"turns":7},{"damage":1,"enemies":"Looter","floor":10,"turns":2},{"damage":0,"enemies":"Blue Slaver","floor":12,"turns":4},{"damage":32,"enemies":"Hexaghost","floor":16,"turns":8},{"damage":37,"enemies":"3 Byrds","floor":18,"turns":5},{"damage":4,"enemies":"Chosen","floor":21,"turns":5},{"damage":13,"enemies":"Gremlin Leader","floor":24,"turns":12},{"damage":51,"enemies":"Slavers","floor":29,"turns":8}],"seed_played":"-3536743575335823653","potions_obtained":[{"floor":6,"key":"Poison Potion"},{"floor":8,"key":"Strength Potion"},{"floor":12,"key":"Regen Potion"},{"floor":18,"key":"Poison Potion"}],"is_trial":false,"path_per_floor":["M","M","?","?","M","E","R","E","T","M","R","M","$","$","R","B",null,"M","$","?","M","?","R","E","R","T","R","$"],"character_chosen":"DEFECT","items_purchased":["Echo Form","Capacitor","Coolheaded"],"campfire_rested":2,"item_purchase_floors":[13,14,19],"current_hp_per_floor":[68,66,66,71,70,33,57,22,29,28,54,54,54,54,54,37,75,38,38,67,63,63,63,50,50,50,50,50,0],"gold":30,"neow_bonus":"REMOVE_CARD","is_prod":false,"is_daily":false,"chose_seed":false,"campfire_upgraded":4,"win_rate":0,"timestamp":1539540117,"path_taken":["M","M","?","?","M","E","R","E","T","M","R","?","?","$","R","BOSS","M","$","?","M","?","R","E","R","T","R","$","E"],"build_version":"2018-10-11","purchased_purges":1,"victory":false,"max_hp_per_floor":[75,75,75,80,80,80,80,80,87,87,87,87,87,87,87,87,87,87,87,87,87,87,87,87,87,87,87,87,87],"card_choices":[{"not_picked":["Barrage","Redo"],"picked":"Compile Driver","floor":1},{"not_picked":["FTL","Leap"],"picked":"Defragment","floor":2},{"not_picked":["Beam Cell","FTL"],"picked":"Consume","floor":5},{"not_picked":["Hologram","Scrape"],"picked":"BootSequence","floor":6},{"not_picked":["Double Energy","Redo"],"picked":"Recycle","floor":8},{"not_picked":["Turbo","Chill"],"picked":"Glacier","floor":10},{"not_picked":["Rebound","Buffer"],"picked":"Ball Lightning","floor":12},{"not_picked":["All For One","Creative AI"],"picked":"Machine Learning","floor":16},{"not_picked":["Rebound+1","FTL","Capacitor"],"picked":"SKIP","floor":18},{"not_picked":["Ball Lightning","Beam Cell+1"],"picked":"Leap","floor":21},{"not_picked":["Leap","Sweeping Beam"],"picked":"Multi-Cast","floor":24}],"player_experience":493527,"relics_obtained":[{"floor":6,"key":"Whetstone"},{"floor":8,"key":"Bag of Preparation"},{"floor":9,"key":"Strawberry"},{"floor":24,"key":"Centennial Puzzle"},{"floor":26,"key":"DataDisk"}],"event_choices":[{"event_name":"The Cleric","player_choice":"Card Removal","floor":3,"damage_taken":0},{"event_name":"Big Fish","player_choice":"Donut","floor":4,"damage_taken":0},{"event_name":"The Library","player_choice":"Heal","floor":20,"damage_taken":0},{"event_name":"Masked Bandits","player_choice":"Paid Fearfully","floor":22,"damage_taken":0}],"is_beta":false,"boss_relics":[{"not_picked":["FrozenCore","Runic Dome"],"picked":"Velvet Choker"}],"items_purged_floors":[19],"is_endless":false,"potions_floor_spawned":[6,8,12,18],"killed_by":"Slavers","ascension_level":10}