{"gold_per_floor":[215,215,215,140,215,215,243,243,243,269,269,279,279,297,297,297],"floor_reached":16,"playtime":858,"items_purged":["Strike_R"],"score":162,"play_id":"43dee017-a9b0-474d-b3bb-a7b8274e04af","local_time":"20181003024138","is_ascension_mode":true,"campfire_choices":[{"floor":6.0,"key":"REST"},{"floor":8.0,"key":"REST"},{"floor":15,"key":"REST"}],"neow_cost":"NONE","seed_source_timestamp":1850176333585821,"circlet_count":0,"master_deck":["Strike_R","Strike_R","Strike_R","Defend_R","Defend_R","Defend_R","Defend_R","Bash+1","AscendersBane","Headbutt","Heavy Blade","Inflame","Pummel","Double Tap","Iron Wave"],"special_seed":0,"relics":["Burning Blood","Bag of Marbles","Juzu Bracelet","Odd Mushroom","Anchor"],"potions_floor_usage":[],"damage_taken":[{"damage":15.0,"enemies":"Small Slimes","floor":1.0,"turns":3.0},{"damage":46.0,"enemies":"Lagavulin","floor":7.0,"turns":7.0},{"damage":25.0,"enemies":"The Mushroom Lair","floor":10.0,"turns":4.0},{"damage":6.0,"enemies":"Cultist","floor":11.0,"turns":4.0},{"damage":0,"enemies":"2 Louse","floor":12,"turns":1},{"damage":7,"enemies":"2 Fungi Beasts","floor":14,"turns":3},{"damage":64,"enemies":"The Guardian","floor":16,"turns":12}],"seed_played":"-5078326078204369184","potions_obtained":[{"floor":7.0,"key":"SkillPotion"},{"floor":10.0,"key":"Explosive Potion"},{"floor":14,"key":"Explosive Potion"}],"is_trial":false,"path_per_floor":["M","?","?","$","?","R","E","R","T","?","M","M","?","M","R"],"character_chosen":"IRONCLAD","items_purchased":[],"campfire_rested":3,"item_purchase_floors":[],"current_hp_per_floor":[63,63,56,56,45,69,29,53,53,34,34,40,40,39,63,0],"gold":297,"neow_bonus":"HUNDRED_GOLD","is_prod":false,"is_daily":false,"chose_seed":false,"campfire_upgraded":0,"win_rate":0,"timestamp":1538548898,"path_taken":["M","?","?","$","?","R","E","R","T","?","M","M","?","M","R","BOSS"],"build_version":"2018-09-27","purchased_purges":1,"victory":false,"max_hp_per_floor":[80,80,80,80,80,80,80,80,80,80,80,80,80,80,80,80],"card_choices":[{"not_picked":["Thunderclap","Reckless Charge"],"picked":"Headbutt","floor":1.0},{"not_picked":["Fire Breathing","Sever Soul"],"picked":"Heavy Blade","floor":7.0},{"not_picked":["Combust","Perfected Strike"],"picked":"Inflame","floor":10.0},{"not_picked":["Havoc","Inflame"],"picked":"Pummel","floor":11},{"not_picked":["Burning Pact","Headbutt"],"picked":"Double Tap","floor":12},{"not_picked":["Twin Strike","Infernal Blade"],"picked":"Iron Wave","floor":14}],"player_experience":444300,"relics_obtained":[{"floor":7.0,"key":"Bag of Marbles"},{"floor":9.0,"key":"Juzu Bracelet"},{"floor":10.0,"key":"Odd Mushroom"}],"event_choices":[{"event_name":"Upgrade Shrine","player_choice":"Upgraded","floor":2.0,"damage_taken":0.0},{"event_name":"Golden Wing","player_choice":"Card Removal","floor":3.0,"damage_taken":0.0},{"event_name":"World of Goop","player_choice":"Gather Gold","floor":5.0,"damage_taken":0.0},{"event_name":"Mushrooms","player_choice":"Fought Mushrooms","floor":10.0,"damage_taken":0.0},{"event_name":"WeMeetAgain","player_choice":"Potion","floor":13,"damage_taken":0}],"is_beta":false,"boss_relics":[],"items_purged_floors":[4],"is_endless":false,"potions_floor_spawned":[7,10,14],"killed_by":"The Guardian","ascension_level":13}