{"path_per_floor":["M","M","?","$","?","R","M","R","T","M","E","R","$","M","R","B",null,"M","$","?","M","?","E","R","E","T","R","M","$","?","M","R","B",null,"M","?","M","$","?","R","E","M","T","R","M","?","M","M","R","B"],"character_chosen":"IRONCLAD","items_purchased":["Seeing Red","Panache","Regen Potion"],"gold_per_floor":[114,124,199,86,86,86,102,102,154,166,191,191,91,103,103,202,202,212,31,31,42,42,74,74,103,103,103,121,73,73,92,92,187,187,197,197,207,82,82,82,116,128,128,128,148,148,163,181,181,181],"floor_reached":51,"campfire_rested":4,"playtime":7551,"current_hp_per_floor":[79,69,58,58,42,42,42,42,42,48,39,39,39,35,59,40,80,77,77,77,73,73,74,74,45,45,45,46,46,46,46,46,59,80,80,70,42,42,42,66,24,21,21,60,58,58,30,27,66,11],"items_purged":["Defend_R","Strike_R","Normality"],"gold":181,"play_id":"ee4fa128-ef70-4df2-b7e6-69c4a0e5f656","is_prod":false,"is_daily":false,"is_ascension_mode":true,"campfire_upgraded":6,"path_taken":["M","M","?","$","?","R","M","R","T","M","E","R","$","M","R","BOSS","M","$","?","M","?","E","R","E","T","R","M","$","?","M","R","BOSS","M","?","M","$","?","R","E","M","T","R","M","?","M","M","R","BOSS"],"build_version":"2018-01-25-PROD3","purchased_purges":4,"victory":true,"master_deck":["Strike_R+1","Strike_R","Defend_R+1","Defend_R+1","Defend_R+1","Bash+1","Headbutt+1","Seeing Red+1","Feel No Pain+1","Dropkick","Offering","Inflame+1","Panache","Warcry+1","True Grit+1","Brutality+1","Madness","Madness","Warcry+1","Pommel Strike","Battle Trance+1"],"max_hp_per_floor":[80,80,80,80,80,80,80,80,80,80,80,80,80,80,80,80,80,80,80,80,80,80,80,80,80,80,80,80,80,80,80,80,80,80,80,80,80,80,80,80,80,80,80,80,80,80,80,80,80,80],"relics":["Burning Blood","Happy Flower","Du-Vu Doll","Runic Dome","Bottled Flame","Ancient Tea Set","Charon\u0027s Ashes","Juzu Bracelet","Lizard Tail","Regal Pillow","Shovel"],"card_choices":[{"not_picked":["Wild Strike","Perfected Strike"],"picked":"Headbutt"},{"not_picked":["Fire Breathing","Thunderclap"],"picked":"Feel No Pain"},{"not_picked":["Bloodletting","Hemokinesis"],"picked":"Dropkick"},{"not_picked":["Impervious","Immolate"],"picked":"Offering"},{"not_picked":["Pommel Strike","Spot Weakness"],"picked":"Inflame"},{"not_picked":["Thunderclap","Headbutt"],"picked":"Warcry"},{"not_picked":["Power Through","Brutality"],"picked":"True Grit"},{"not_picked":["Fiend Fire","Bludgeon"],"picked":"Brutality"},{"not_picked":["Infernal Blade","Body Slam"],"picked":"Warcry"},{"not_picked":["Sentinel","Feel No Pain"],"picked":"Pommel Strike"},{"not_picked":["Bloodletting","Disarm"],"picked":"Battle Trance"}],"player_experience":164794,"potions_floor_usage":[16,23,23,33,35,42,50,50,50],"damage_taken":[{"damage":7,"enemies":"Jaw Worm","floor":1,"turns":4},{"damage":16,"enemies":"Blue Slaver","floor":2,"turns":3},{"damage":6,"enemies":"Small Slimes","floor":7,"turns":2},{"damage":0,"enemies":"3 Louse","floor":10,"turns":4},{"damage":15,"enemies":"Lagavulin","floor":11,"turns":5},{"damage":10,"enemies":"Exordium Wildlife","floor":14,"turns":3},{"damage":25,"enemies":"Hexaghost","floor":16,"turns":9},{"damage":9,"enemies":"Chosen","floor":18,"turns":4},{"damage":10,"enemies":"3 Byrds","floor":21,"turns":4},{"damage":5,"enemies":"Slavers","floor":23,"turns":4},{"damage":35,"enemies":"Book of Stabbing","floor":25,"turns":4},{"damage":5,"enemies":"Snecko","floor":28,"turns":4},{"damage":6,"enemies":"Slaver and Parasite","floor":31,"turns":5},{"damage":8,"enemies":"Collector","floor":33,"turns":7},{"damage":4,"enemies":"Orb Walker","floor":35,"turns":2},{"damage":34,"enemies":"3 Darklings","floor":37,"turns":4},{"damage":48,"enemies":"Giant Head","floor":41,"turns":7},{"damage":9,"enemies":"Sphere and 2 Shapes","floor":42,"turns":4},{"damage":8,"enemies":"4 Shapes","floor":45,"turns":4},{"damage":34,"enemies":"Maw","floor":47,"turns":5},{"damage":9,"enemies":"Sphere and 2 Shapes","floor":48,"turns":3},{"damage":61,"enemies":"Time Eater","floor":50,"turns":9}],"event_choices":[{"event_name":"World of Goop","player_choice":"Gather Gold","floor":3,"damage_taken":0},{"event_name":"Shining Light","player_choice":"Entered Light","floor":5,"damage_taken":0},{"event_name":"Beggar","player_choice":"Ignored","floor":20,"damage_taken":0},{"event_name":"Cursed Tome","player_choice":"Ignored","floor":22,"damage_taken":0},{"event_name":"Accursed Blacksmith","player_choice":"Rummage","floor":30,"damage_taken":0},{"event_name":"Winding Halls","player_choice":"Embrace Madness","floor":36,"damage_taken":0},{"event_name":"Upgrade Shrine","player_choice":"Upgraded","floor":39,"damage_taken":0}],"boss_relics":[{"not_picked":["Snecko Eye","Runic Cube"],"picked":"Runic Dome"},{"not_picked":["Astrolabe","Orrery"],"picked":"Lizard Tail"}],"potions_floor_spawned":[2,10,11,14,18,23,31,35,37,42,48],"seed_played":"-8967699090524050021","ascension_level":3,"is_trial":false}