{"gold_per_floor":[117,117,22,197,122,157,157,174,201,201,211,211,43,61,61,157,157,171,191,66,66,76,110,110,135,161,161,161,181,196,209,209,311,311,331,331,71,83,7,35,48,73,73,73,87,87,99,111,111,111],"floor_reached":51,"playtime":2661,"items_purged":["Doubt","Strike_B","Defend_B"],"score":939,"play_id":"81cae4ea-7331-4d51-a681-e48d557e9a5e","local_time":"20181205172924","is_ascension_mode":true,"campfire_choices":[{"data":"Deep Breath","floor":7,"key":"SMITH"},{"data":"Dualcast","floor":10,"key":"SMITH"},{"data":"Loop","floor":15,"key":"SMITH"},{"data":"Storm","floor":24,"key":"SMITH"},{"floor":28,"key":"REST"},{"data":"Echo Form","floor":32,"key":"SMITH"},{"data":"Heatsinks","floor":46,"key":"SMITH"},{"data":"Thunder Strike","floor":49,"key":"SMITH"}],"neow_cost":"NONE","seed_source_timestamp":162860280187530,"circlet_count":0,"master_deck":["Strike_B+1","Strike_B+1","Deep Breath+1","Storm+1","Storm","Loop+1","Self Repair","Machine Learning","Force Field+1","Heatsinks+1","Reboot+1","Echo Form+1","Self Repair+1","Force Field","Thunder Strike+1","Steam+1","Electrodynamics","Heatsinks+1","Fission"],"relics":["NeowsBlessing","Gremlin Horn","Whetstone","Happy Flower","StoneCalendar","Astrolabe","Incense Burner","Nunchaku","PreservedInsect","Nloth\u0027s Gift","Busted Crown","Mummified Hand","Mercury Hourglass","Pen Nib","Dodecahedron"],"potions_floor_usage":[23,25,33],"damage_taken":[{"damage":0,"enemies":"Small Slimes","floor":1,"turns":1},{"damage":0,"enemies":"Lagavulin","floor":6,"turns":1},{"damage":0,"enemies":"Jaw Worm","floor":8,"turns":1},{"damage":0,"enemies":"Cultist","floor":11,"turns":2},{"damage":0,"enemies":"3 Louse","floor":14,"turns":2},{"damage":14,"enemies":"Slime Boss","floor":16,"turns":7},{"damage":8,"enemies":"2 Thieves","floor":18,"turns":3},{"damage":0,"enemies":"Shell Parasite","floor":19,"turns":3},{"damage":10,"enemies":"Chosen and Byrds","floor":22,"turns":2},{"damage":22,"enemies":"Gremlin Leader","floor":23,"turns":3},{"damage":38,"enemies":"Slavers","floor":25,"turns":5},{"damage":2,"enemies":"Centurion and Healer","floor":29,"turns":6},{"damage":3,"enemies":"Snake Plant","floor":30,"turns":3},{"damage":0,"enemies":"3 Cultists","floor":31,"turns":3},{"damage":11,"enemies":"Champ","floor":33,"turns":6},{"damage":9,"enemies":"3 Shapes","floor":35,"turns":3},{"damage":10,"enemies":"Orb Walker","floor":38,"turns":2},{"damage":0,"enemies":"Giant Head","floor":40,"turns":2},{"damage":6,"enemies":"Transient","floor":41,"turns":5},{"damage":0,"enemies":"Nemesis","floor":42,"turns":3},{"damage":0,"enemies":"Jaw Worm Horde","floor":45,"turns":1},{"damage":0,"enemies":"Sphere and 2 Shapes","floor":47,"turns":2},{"damage":0,"enemies":"Maw","floor":48,"turns":3},{"damage":0,"enemies":"Awakened One","floor":50,"turns":2}],"seed_played":"249496590084273617","potions_obtained":[{"floor":6,"key":"SkillPotion"},{"floor":8,"key":"PowerPotion"},{"floor":11,"key":"GamblersBrew"},{"floor":18,"key":"Dexterity Potion"},{"floor":22,"key":"Swift Potion"},{"floor":30,"key":"Explosive Potion"},{"floor":31,"key":"Dexterity Potion"},{"floor":40,"key":"Fire Potion"},{"floor":41,"key":"SpeedPotion"},{"floor":47,"key":"SteroidPotion"}],"is_trial":false,"path_per_floor":["M","?","$","?","$","E","R","M","T","R","M","T","$","M","R","B",null,"M","M","$","?","M","E","R","E","T","?","R","M","M","M","R","B",null,"M","?","$","M","$","E","M","E","T","?","M","R","M","M","R","B",null],"character_chosen":"DEFECT","items_purchased":["Deep Breath","Loop","Mummified Hand","Heatsinks"],"campfire_rested":1,"item_purchase_floors":[3,13,37,39],"current_hp_per_floor":[75,72,72,72,72,72,72,72,72,72,72,72,72,72,72,65,75,74,75,75,75,72,57,57,36,36,36,58,73,75,75,75,75,75,75,75,75,65,65,75,75,75,75,75,75,75,75,75,75,75],"gold":111,"neow_bonus":"THREE_ENEMY_KILL","is_prod":false,"is_daily":false,"chose_seed":false,"campfire_upgraded":7,"win_rate":0,"timestamp":1544048964,"path_taken":["M","?","$","?","$","E","R","M","T","R","M","?","$","M","R","BOSS","M","?","$","?","M","E","R","E","T","?","R","M","M","?","R","BOSS","M","?","$","M","$","E","?","E","T","?","?","R","M","M","R","BOSS"],"build_version":"2018-12-05","purchased_purges":3,"victory":true,"max_hp_per_floor":[75,75,75,75,75,75,75,75,75,75,75,75,75,75,75,75,75,75,75,75,75,75,75,75,75,75,75,75,75,75,75,75,75,75,75,75,75,75,75,75,75,75,75,75,75,75,75,75,75,75],"card_choices":[{"not_picked":["Hologram","Streamline","Force Field"],"picked":"SKIP","floor":1},{"not_picked":["Fusion","Hologram"],"picked":"Storm","floor":6},{"not_picked":["Sweeping Beam","Compile Driver"],"picked":"Storm","floor":8},{"not_picked":["Hello World","Chaos","Steam"],"picked":"SKIP","floor":11},{"not_picked":["Leap","Coolheaded"],"picked":"Self Repair","floor":14},{"not_picked":["Rainbow","Biased Cognition"],"picked":"Machine Learning","floor":16},{"not_picked":["Steam Power+1","Gash","Hologram+1"],"picked":"SKIP","floor":18},{"not_picked":["Compile Driver","Beam Cell+1","Sweeping Beam"],"picked":"SKIP","floor":19},{"not_picked":["Chill","Barrage"],"picked":"Echo Form","floor":22},{"not_picked":["Echo Form","Sweeping Beam"],"picked":"Self Repair+1","floor":23},{"not_picked":["Rip and Tear","Doom and Gloom"],"picked":"Force Field","floor":25},{"not_picked":["Barrage","Darkness"],"picked":"Thunder Strike","floor":29},{"not_picked":["Rebound+1","Coolheaded","Leap+1"],"picked":"SKIP","floor":30},{"not_picked":["Hologram","Leap"],"picked":"Steam+1","floor":31},{"not_picked":["Thunder Strike","Multi-Cast"],"picked":"Electrodynamics","floor":33},{"not_picked":["Hologram"],"picked":"SKIP","floor":35},{"not_picked":["Melter"],"picked":"SKIP","floor":38},{"not_picked":["All For One"],"picked":"SKIP","floor":40},{"not_picked":["Barrage"],"picked":"SKIP","floor":41},{"not_picked":["Beam Cell"],"picked":"SKIP","floor":42},{"not_picked":["Go for the Eyes+1"],"picked":"SKIP","floor":45},{"not_picked":["Barrage"],"picked":"SKIP","floor":47},{"not_picked":["Redo+1"],"picked":"SKIP","floor":48}],"player_experience":524837,"relics_obtained":[{"floor":6,"key":"Whetstone"},{"floor":9,"key":"Happy Flower"},{"floor":12,"key":"StoneCalendar"},{"floor":23,"key":"Incense Burner"},{"floor":25,"key":"Nunchaku"},{"floor":26,"key":"PreservedInsect"},{"floor":40,"key":"Mercury Hourglass"},{"floor":42,"key":"Pen Nib"},{"floor":43,"key":"Dodecahedron"}],"event_choices":[{"damage_healed":0,"gold_gain":0,"player_choice":"Success","damage_taken":3,"relics_obtained":["Gremlin Horn"],"max_hp_gain":0,"max_hp_loss":0,"event_name":"Scrap Ooze","floor":2,"gold_loss":0},{"damage_healed":0,"gold_gain":175,"player_choice":"AGREE","damage_taken":0,"max_hp_gain":0,"max_hp_loss":0,"event_name":"Liars Game","floor":4,"gold_loss":0,"cards_obtained":["Doubt"]},{"cards_removed":["Defend_B"],"damage_healed":0,"gold_gain":0,"player_choice":"Elegance","damage_taken":0,"max_hp_gain":0,"max_hp_loss":0,"event_name":"Back to Basics","floor":21,"gold_loss":0},{"damage_healed":0,"gold_gain":0,"player_choice":"Traded Relic","damage_taken":0,"relics_obtained":["Nloth\u0027s Gift"],"max_hp_gain":0,"max_hp_loss":0,"event_name":"N\u0027loth","floor":27,"relics_lost":["Cracked Core"],"gold_loss":0},{"cards_removed":["Defend_B"],"damage_healed":0,"gold_gain":0,"player_choice":"Offered Basic","damage_taken":0,"max_hp_gain":0,"max_hp_loss":0,"event_name":"Bonfire Elementals","floor":36,"gold_loss":0},{"damage_healed":0,"gold_gain":0,"cards_transformed":["Dualcast"],"player_choice":"Transformed","damage_taken":0,"max_hp_gain":0,"max_hp_loss":0,"event_name":"Transmorgrifier","floor":44,"gold_loss":0,"cards_obtained":["Fission"]}],"is_beta":true,"boss_relics":[{"not_picked":["Calling Bell","Ectoplasm"],"picked":"Astrolabe"},{"not_picked":["Lizard Tail","Black Star"],"picked":"Busted Crown"}],"items_purged_floors":[5,13,20],"is_endless":false,"potions_floor_spawned":[6,8,11,18,22,30,31,40,41,47,48],"ascension_level":1}