{"gold_per_floor":[116,116,116,126,126,126,141,173,173,173,205,225,225,243,243,314,314,331,221,231,52,72,72],"floor_reached":23,"playtime":1678,"items_purged":["Strike_R"],"score":372,"play_id":"b03f127e-5249-451c-b877-fa895e923bff","local_time":"20181103185723","is_ascension_mode":true,"campfire_choices":[{"data":"Heavy Blade","floor":6,"key":"SMITH"},{"floor":10,"key":"REST"},{"data":"Flex","floor":13,"key":"SMITH"},{"data":"Bash","floor":15,"key":"SMITH"}],"neow_cost":"NONE","seed_source_timestamp":293744238499194,"circlet_count":0,"master_deck":["AscendersBane","Strike_R+1","Defend_R","Defend_R","Defend_R","Defend_R","Bash+1","Heavy Blade+1","Shrug It Off","Twin Strike","Flex+1","Fiend Fire","Shrug It Off","Barricade","Body Slam","Shrug It Off","Evolve"],"relics":["Burning Blood","Turnip","Letter Opener","Pocketwatch","Vajra","Mark of Pain"],"potions_floor_usage":[16,16,18,23],"damage_taken":[{"damage":5,"enemies":"2 Louse","floor":1,"turns":3},{"damage":4,"enemies":"Small Slimes","floor":4,"turns":5},{"damage":0,"enemies":"Cultist","floor":7,"turns":3},{"damage":56,"enemies":"Lagavulin","floor":8,"turns":9},{"damage":32,"enemies":"Gremlin Nob","floor":11,"turns":4},{"damage":4,"enemies":"Large Slime","floor":12,"turns":2},{"damage":0,"enemies":"Blue Slaver","floor":14,"turns":2},{"damage":14,"enemies":"The Guardian","floor":16,"turns":7},{"damage":37,"enemies":"3 Byrds","floor":18,"turns":6},{"damage":8,"enemies":"Shell Parasite","floor":20,"turns":3},{"damage":7,"enemies":"Snecko","floor":22,"turns":6},{"damage":55,"enemies":"Gremlin Leader","floor":23,"turns":7}],"seed_played":"4050078191938505679","potions_obtained":[{"floor":7,"key":"Explosive Potion"},{"floor":8,"key":"Ancient Potion"},{"floor":14,"key":"Regen Potion"},{"floor":16,"key":"BloodPotion"},{"floor":22,"key":"Explosive Potion"}],"is_trial":false,"path_per_floor":["M","?","?","M","?","R","M","E","T","R","E","M","R","M","R","B",null,"M","?","M","$","M","E"],"character_chosen":"IRONCLAD","items_purchased":["Shrug It Off","Evolve"],"campfire_rested":1,"item_purchase_floors":[21,21],"current_hp_per_floor":[69,74,74,76,71,71,77,27,27,51,25,27,27,33,33,40,70,47,47,45,45,44,0],"gold":72,"neow_bonus":"REMOVE_CARD","is_prod":false,"is_daily":false,"chose_seed":false,"campfire_upgraded":3,"win_rate":0,"timestamp":1541285843,"path_taken":["M","?","?","M","?","R","M","E","T","R","E","M","R","M","R","BOSS","M","?","?","$","M","E"],"build_version":"2018-11-01","purchased_purges":1,"victory":false,"max_hp_per_floor":[75,80,80,80,80,80,80,80,80,80,80,80,80,80,80,80,80,80,80,80,80,80,80],"card_choices":[{"not_picked":["Havoc","Thunderclap"],"picked":"Heavy Blade","floor":1},{"not_picked":["Evolve","Anger"],"picked":"Shrug It Off","floor":4},{"not_picked":["Armaments","Reckless Charge"],"picked":"Twin Strike","floor":7},{"not_picked":["Thunderclap","Iron Wave"],"picked":"Flex","floor":8},{"not_picked":["Corruption","Havoc"],"picked":"Fiend Fire","floor":11},{"not_picked":["Rage","Pommel Strike"],"picked":"Shrug It Off","floor":12},{"not_picked":["Rupture","Corruption","Twin Strike"],"picked":"SKIP","floor":14},{"not_picked":["Bludgeon","Feed"],"picked":"Barricade","floor":16},{"not_picked":["True Grit","Blood for Blood","Clothesline"],"picked":"SKIP","floor":18},{"not_picked":["Dropkick","Clash"],"picked":"Body Slam","floor":20},{"not_picked":["Pummel","Blood for Blood","Havoc"],"picked":"SKIP","floor":22}],"player_experience":554031,"relics_obtained":[{"floor":8,"key":"Letter Opener"},{"floor":9,"key":"Pocketwatch"},{"floor":11,"key":"Vajra"}],"event_choices":[{"damage_healed":0,"gold_gain":0,"player_choice":"Donut","damage_taken":0,"max_hp_gain":5,"max_hp_loss":0,"event_name":"Big Fish","floor":2,"gold_loss":0},{"cards_removed":["Strike_R"],"damage_healed":0,"gold_gain":0,"player_choice":"Forget","damage_taken":0,"max_hp_gain":0,"max_hp_loss":0,"event_name":"Living Wall","floor":3,"gold_loss":0},{"damage_healed":0,"gold_gain":0,"player_choice":"Success","damage_taken":5,"relics_obtained":["Turnip"],"max_hp_gain":0,"max_hp_loss":0,"event_name":"Scrap Ooze","floor":5,"gold_loss":0},{"cards_removed":["Strike_R"],"damage_healed":0,"gold_gain":0,"player_choice":"Upgrade and Remove","damage_taken":0,"max_hp_gain":0,"max_hp_loss":0,"event_name":"Designer","floor":19,"gold_loss":110,"cards_upgraded":["Strike_R"]}],"is_beta":false,"boss_relics":[{"not_picked":["Philosopher\u0027s Stone","Orrery"],"picked":"Mark of Pain"}],"items_purged_floors":[21],"is_endless":false,"potions_floor_spawned":[7,8,14,16,22],"killed_by":"Gremlin Leader","ascension_level":17}