{"gold_per_floor":[113,38,38,58,78,78,109,109,136,161,161,177,193,216,216,216],"floor_reached":16,"playtime":1135,"items_purged":["Defend_B"],"score":104,"play_id":"efe99269-505e-42c1-99d2-f0472612fbac","local_time":"20190705170235","is_ascension_mode":false,"campfire_choices":[{"data":"Fusion","floor":6,"key":"SMITH"},{"data":"Defragment","floor":11,"key":"SMITH"},{"floor":15,"key":"REST"}],"neow_cost":"NONE","seed_source_timestamp":867678832243,"circlet_count":0,"master_deck":["Strike_B","Strike_B","Strike_B","Defend_B","Defend_B","Defend_B","Zap","Dualcast","Blizzard","Capacitor","Coolheaded","Fusion+1","Defragment+1","Cold Snap","White Noise","Coolheaded","Conserve Battery"],"relics":["Cracked Core","Golden Idol","Strawberry","Du-Vu Doll"],"potions_floor_usage":[7,12,12],"damage_taken":[{"damage":0,"enemies":"Small Slimes","floor":1,"turns":3},{"damage":1,"enemies":"Jaw Worm","floor":4,"turns":3},{"damage":0,"enemies":"Cultist","floor":5,"turns":3},{"damage":11,"enemies":"Lagavulin","floor":7,"turns":10},{"damage":10,"enemies":"Looter","floor":10,"turns":3},{"damage":15,"enemies":"Exordium Thugs","floor":12,"turns":4},{"damage":9,"enemies":"2 Fungi Beasts","floor":13,"turns":4},{"damage":12,"enemies":"Large Slime","floor":14,"turns":7},{"damage":34,"enemies":"The Guardian","floor":16,"turns":10}],"seed_played":"-4211148534243421947","potions_obtained":[{"floor":1,"key":"PowerPotion"},{"floor":5,"key":"Explosive Potion"},{"floor":10,"key":"Weak Potion"}],"is_trial":false,"path_per_floor":["M","$","?","M","M","R","E","?","T","M","R","M","M","M","R","B"],"character_chosen":"DEFECT","items_purchased":[],"campfire_rested":1,"item_purchase_floors":[],"current_hp_per_floor":[75,75,57,56,56,56,52,52,52,42,42,27,18,6,30,0],"gold":216,"neow_bonus":"TRANSFORM_CARD","is_prod":false,"is_daily":false,"chose_seed":false,"campfire_upgraded":2,"win_rate":0,"timestamp":1562371355,"path_taken":["M","$","?","M","M","R","E","?","T","M","R","M","?","M","R","BOSS"],"build_version":"2019-07-05","purchased_purges":1,"victory":false,"max_hp_per_floor":[75,75,75,75,75,75,82,82,82,82,82,82,82,82,82,82],"card_choices":[{"not_picked":["Streamline","Gash"],"picked":"Capacitor","floor":1},{"not_picked":["Sweeping Beam","Leap"],"picked":"Coolheaded","floor":4},{"not_picked":["Consume","Gash"],"picked":"Fusion","floor":5},{"not_picked":["Fission","Skim"],"picked":"Defragment","floor":7},{"not_picked":["Darkness","Barrage"],"picked":"Cold Snap","floor":10},{"not_picked":["Steam","Rebound"],"picked":"White Noise","floor":12},{"not_picked":["Fission","Go for the Eyes"],"picked":"Coolheaded","floor":13},{"not_picked":["Recycle","Leap"],"picked":"Conserve Battery","floor":14}],"player_experience":181853,"relics_obtained":[{"floor":7,"key":"Strawberry"},{"floor":8,"key":"Du-Vu Doll"}],"event_choices":[{"damage_healed":0,"gold_gain":0,"player_choice":"Take Damage","damage_taken":18,"relics_obtained":["Golden Idol"],"max_hp_gain":0,"max_hp_loss":0,"event_name":"Golden Idol","floor":3,"gold_loss":0},{"damage_healed":0,"gold_gain":0,"player_choice":"Relic","damage_taken":0,"max_hp_gain":0,"max_hp_loss":0,"event_name":"Wheel of Change","floor":8,"gold_loss":0}],"is_beta":false,"boss_relics":[],"items_purged_floors":[2],"is_endless":false,"potions_floor_spawned":[1,5,10],"killed_by":"The Guardian","ascension_level":0}