{"gold_per_floor":[216,216,226,226,226,253,178,178,178,205,221,241,316,327,327,431,431,441,441,451,451,195,226,244,244,244,262,276,276,310,326,326,422,422,434,434,434,452,466,497,103,117,143,159,61,61,73,90,90,90],"floor_reached":51,"playtime":3398,"items_purged":["Strike_B","Strike_B","Meteor Strike+1","Strike_B"],"score":706,"play_id":"f9ba9c49-0c46-481b-a7d3-af2b45237f8e","local_time":"20190808000629","is_ascension_mode":false,"campfire_choices":[{"floor":8.0,"key":"REST"},{"data":"Leap","floor":15.0,"key":"SMITH"},{"data":"Echo Form","floor":25.0,"key":"SMITH"},{"floor":29.0,"key":"REST"},{"floor":32.0,"key":"REST"},{"floor":46,"key":"REST"},{"floor":49,"key":"REST"}],"neow_cost":"NONE","seed_source_timestamp":225192690410390,"circlet_count":0,"master_deck":["Defend_B+1","Zap+1","Dualcast+1","Echo Form+1","Leap+1","Gash","Undo+1","Sweeping Beam+1","Gash","Parasite"],"special_seed":0,"relics":["Cracked Core","Pantograph","Dream Catcher","Mercury Hourglass","Lantern","Lizard Tail","Oddly Smooth Stone","StoneCalendar","War Paint","Girya","Astrolabe","Matryoshka","Sling","Shuriken","Smiling Mask"],"potions_floor_usage":[48,50,50],"damage_taken":[{"damage":0.0,"enemies":"2 Louse","floor":1.0,"turns":2.0},{"damage":0.0,"enemies":"Small Slimes","floor":3.0,"turns":2.0},{"damage":21.0,"enemies":"Lagavulin","floor":6.0,"turns":7.0},{"damage":13.0,"enemies":"3 Sentries","floor":10.0,"turns":6.0},{"damage":0.0,"enemies":"Cultist","floor":11.0,"turns":2.0},{"damage":0.0,"enemies":"Looter","floor":12.0,"turns":2.0},{"damage":0.0,"enemies":"Large Slime","floor":14.0,"turns":3.0},{"damage":34.0,"enemies":"Hexaghost","floor":16.0,"turns":12.0},{"damage":0.0,"enemies":"Chosen","floor":18.0,"turns":6.0},{"damage":0.0,"enemies":"Shell Parasite","floor":20.0,"turns":7.0},{"damage":36.0,"enemies":"Slavers","floor":23.0,"turns":5.0},{"damage":8.0,"enemies":"Snecko","floor":24.0,"turns":7.0},{"damage":5.0,"enemies":"Snake Plant","floor":27.0,"turns":5.0},{"damage":6.0,"enemies":"Centurion and Healer","floor":28.0,"turns":7.0},{"damage":13.0,"enemies":"Gremlin Leader","floor":30.0,"turns":7.0},{"damage":2.0,"enemies":"Sentry and Sphere","floor":31.0,"turns":6.0},{"damage":71.0,"enemies":"Champ","floor":33.0,"turns":15.0},{"damage":10.0,"enemies":"3 Darklings","floor":35.0,"turns":4.0},{"damage":22.0,"enemies":"3 Shapes","floor":38.0,"turns":3.0},{"damage":10.0,"enemies":"Writhing Mass","floor":39.0,"turns":7.0},{"damage":34.0,"enemies":"Nemesis","floor":40.0,"turns":7.0},{"damage":0.0,"enemies":"Spire Growth","floor":42.0,"turns":6.0},{"damage":13.0,"enemies":"Transient","floor":44.0,"turns":5.0},{"damage":3,"enemies":"Maw","floor":47,"turns":6},{"damage":0,"enemies":"Writhing Mass","floor":48,"turns":7},{"damage":106,"enemies":"Donu and Deca","floor":50,"turns":12}],"seed_played":"7929358213300241636","potions_obtained":[{"floor":10.0,"key":"Explosive Potion"},{"floor":11.0,"key":"Weak Potion"},{"floor":12.0,"key":"Explosive Potion"},{"floor":14.0,"key":"FairyPotion"},{"floor":18.0,"key":"Block Potion"},{"floor":24.0,"key":"Energy Potion"},{"floor":27.0,"key":"Strength Potion"},{"floor":30.0,"key":"LiquidBronze"},{"floor":33.0,"key":"Poison Potion"},{"floor":39.0,"key":"Energy Potion"},{"floor":40.0,"key":"SneckoOil"},{"floor":42.0,"key":"Explosive Potion"},{"floor":48,"key":"Explosive Potion"}],"is_trial":false,"path_per_floor":["M","?","M","?","?","E","$","R","T","E","M","M","?","M","R","B",null,"M","?","M","?","$","E","M","R","T","M","M","R","E","M","R","B",null,"M","?","?","M","M","E","$","M","T","M","$","R","M","M","R","B",null],"character_chosen":"DEFECT","items_purchased":["Oddly Smooth Stone","Sling","Regen Potion","PowerPotion"],"campfire_rested":5,"item_purchase_floors":[22,41,41,45],"current_hp_per_floor":[75,75,75,57,57,36,36,58,58,45,45,45,34,34,34,25,75,75,75,75,75,75,39,31,31,31,26,20,42,29,27,49,3,75,65,65,65,43,33,7,7,22,22,9,9,30,27,27,48,13],"gold":90,"neow_bonus":"HUNDRED_GOLD","is_prod":false,"is_daily":false,"chose_seed":false,"campfire_upgraded":2,"win_rate":0,"timestamp":1565247989,"path_taken":["M","?","M","?","?","E","$","R","T","E","?","M","?","M","R","BOSS","M","?","M","?","$","E","M","R","T","M","M","R","E","M","R","BOSS","M","?","?","M","M","E","$","M","T","M","$","R","M","?","R","BOSS"],"build_version":"2019-07-17","purchased_purges":4,"victory":true,"max_hp_per_floor":[75,75,75,75,75,75,75,75,75,75,75,75,75,75,75,75,75,75,75,75,75,75,75,75,75,75,75,75,75,75,75,75,75,75,75,71,71,71,71,71,71,71,71,71,71,71,71,71,71,71],"card_choices":[{"not_picked":["Barrage","Go for the Eyes","Streamline"],"picked":"SKIP","floor":1.0},{"not_picked":["Conserve Battery","Lockon","Force Field"],"picked":"SKIP","floor":3.0},{"not_picked":["Ball Lightning","Multi-Cast","Machine Learning"],"picked":"SKIP","floor":6.0},{"not_picked":["Double Energy","Turbo"],"picked":"Echo Form","floor":10.0},{"not_picked":["Glacier","Stack","Streamline"],"picked":"SKIP","floor":11.0},{"not_picked":["Auto Shields","Rebound","White Noise"],"picked":"SKIP","floor":12.0},{"not_picked":["Hello World","Static Discharge"],"picked":"Leap","floor":14.0},{"not_picked":["Cold Snap","Barrage","Leap"],"picked":"SKIP","floor":18.0},{"not_picked":["Ball Lightning","Hologram","Aggregate"],"picked":"SKIP","floor":20.0},{"not_picked":["Recycle","Chill"],"picked":"Gash","floor":23.0},{"not_picked":["Aggregate","Recycle","Cold Snap"],"picked":"SKIP","floor":24.0},{"not_picked":["Consume","Storm+1","Recycle+1"],"picked":"SKIP","floor":27.0},{"not_picked":["Leap","Go for the Eyes","Redo+1"],"picked":"SKIP","floor":28.0},{"not_picked":["Tempest","Stack+1","Turbo"],"picked":"SKIP","floor":30.0},{"not_picked":["Aggregate","Steam","Recycle"],"picked":"SKIP","floor":31.0},{"not_picked":["Cold Snap+1","Doom and Gloom+1","Compile Driver+1"],"picked":"SKIP","floor":35.0},{"not_picked":["Go for the Eyes","Streamline","Storm"],"picked":"SKIP","floor":38.0},{"not_picked":["Compile Driver+1","Redo+1","Fusion+1"],"picked":"SKIP","floor":39.0},{"not_picked":["Steam","Compile Driver+1"],"picked":"Gash","floor":40.0},{"not_picked":["Turbo","Thunder Strike","Beam Cell"],"picked":"SKIP","floor":42.0},{"not_picked":["Turbo","Thunder Strike","Beam Cell"],"picked":"SKIP","floor":42.0},{"not_picked":["Capacitor+1","Chill","White Noise"],"picked":"SKIP","floor":44.0},{"not_picked":["Conserve Battery","Beam Cell+1","Barrage"],"picked":"SKIP","floor":47},{"not_picked":["Hologram+1","Stack","Turbo+1"],"picked":"SKIP","floor":48}],"player_experience":518262,"relics_obtained":[{"floor":6.0,"key":"Dream Catcher"},{"floor":9.0,"key":"Mercury Hourglass"},{"floor":10.0,"key":"Lantern"},{"floor":23.0,"key":"StoneCalendar"},{"floor":26.0,"key":"War Paint"},{"floor":30.0,"key":"Girya"},{"floor":40.0,"key":"Matryoshka"},{"floor":43.0,"key":"Shuriken"},{"floor":43.0,"key":"Smiling Mask"}],"event_choices":[{"damage_healed":0.0,"max_hp_gain":0.0,"max_hp_loss":0.0,"gold_gain":0.0,"event_name":"Living Wall","player_choice":"Grow","floor":2.0,"gold_loss":0.0,"damage_taken":0.0,"cards_upgraded":["Zap"]},{"damage_healed":0.0,"max_hp_gain":0.0,"max_hp_loss":0.0,"gold_gain":0.0,"event_name":"Scrap Ooze","player_choice":"Success","floor":4.0,"gold_loss":0.0,"damage_taken":18.0,"relics_obtained":["Pantograph"]},{"damage_healed":0.0,"max_hp_gain":0.0,"max_hp_loss":0.0,"gold_gain":0.0,"event_name":"Accursed Blacksmith","player_choice":"Forge","floor":5.0,"gold_loss":0.0,"damage_taken":0.0,"cards_upgraded":["Dualcast"]},{"damage_healed":0.0,"max_hp_gain":0.0,"max_hp_loss":0.0,"gold_gain":75.0,"event_name":"World of Goop","player_choice":"Gather Gold","floor":13.0,"gold_loss":0.0,"damage_taken":11.0},{"damage_healed":0.0,"max_hp_gain":0.0,"max_hp_loss":0.0,"gold_gain":0.0,"event_name":"The Mausoleum","player_choice":"Ignored","floor":19.0,"gold_loss":0.0,"damage_taken":0.0},{"cards_removed":["Defend_B"],"damage_healed":0.0,"max_hp_gain":0.0,"max_hp_loss":0.0,"gold_gain":0.0,"event_name":"Back to Basics","player_choice":"Elegance","floor":21.0,"gold_loss":0.0,"damage_taken":0.0},{"damage_healed":0.0,"max_hp_gain":0.0,"max_hp_loss":4.0,"gold_gain":0.0,"event_name":"Winding Halls","player_choice":"Max HP","floor":36.0,"gold_loss":0.0,"damage_taken":0.0},{"damage_healed":0.0,"max_hp_gain":0.0,"max_hp_loss":0.0,"gold_gain":0.0,"event_name":"Match and Keep!","player_choice":"0 cards matched","floor":37.0,"gold_loss":0.0,"damage_taken":0.0,"cards_obtained":[]}],"is_beta":false,"boss_relics":[{"not_picked":["Nuclear Battery","Snecko Eye"],"picked":"Lizard Tail"},{"not_picked":["Runic Dome","White Beast Statue"],"picked":"Astrolabe"}],"items_purged_floors":[7,22,41,45],"is_endless":false,"potions_floor_spawned":[10,11,12,14,18,24,27,30,33,39,40,42,48],"ascension_level":0}