{"gold_per_floor":[110,125,300,314,332,332,361,215,291,291,321,376,376,153,153,257,257,267,267,292,3,20,20,39,53,135,135,210,210,244,264,264,264],"floor_reached":33,"playtime":1870,"items_purged":["Doubt","Strike_G"],"score":339,"play_id":"984aa1b6-645f-42d7-8279-d1f03d4889e2","local_time":"20190706171252","is_ascension_mode":true,"campfire_choices":[{"data":"Bane","floor":6,"key":"SMITH"},{"data":"Footwork","floor":10,"key":"SMITH"},{"data":"Neutralize","floor":15,"key":"SMITH"},{"data":"Bite","floor":23,"key":"SMITH"},{"data":"Blur","floor":27,"key":"SMITH"},{"data":"Footwork","floor":29,"key":"SMITH"},{"data":"Bite","floor":32,"key":"SMITH"}],"neow_cost":"NONE","seed_source_timestamp":87151528844716,"circlet_count":0,"master_deck":["Defend_G","Defend_G","Defend_G","Defend_G","Defend_G","Survivor","Neutralize+1","Poisoned Stab","Poisoned Stab","Poisoned Stab","Bane+1","Deadly Poison","Footwork+1","Well Laid Plans","Deadly Poison","Corpse Explosion","Bite+1","Bite+1","Bite","Bite","Bite","Footwork+1","Die Die Die","Blur+1","Distraction+1","Catalyst+1"],"relics":["Coffee Dripper","Pear","Tiny Chest","Pen Nib","Snake Skull","Black Star","Bronze Scales","Bottled Flame","Blue Candle","Bag of Preparation"],"potions_floor_usage":[7,7,16,16,16,22,24,25,25,31,33],"damage_taken":[{"damage":1,"enemies":"Small Slimes","floor":1,"turns":4},{"damage":0,"enemies":"Jaw Worm","floor":2,"turns":3},{"damage":0,"enemies":"Cultist","floor":4,"turns":3},{"damage":4,"enemies":"2 Fungi Beasts","floor":5,"turns":3},{"damage":12,"enemies":"Lagavulin","floor":7,"turns":5},{"damage":20,"enemies":"Gremlin Nob","floor":11,"turns":4},{"damage":22,"enemies":"Lagavulin Event","floor":12,"turns":4},{"damage":13,"enemies":"Slime Boss","floor":16,"turns":7},{"damage":25,"enemies":"3 Byrds","floor":18,"turns":3},{"damage":22,"enemies":"2 Thieves","floor":22,"turns":2},{"damage":7,"enemies":"Shelled Parasite and Fungi","floor":24,"turns":3},{"damage":0,"enemies":"Snecko","floor":25,"turns":5},{"damage":36,"enemies":"Book of Stabbing","floor":30,"turns":4},{"damage":1,"enemies":"Centurion and Healer","floor":31,"turns":5},{"damage":38,"enemies":"Champ","floor":33,"turns":7}],"seed_played":"3861481701784242717","potions_obtained":[{"floor":2,"key":"GhostInAJar"},{"floor":4,"key":"GamblersBrew"},{"floor":12,"key":"Swift Potion"},{"floor":16,"key":"Explosive Potion"},{"floor":22,"key":"Poison Potion"},{"floor":30,"key":"SkillPotion"},{"floor":31,"key":"GamblersBrew"}],"is_trial":false,"path_per_floor":["M","M","?","M","M","R","E","$","T","R","E","?","?","$","R","B",null,"M","?","T","$","M","R","M","M","T","R","?","R","E","M","R","B"],"character_chosen":"THE_SILENT","items_purchased":["Footwork","Regen Potion","Dexterity Potion","Footwork","Fruit Juice","Die Die Die","Explosive Potion"],"campfire_rested":0,"item_purchase_floors":[8,14,14,21,21,21,21],"current_hp_per_floor":[69,69,69,69,65,65,63,63,63,63,43,21,3,3,3,5,80,55,55,55,55,40,40,42,53,53,53,47,47,18,23,23,0],"gold":264,"neow_bonus":"BOSS_RELIC","is_prod":false,"is_daily":false,"chose_seed":false,"campfire_upgraded":7,"win_rate":0,"timestamp":1562458372,"path_taken":["M","M","?","M","M","R","E","$","T","R","E","?","?","$","R","BOSS","M","?","?","$","M","R","?","M","T","R","?","R","E","M","R","BOSS"],"build_version":"2019-07-05","purchased_purges":2,"victory":false,"max_hp_per_floor":[70,70,70,70,70,70,80,80,80,80,80,80,80,80,80,80,80,80,56,56,56,61,61,61,61,61,61,61,61,61,61,61,61],"card_choices":[{"not_picked":["Sucker Punch","Heel Hook"],"picked":"Poisoned Stab","floor":1},{"not_picked":["Calculated Gamble","All Out Attack"],"picked":"Poisoned Stab","floor":2},{"not_picked":["Outmaneuver","Dagger Throw"],"picked":"Poisoned Stab","floor":4},{"not_picked":["Flying Knee","Blur"],"picked":"Bane","floor":5},{"not_picked":["Flying Knee","Accuracy"],"picked":"Deadly Poison","floor":7},{"not_picked":["Dodge and Roll","Deflect"],"picked":"Well Laid Plans","floor":11},{"not_picked":["Well Laid Plans","Prepared"],"picked":"Deadly Poison","floor":12},{"not_picked":["Unload","Night Terror"],"picked":"Corpse Explosion","floor":16},{"not_picked":["Predator","PiercingWail","Quick Slash"],"picked":"SKIP","floor":18},{"not_picked":["Flying Knee","Deflect","Tactician"],"picked":"SKIP","floor":22},{"not_picked":["Concentrate+1","Calculated Gamble"],"picked":"Blur","floor":24},{"not_picked":["Skewer+1","Concentrate"],"picked":"Distraction+1","floor":25},{"not_picked":["Quick Slash","Acrobatics"],"picked":"Catalyst+1","floor":30},{"not_picked":["Flechettes+1","Prepared","Skewer"],"picked":"SKIP","floor":31}],"player_experience":201856,"relics_obtained":[{"floor":7,"key":"Pear"},{"floor":9,"key":"Tiny Chest"},{"floor":11,"key":"Pen Nib"},{"floor":12,"key":"Snake Skull"},{"floor":20,"key":"Bronze Scales"},{"floor":26,"key":"Bottled Flame"},{"floor":30,"key":"Blue Candle"},{"floor":30,"key":"Bag of Preparation"}],"event_choices":[{"damage_healed":0,"gold_gain":175,"player_choice":"AGREE","damage_taken":0,"max_hp_gain":0,"max_hp_loss":0,"event_name":"Liars Game","floor":3,"gold_loss":0,"cards_obtained":["Doubt"]},{"damage_healed":0,"gold_gain":30,"player_choice":"Searched \u00273\u0027 times","damage_taken":0,"max_hp_gain":0,"max_hp_loss":0,"event_name":"Dead Adventurer","floor":12,"gold_loss":0},{"damage_healed":0,"gold_gain":0,"player_choice":"Fled","damage_taken":18,"max_hp_gain":0,"max_hp_loss":0,"event_name":"Scrap Ooze","floor":13,"gold_loss":0},{"damage_healed":0,"gold_gain":0,"player_choice":"Became a vampire","damage_taken":0,"max_hp_gain":0,"max_hp_loss":24,"event_name":"Vampires","floor":19,"gold_loss":0,"cards_obtained":["Bite","Bite","Bite","Bite","Bite"]},{"damage_healed":0,"gold_gain":75,"player_choice":"Touch","damage_taken":6,"max_hp_gain":0,"max_hp_loss":0,"event_name":"FaceTrader","floor":28,"gold_loss":0}],"is_beta":false,"boss_relics":[{"not_picked":["Runic Pyramid","HoveringKite"],"picked":"Black Star"}],"items_purged_floors":[8,14],"is_endless":false,"potions_floor_spawned":[2,4,12,16,22,30,31],"killed_by":"Champ","ascension_level":3}