{"gold_per_floor":[214,8,18,35,35,35,64,64,87,103,103,130,55,20,20,121,121,139,1,1,20,20,20,20],"floor_reached":24,"playtime":789,"items_purged":["Strike_R","Strike_R"],"score":340,"play_id":"7debfacf-6a46-42e6-939b-07a2eadb0a87","local_time":"20190811201445","is_ascension_mode":true,"campfire_choices":[{"data":"Sword Boomerang","floor":6,"key":"SMITH"},{"data":"Pommel Strike","floor":8,"key":"SMITH"},{"floor":15,"key":"REST"},{"floor":23,"key":"REST"}],"neow_cost":"NONE","seed_source_timestamp":91154676604600,"circlet_count":0,"master_deck":["Strike_R","Strike_R+1","Strike_R","Defend_R","Defend_R","Defend_R","Defend_R+1","Bash","Sword Boomerang+1","Twin Strike","Clothesline","Pommel Strike+1","Warcry","Sword Boomerang","Reaper","Metallicize","Metallicize","Cleave"],"relics":["Burning Blood","Brimstone","Pen Nib","Anchor","Bag of Preparation","Bottled Lightning","Runic Pyramid","MutagenicStrength"],"potions_floor_usage":[12,24],"damage_taken":[{"damage":0,"enemies":"Small Slimes","floor":1,"turns":3},{"damage":0,"enemies":"2 Louse","floor":3,"turns":2},{"damage":0,"enemies":"Cultist","floor":4,"turns":2},{"damage":21,"enemies":"3 Sentries","floor":7,"turns":4},{"damage":2,"enemies":"Looter","floor":10,"turns":2},{"damage":13,"enemies":"Gremlin Nob","floor":12,"turns":3},{"damage":0,"enemies":"Slime Boss","floor":16,"turns":4},{"damage":0,"enemies":"Shell Parasite","floor":18,"turns":2},{"damage":59,"enemies":"3 Byrds","floor":21,"turns":4},{"damage":47,"enemies":"Book of Stabbing","floor":24,"turns":5}],"seed_played":"-688977186104686932","potions_obtained":[{"floor":1,"key":"GamblersBrew"},{"floor":3,"key":"SpeedPotion"},{"floor":7,"key":"GamblersBrew"}],"is_trial":false,"path_per_floor":["M","$","M","M","?","R","E","R","T","M","?","E","$","?","R","B",null,"M","$","?","M","$","R","E"],"character_chosen":"IRONCLAD","items_purchased":["Brimstone","Metallicize"],"campfire_rested":2,"item_purchase_floors":[2,19],"current_hp_per_floor":[78,78,80,80,64,64,49,49,49,53,28,21,21,41,65,71,78,80,80,80,47,47,71,24],"gold":20,"neow_bonus":"HUNDRED_GOLD","is_prod":false,"is_daily":false,"chose_seed":false,"campfire_upgraded":2,"win_rate":0,"timestamp":1565579685,"path_taken":["M","$","M","M","?","R","E","R","T","M","?","E","$","?","R","BOSS","M","$","?","M","$","R","E"],"build_version":"2019-07-17","purchased_purges":2,"victory":false,"max_hp_per_floor":[80,80,80,80,80,80,80,80,80,80,80,80,80,80,80,80,80,80,80,80,80,80,80,80],"card_choices":[{"not_picked":["Blood for Blood","Body Slam"],"picked":"Sword Boomerang","floor":1},{"not_picked":["Body Slam","Rage"],"picked":"Twin Strike","floor":3},{"not_picked":["Clash","Warcry"],"picked":"Clothesline","floor":4},{"not_picked":["Wild Strike","Havoc"],"picked":"Pommel Strike","floor":7},{"not_picked":["Bloodletting","Clothesline"],"picked":"Warcry","floor":10},{"not_picked":["Sever Soul","True Grit"],"picked":"Sword Boomerang","floor":12},{"not_picked":["Feed","Brutality"],"picked":"Reaper","floor":16},{"not_picked":["Thunderclap","Body Slam+1"],"picked":"Metallicize","floor":18},{"not_picked":["Hemokinesis","Wild Strike"],"picked":"Cleave","floor":21}],"player_experience":304661,"relics_obtained":[{"floor":7,"key":"Pen Nib"},{"floor":9,"key":"Anchor"},{"floor":12,"key":"Bottled Lightning"}],"event_choices":[{"damage_healed":0,"gold_gain":0,"player_choice":"Entered Light","damage_taken":16,"max_hp_gain":0,"max_hp_loss":0,"event_name":"Shining Light","floor":5,"gold_loss":0,"cards_upgraded":["Strike_R","Defend_R"]},{"damage_healed":0,"gold_gain":0,"player_choice":"Success","damage_taken":25,"relics_obtained":["Bag of Preparation"],"max_hp_gain":0,"max_hp_loss":0,"event_name":"Scrap Ooze","floor":11,"gold_loss":0},{"damage_healed":20,"gold_gain":0,"player_choice":"Healed","damage_taken":0,"max_hp_gain":0,"max_hp_loss":0,"event_name":"The Cleric","floor":14,"gold_loss":35},{"damage_healed":0,"gold_gain":0,"player_choice":"Inject Mutagens","damage_taken":0,"relics_obtained":["MutagenicStrength"],"max_hp_gain":0,"max_hp_loss":0,"event_name":"Drug Dealer","floor":20,"gold_loss":0}],"is_beta":false,"boss_relics":[{"not_picked":["Velvet Choker","Sozu"],"picked":"Runic Pyramid"}],"items_purged_floors":[13,19],"is_endless":false,"potions_floor_spawned":[1,3,7],"killed_by":"Book of Stabbing","ascension_level":7}