{"gold_per_floor":[116,116,127,127,52,52,52,52,52,65,91,91,91,91,91,189,189,206,206,222,322,335,335,345,345,345,345,270,270,284,184,184,280,280,296,296,171,171,191,191,191,218,218,237,237,252,252,266,266,266],"floor_reached":51,"playtime":810,"items_purged":["Strike_R","Strike_R","Strike_R+1"],"score":666,"play_id":"dc66acfb-8bbf-4478-8ea2-3eea3a07c545","local_time":"20190107235745","is_ascension_mode":false,"campfire_choices":[{"data":"Searing Blow+1","floor":6.0,"key":"SMITH"},{"data":"Searing Blow+2","floor":8.0,"key":"SMITH"},{"data":"Searing Blow+3","floor":12.0,"key":"SMITH"},{"data":"Searing Blow+4","floor":15.0,"key":"SMITH"},{"data":"Limit Break","floor":23.0,"key":"SMITH"},{"data":"Searing Blow+5","floor":25.0,"key":"SMITH"},{"data":"Searing Blow+6","floor":27.0,"key":"SMITH"},{"data":"Searing Blow+7","floor":29.0,"key":"SMITH"},{"data":"Searing Blow+8","floor":32.0,"key":"SMITH"},{"data":"Searing Blow+10","floor":40,"key":"SMITH"},{"data":"Searing Blow+11","floor":45,"key":"SMITH"},{"data":"Searing Blow+12","floor":47,"key":"SMITH"},{"data":"Searing Blow+13","floor":49,"key":"SMITH"}],"neow_cost":"NONE","seed_source_timestamp":0,"circlet_count":0,"master_deck":["Defend_R+1","Defend_R+1","Defend_R+1","Defend_R+1","Bash+1","Searing Blow+14","Shrug It Off+1","Ghostly Armor+1","Limit Break+1","Headbutt+1","Ghostly Armor+1","Spot Weakness+1","Double Tap+1","Shrug It Off+1"],"special_seed":0,"relics":["Runic Dome","Bottled Flame","Sundial","Du-Vu Doll","Velvet Choker","Matryoshka","Sozu","Mark of the Bloom","Strawberry","Blood Vial","Meat on the Bone","Thread and Needle"],"potions_floor_usage":[44,50],"damage_taken":[{"damage":0.0,"enemies":"Cultist","floor":1.0,"turns":2.0},{"damage":3.0,"enemies":"Small Slimes","floor":3.0,"turns":2.0},{"damage":3.0,"enemies":"Jaw Worm","floor":10.0,"turns":2.0},{"damage":15.0,"enemies":"Gremlin Nob","floor":11.0,"turns":4.0},{"damage":24.0,"enemies":"The Guardian","floor":16.0,"turns":7.0},{"damage":2.0,"enemies":"3 Byrds","floor":18.0,"turns":5.0},{"damage":5.0,"enemies":"Spheric Guardian","floor":20.0,"turns":4.0},{"damage":0.0,"enemies":"Chosen and Byrds","floor":22.0,"turns":3.0},{"damage":11.0,"enemies":"Snake Plant","floor":24.0,"turns":2.0},{"damage":7.0,"enemies":"Sentry and Sphere","floor":30.0,"turns":5.0},{"damage":17.0,"enemies":"Collector","floor":33.0,"turns":3.0},{"damage":13,"enemies":"3 Darklings","floor":35,"turns":6},{"damage":21,"enemies":"3 Shapes","floor":39,"turns":4},{"damage":0,"enemies":"Maw","floor":44,"turns":4},{"damage":0,"enemies":"Writhing Mass","floor":46,"turns":1},{"damage":0,"enemies":"Transient","floor":48,"turns":5},{"damage":44,"enemies":"Awakened One","floor":50,"turns":5}],"seed_played":"-6626187292371643315","potions_obtained":[{"floor":3.0,"key":"Explosive Potion"},{"floor":10.0,"key":"Energy Potion"},{"floor":11.0,"key":"AttackPotion"},{"floor":20.0,"key":"Energy Potion"},{"floor":24.0,"key":"Strength Potion"},{"floor":33.0,"key":"Strength Potion"}],"is_trial":false,"path_per_floor":["M","?","M","?","$","R","$","R","T","M","E","R","?","?","R","B",null,"M","?","M","?","M","R","M","R","T","R","?","R","M","$","R","B",null,"M","?","$","?","M","R","?","T","T","M","R","M","R","M","R","B",null],"character_chosen":"IRONCLAD","items_purchased":[],"campfire_rested":0,"item_purchase_floors":[],"current_hp_per_floor":[80,85,82,82,82,82,82,82,82,79,64,64,57,50,50,26,85,83,83,78,78,78,78,67,67,67,67,67,67,60,60,60,43,85,72,72,72,72,51,51,51,51,51,51,51,51,51,51,51,7],"gold":266,"neow_bonus":"BOSS_RELIC","is_prod":false,"is_daily":false,"chose_seed":false,"campfire_upgraded":13,"win_rate":0,"timestamp":1546923465,"path_taken":["M","?","M","?","$","R","$","R","T","?","E","R","?","?","R","BOSS","M","?","M","?","?","R","M","R","T","R","?","R","M","$","R","BOSS","M","?","$","?","M","R","?","?","T","M","R","M","R","M","R","BOSS"],"build_version":"2019-01-03v4","purchased_purges":3,"victory":true,"max_hp_per_floor":[80,85,85,85,85,85,85,85,85,85,85,85,85,85,85,85,85,85,85,85,85,85,85,85,85,85,85,85,85,85,85,85,85,85,85,85,85,85,85,85,85,92,92,92,92,92,92,92,92,92],"card_choices":[{"not_picked":["Clash","Armaments"],"picked":"Searing Blow","floor":1.0},{"not_picked":["Power Through","Pommel Strike"],"picked":"Shrug It Off","floor":3.0},{"not_picked":["Anger","Blood for Blood"],"picked":"Ghostly Armor","floor":10.0},{"not_picked":["Second Wind","Clothesline","Reaper"],"picked":"SKIP","floor":11.0},{"not_picked":["Immolate","Brutality"],"picked":"Limit Break","floor":16.0},{"not_picked":["Clash","Searing Blow"],"picked":"Headbutt","floor":18.0},{"not_picked":["Perfected Strike+1","Havoc"],"picked":"Ghostly Armor","floor":20.0},{"not_picked":["Hemokinesis+1","Havoc"],"picked":"Spot Weakness","floor":22.0},{"not_picked":["Headbutt","Havoc","Reckless Charge"],"picked":"SKIP","floor":24.0},{"not_picked":["Heavy Blade","Cleave","Body Slam"],"picked":"SKIP","floor":30.0},{"not_picked":["Bludgeon","Immolate"],"picked":"Double Tap","floor":33.0},{"not_picked":["Body Slam","Rage+1"],"picked":"Shrug It Off","floor":35},{"not_picked":["Flex","Dropkick+1","Entrench"],"picked":"SKIP","floor":39},{"not_picked":["Dropkick","Whirlwind+1","Iron Wave+1"],"picked":"SKIP","floor":44},{"not_picked":["Reckless Charge+1","Armaments","Hemokinesis"],"picked":"SKIP","floor":46},{"not_picked":["Entrench","Anger+1","Blood for Blood"],"picked":"SKIP","floor":48}],"player_experience":685254,"relics_obtained":[{"floor":9.0,"key":"Bottled Flame"},{"floor":11.0,"key":"Sundial"},{"floor":26.0,"key":"Matryoshka"},{"floor":42,"key":"Strawberry"},{"floor":42,"key":"Blood Vial"},{"floor":43,"key":"Meat on the Bone"},{"floor":43,"key":"Thread and Needle"}],"event_choices":[{"damage_healed":0.0,"max_hp_gain":5.0,"max_hp_loss":0.0,"gold_gain":0.0,"event_name":"Big Fish","player_choice":"Donut","floor":2.0,"gold_loss":0.0,"damage_taken":0.0},{"damage_healed":0.0,"max_hp_gain":0.0,"max_hp_loss":0.0,"gold_gain":0.0,"event_name":"Upgrade Shrine","player_choice":"Upgraded","floor":4.0,"gold_loss":0.0,"damage_taken":0.0,"cards_upgraded":["Searing Blow"]},{"cards_removed":["Strike_R"],"damage_healed":0.0,"max_hp_gain":0.0,"max_hp_loss":0.0,"gold_gain":0.0,"event_name":"Golden Wing","player_choice":"Card Removal","floor":13.0,"gold_loss":0.0,"damage_taken":7.0},{"damage_healed":0.0,"max_hp_gain":0.0,"max_hp_loss":0.0,"gold_gain":0.0,"event_name":"Scrap Ooze","player_choice":"Success","floor":14.0,"gold_loss":0.0,"damage_taken":7.0,"relics_obtained":["Du-Vu Doll"]},{"damage_healed":0.0,"max_hp_gain":0.0,"max_hp_loss":0.0,"gold_gain":0.0,"event_name":"The Mausoleum","player_choice":"Ignored","floor":19.0,"gold_loss":0.0,"damage_taken":0.0},{"damage_healed":0.0,"max_hp_gain":0.0,"max_hp_loss":0.0,"gold_gain":100.0,"event_name":"Golden Shrine","player_choice":"Pray","floor":21.0,"gold_loss":0.0,"damage_taken":0.0},{"cards_removed":["Strike_R"],"damage_healed":0.0,"max_hp_gain":0.0,"max_hp_loss":0.0,"gold_gain":0.0,"event_name":"Beggar","player_choice":"Gave Gold","floor":28.0,"gold_loss":75.0,"damage_taken":0.0},{"damage_healed":0,"gold_gain":0,"player_choice":"Upgrade","damage_taken":0,"relics_obtained":["Mark of the Bloom"],"max_hp_gain":0,"max_hp_loss":0,"event_name":"MindBloom","floor":36,"gold_loss":0,"cards_upgraded":["Strike_R","Defend_R","Defend_R","Defend_R","Defend_R","Bash","Searing Blow","Shrug It Off","Ghostly Armor","Headbutt","Ghostly Armor","Spot Weakness","Double Tap","Shrug It Off"]},{"damage_healed":0,"gold_gain":0,"player_choice":"Memory 1","damage_taken":0,"max_hp_gain":0,"max_hp_loss":0,"event_name":"SensoryStone","floor":38,"gold_loss":0},{"damage_healed":0,"gold_gain":0,"player_choice":"Ignored","damage_taken":0,"max_hp_gain":0,"max_hp_loss":0,"event_name":"Tomb of Lord Red Mask","floor":41,"gold_loss":0}],"is_beta":false,"boss_relics":[{"not_picked":["White Beast Statue","Black Star"],"picked":"Velvet Choker"},{"not_picked":["Philosopher\u0027s Stone","Pandora\u0027s Box"],"picked":"Sozu"}],"items_purged_floors":[5,31,37],"is_endless":false,"potions_floor_spawned":[3,10,11,20,24,33,46,48],"ascension_level":0}