{"gold_per_floor":[117,133,143,143,156,184,184,198,253,253,203,203,203,242,242,367,367,386,40,40,60,84,84,100,100,124,149,149,169,169,187,187,313,313,336,336,350,128,141,141,166,181,258,258,281,281,302,326,326,326],"floor_reached":51,"playtime":2526,"items_purged":["Strike_R"],"score":715,"play_id":"9ad9e04e-10f0-4715-b80c-2684e9488c60","local_time":"20190801151201","is_ascension_mode":false,"campfire_choices":[{"data":"Evolve","floor":7.0,"key":"SMITH"},{"data":"Flex","floor":12.0,"key":"SMITH"},{"data":"Bash","floor":15.0,"key":"SMITH"},{"data":"True Grit","floor":23.0,"key":"SMITH"},{"data":"Panacea","floor":25.0,"key":"SMITH"},{"data":"Bludgeon","floor":30.0,"key":"SMITH"},{"data":"J.A.X.","floor":32.0,"key":"SMITH"},{"data":"Demon Form","floor":40,"key":"SMITH"},{"data":"Offering","floor":46,"key":"SMITH"},{"floor":49,"key":"REST"}],"neow_cost":"NONE","seed_source_timestamp":101267640500493,"circlet_count":0,"master_deck":["Strike_R","Strike_R","Defend_R","Defend_R","Defend_R","Defend_R","Bash+1","Flex+1","Thunderclap","Cleave","Evolve+1","Thunderclap","Shrug It Off","Injury","Headbutt","Bludgeon+1","True Grit+1","Panacea+1","J.A.X.+1","Reckless Charge+1","Wild Strike+1","Ghostly Armor","Shrug It Off","Demon Form+1","Power Through+1","Shrug It Off","Shrug It Off+1","Writhe","Offering+1","Heavy Blade+1"],"special_seed":0,"relics":["Burning Blood","Blue Candle","Tiny Chest","Golden Idol","Meat on the Bone","Blood Vial","Philosopher\u0027s Stone","Paper Frog","Happy Flower","Calipers","Runic Dome","Bag of Preparation","Dodecahedron"],"potions_floor_usage":[37,47,50,50,50],"damage_taken":[{"damage":0.0,"enemies":"Small Slimes","floor":1.0,"turns":3.0},{"damage":12.0,"enemies":"Cultist","floor":2.0,"turns":5.0},{"damage":6.0,"enemies":"Jaw Worm","floor":3.0,"turns":5.0},{"damage":8.0,"enemies":"3 Louse","floor":5.0,"turns":2.0},{"damage":26.0,"enemies":"3 Sentries","floor":6.0,"turns":5.0},{"damage":10.0,"enemies":"Looter","floor":8.0,"turns":2.0},{"damage":21.0,"enemies":"Gremlin Nob","floor":14.0,"turns":4.0},{"damage":48.0,"enemies":"Hexaghost","floor":16.0,"turns":9.0},{"damage":12.0,"enemies":"Chosen","floor":18.0,"turns":3.0},{"damage":29.0,"enemies":"Spheric Guardian","floor":21.0,"turns":5.0},{"damage":4.0,"enemies":"Chosen and Byrds","floor":22.0,"turns":3.0},{"damage":25.0,"enemies":"3 Cultists","floor":24.0,"turns":4.0},{"damage":0.0,"enemies":"Snecko","floor":27.0,"turns":2.0},{"damage":22.0,"enemies":"Sentry and Sphere","floor":29.0,"turns":5.0},{"damage":19.0,"enemies":"3 Cultists","floor":31.0,"turns":4.0},{"damage":56.0,"enemies":"Automaton","floor":33.0,"turns":8.0},{"damage":43,"enemies":"3 Darklings","floor":35,"turns":6},{"damage":28,"enemies":"Orb Walker","floor":37,"turns":4},{"damage":4,"enemies":"Maw","floor":39,"turns":7},{"damage":3,"enemies":"Sphere and 2 Shapes","floor":41,"turns":4},{"damage":19,"enemies":"Spire Growth","floor":42,"turns":5},{"damage":23,"enemies":"Jaw Worm Horde","floor":45,"turns":4},{"damage":33,"enemies":"3 Darklings","floor":47,"turns":4},{"damage":20,"enemies":"Writhing Mass","floor":48,"turns":4},{"damage":37,"enemies":"Awakened One","floor":50,"turns":5}],"seed_played":"5223682751886990276","potions_obtained":[{"floor":5.0,"key":"SteroidPotion"},{"floor":6.0,"key":"Energy Potion"},{"floor":14.0,"key":"Explosive Potion"},{"floor":21.0,"key":"Energy Potion"},{"floor":22.0,"key":"Explosive Potion"},{"floor":29.0,"key":"AttackPotion"},{"floor":35,"key":"Regen Potion"},{"floor":39,"key":"GamblersBrew"},{"floor":45,"key":"BloodPotion"},{"floor":47,"key":"FearPotion"}],"is_trial":false,"path_per_floor":["M","M","M","?","M","E","R","M","T","?","?","R","T","E","R","B",null,"M","$","?","M","M","R","M","R","T","M","T","M","R","M","R","B",null,"M","?","M","$","M","R","M","M","T","?","M","R","M","M","R","B",null],"character_chosen":"IRONCLAD","items_purchased":["Paper Frog","Panacea","Bag of Preparation"],"campfire_rested":1,"item_purchase_floors":[19,19,38],"current_hp_per_floor":[88,82,82,82,80,60,60,56,56,56,56,56,56,53,53,25,88,82,82,82,61,65,65,60,60,60,68,68,54,54,55,55,19,88,51,51,55,55,59,59,64,53,53,75,60,60,57,57,83,54],"gold":326,"neow_bonus":"TEN_PERCENT_HP_BONUS","is_prod":false,"is_daily":false,"chose_seed":false,"campfire_upgraded":9,"win_rate":0,"timestamp":1564686721,"path_taken":["M","M","M","?","M","E","R","?","T","?","?","R","?","E","R","BOSS","M","$","?","M","M","R","M","R","T","M","?","?","R","M","R","BOSS","M","?","M","$","M","R","M","M","T","?","M","R","M","M","R","BOSS"],"build_version":"2019-07-17","purchased_purges":1,"victory":true,"max_hp_per_floor":[88,88,88,88,88,88,88,88,88,88,88,88,88,88,88,88,88,88,88,88,88,88,88,88,88,88,88,88,88,88,88,88,88,88,88,88,88,88,88,88,88,88,88,88,88,88,88,88,88,88],"card_choices":[{"not_picked":["Havoc","Dual Wield"],"picked":"Flex","floor":1.0},{"not_picked":["Warcry","Headbutt"],"picked":"Thunderclap","floor":2.0},{"not_picked":["Clash","Flame Barrier"],"picked":"Cleave","floor":3.0},{"not_picked":["Ghostly Armor","Twin Strike"],"picked":"Evolve","floor":5.0},{"not_picked":["Dual Wield","Juggernaut"],"picked":"Thunderclap","floor":6.0},{"not_picked":["Sword Boomerang","Clash"],"picked":"Shrug It Off","floor":8.0},{"not_picked":["Flex","Anger"],"picked":"Headbutt","floor":14.0},{"not_picked":["Dark Embrace","Impervious"],"picked":"Bludgeon","floor":16.0},{"not_picked":["Thunderclap","Cleave"],"picked":"True Grit","floor":18.0},{"not_picked":["Hemokinesis","Anger+1"],"picked":"Reckless Charge+1","floor":21.0},{"not_picked":["Body Slam","Clothesline"],"picked":"Wild Strike+1","floor":22.0},{"not_picked":["Thunderclap","Anger"],"picked":"Ghostly Armor","floor":24.0},{"not_picked":["Evolve","Cleave"],"picked":"Shrug It Off","floor":27.0},{"not_picked":["Wild Strike","Perfected Strike","Body Slam"],"picked":"SKIP","floor":29.0},{"not_picked":["Body Slam","Iron Wave","Spot Weakness+1"],"picked":"SKIP","floor":31.0},{"not_picked":["Feed","Double Tap"],"picked":"Demon Form","floor":33.0},{"not_picked":["Flex","Body Slam","Bloodletting+1"],"picked":"SKIP","floor":35},{"not_picked":["Sword Boomerang+1","Battle Trance"],"picked":"Power Through+1","floor":37},{"not_picked":["Pommel Strike","Warcry","Body Slam+1"],"picked":"SKIP","floor":39},{"not_picked":["Body Slam","Disarm"],"picked":"Shrug It Off","floor":41},{"not_picked":["Iron Wave","Cleave"],"picked":"Shrug It Off+1","floor":42},{"not_picked":["Flex","Warcry"],"picked":"Offering","floor":45},{"not_picked":["Clothesline","Clash+1","Entrench"],"picked":"SKIP","floor":47},{"not_picked":["Headbutt","Twin Strike"],"picked":"Heavy Blade+1","floor":48}],"player_experience":942638,"relics_obtained":[{"floor":6.0,"key":"Blue Candle"},{"floor":9.0,"key":"Tiny Chest"},{"floor":13.0,"key":"Meat on the Bone"},{"floor":14.0,"key":"Blood Vial"},{"floor":26.0,"key":"Happy Flower"},{"floor":28.0,"key":"Calipers"},{"floor":43,"key":"Dodecahedron"}],"event_choices":[{"cards_removed":["Strike_R"],"damage_healed":0.0,"max_hp_gain":0.0,"max_hp_loss":0.0,"gold_gain":0.0,"event_name":"Bonfire Elementals","player_choice":"Offered Basic","floor":4.0,"gold_loss":0.0,"damage_taken":0.0},{"damage_healed":0.0,"max_hp_gain":0.0,"max_hp_loss":0.0,"gold_gain":0.0,"event_name":"Golden Idol","player_choice":"Take Wound","floor":10.0,"gold_loss":0.0,"damage_taken":0.0,"relics_obtained":["Golden Idol"],"cards_obtained":["Injury"]},{"cards_removed":["Strike_R"],"damage_healed":0.0,"max_hp_gain":0.0,"max_hp_loss":0.0,"gold_gain":0.0,"event_name":"The Cleric","player_choice":"Card Removal","floor":11.0,"gold_loss":50.0,"damage_taken":0.0},{"damage_healed":0.0,"max_hp_gain":0.0,"max_hp_loss":0.0,"gold_gain":0.0,"event_name":"Drug Dealer","player_choice":"Obtain J.A.X.","floor":20.0,"gold_loss":0.0,"damage_taken":0.0,"cards_obtained":["J.A.X."]},{"damage_healed":0,"gold_gain":0,"player_choice":"Ignored","damage_taken":0,"max_hp_gain":0,"max_hp_loss":0,"event_name":"Mysterious Sphere","floor":36,"gold_loss":0},{"damage_healed":22,"gold_gain":0,"player_choice":"Writhe","damage_taken":0,"max_hp_gain":0,"max_hp_loss":0,"event_name":"Winding Halls","floor":44,"gold_loss":0,"cards_obtained":["Writhe"]}],"is_beta":false,"boss_relics":[{"not_picked":["Orrery","Black Star"],"picked":"Philosopher\u0027s Stone"},{"not_picked":["Fusion Hammer","White Beast Statue"],"picked":"Runic Dome"}],"items_purged_floors":[38],"is_endless":false,"potions_floor_spawned":[5,6,14,21,22,29,35,39,45,47,48],"ascension_level":0}