{"gold_per_floor":[109,42,54,54,72,100,120,120,120,147,147,165,165],"floor_reached":13,"playtime":478,"items_purged":[],"score":147,"play_id":"dbd61d90-4505-4199-bbec-ece50ec35830","local_time":"20181018120401","is_ascension_mode":true,"campfire_choices":[{"floor":8,"key":"REST"},{"floor":11,"key":"REST"}],"neow_cost":"NONE","seed_source_timestamp":436624760125044,"circlet_count":0,"master_deck":["Strike_B","Strike_B","Strike_B+1","Strike_B","Defend_B","Defend_B","Defend_B","Defend_B+1","Zap","Dualcast","AscendersBane","Beam Cell","Sunder","Consume","Capacitor"],"relics":["Cracked Core","NeowsBlessing","Blue Candle","Letter Opener","Mummified Hand"],"potions_floor_usage":[6,7,7],"damage_taken":[{"damage":0,"enemies":"Cultist","floor":1,"turns":1},{"damage":0,"enemies":"Small Slimes","floor":3,"turns":1},{"damage":0,"enemies":"Jaw Worm","floor":5,"turns":1},{"damage":26,"enemies":"Gremlin Nob","floor":6,"turns":4},{"damage":4,"enemies":"Lots of Slimes","floor":7,"turns":3},{"damage":35,"enemies":"Lagavulin","floor":10,"turns":6},{"damage":14,"enemies":"Looter","floor":12,"turns":3},{"damage":20,"enemies":"Exordium Thugs","floor":13,"turns":2}],"seed_played":"-1830200978866506381","potions_obtained":[{"floor":3,"key":"PowerPotion"},{"floor":5,"key":"Energy Potion"},{"floor":6,"key":"SpeedPotion"}],"is_trial":false,"path_per_floor":["M","$","M","?","M","E","M","R","T","E","R","M"],"character_chosen":"DEFECT","items_purchased":["Sunder"],"campfire_rested":2,"item_purchase_floors":[2],"current_hp_per_floor":[68,68,68,53,53,27,23,45,45,10,32,18,0],"gold":165,"neow_bonus":"THREE_ENEMY_KILL","is_prod":false,"is_daily":false,"chose_seed":false,"campfire_upgraded":0,"win_rate":0,"timestamp":1539878641,"path_taken":["M","$","?","?","M","E","M","R","T","E","R","?","M"],"build_version":"2018-10-11","purchased_purges":0,"victory":false,"max_hp_per_floor":[75,75,75,75,75,75,75,75,75,75,75,75,75],"card_choices":[{"not_picked":["Steam","Static Discharge"],"picked":"Beam Cell","floor":1},{"not_picked":["Leap","Redo"],"picked":"Consume","floor":3},{"not_picked":["Turbo","Stack","Redo"],"picked":"SKIP","floor":5},{"not_picked":["Barrage","White Noise"],"picked":"Capacitor","floor":6},{"not_picked":["Double Energy","Steam","Rebound"],"picked":"SKIP","floor":7},{"not_picked":["Aggregate","Rebound","Streamline"],"picked":"SKIP","floor":10},{"not_picked":["Streamline","Stack","All For One"],"picked":"SKIP","floor":12}],"player_experience":518048,"relics_obtained":[{"floor":6,"key":"Blue Candle"},{"floor":9,"key":"Letter Opener"},{"floor":10,"key":"Mummified Hand"}],"event_choices":[{"event_name":"Shining Light","player_choice":"Entered Light","floor":4,"damage_taken":0}],"is_beta":false,"boss_relics":[],"items_purged_floors":[],"is_endless":false,"potions_floor_spawned":[3,5,6],"killed_by":"Exordium Thugs","ascension_level":11}