{"gold_per_floor":[116,116,116,116,116,155,155,19,19,59,84,99,132,145,145,238,238,253,253,32,32,46,46,46,46,46,11,11,27,27,45,45,138,138,161,161,80,0,0,0,34,34,34,34,34,54,72,72,72,72],"floor_reached":51,"playtime":3082,"items_purged":["Strike_B"],"score":1260,"play_id":"67c7e7d9-820f-45e8-b172-d3263147f141","local_time":"20190718151657","is_ascension_mode":true,"campfire_choices":[{"data":"Consume","floor":7.0,"key":"SMITH"},{"data":"Machine Learning","floor":15.0,"key":"SMITH"},{"data":"Coolheaded","floor":23.0,"key":"SMITH"},{"data":"Echo Form","floor":25.0,"key":"SMITH"},{"floor":30.0,"key":"REST"},{"floor":32.0,"key":"REST"},{"floor":40.0,"key":"REST"},{"floor":42,"key":"REST"},{"floor":44,"key":"RECALL"},{"floor":49,"key":"REST"}],"neow_cost":"NONE","seed_source_timestamp":672532080993721,"circlet_count":0,"master_deck":["AscendersBane","Strike_B+1","Strike_B","Defend_B","Defend_B","Defend_B","Defend_B","Zap+1","Dualcast","Cold Snap","Consume+1","Coolheaded+1","Melter","Machine Learning+1","Echo Form+1","Leap+1","Machine Learning+1","Glacier","Electrodynamics","Blizzard","Apotheosis","Panacea","Amplify","Glacier+1"],"special_seed":0,"relics":["Cracked Core","NeowsBlessing","Golden Idol","Calipers","Kunai","Pear","Gremlin Horn","Oddly Smooth Stone","PreservedInsect","Cursed Key","Regal Pillow","Fusion Hammer","Red Mask","Vajra"],"potions_floor_usage":[50,50],"damage_taken":[{"damage":0.0,"enemies":"Jaw Worm","floor":1.0,"turns":1.0},{"damage":0.0,"enemies":"Lagavulin","floor":6.0,"turns":1.0},{"damage":0.0,"enemies":"3 Sentries","floor":10.0,"turns":1.0},{"damage":0.0,"enemies":"Small Slimes","floor":11.0,"turns":4.0},{"damage":0.0,"enemies":"2 Louse","floor":12.0,"turns":3.0},{"damage":0.0,"enemies":"Lagavulin","floor":13.0,"turns":5.0},{"damage":4.0,"enemies":"Looter","floor":14.0,"turns":3.0},{"damage":16.0,"enemies":"The Guardian","floor":16.0,"turns":14.0},{"damage":30.0,"enemies":"2 Thieves","floor":18.0,"turns":5.0},{"damage":0.0,"enemies":"Spheric Guardian","floor":22.0,"turns":2.0},{"damage":7.0,"enemies":"Colosseum Slavers","floor":28.0,"turns":7.0},{"damage":12.0,"enemies":"Snake Plant","floor":29.0,"turns":6.0},{"damage":12.0,"enemies":"Centurion and Healer","floor":31.0,"turns":7.0},{"damage":23.0,"enemies":"Champ","floor":33.0,"turns":16.0},{"damage":3.0,"enemies":"3 Shapes","floor":35.0,"turns":4.0},{"damage":34,"enemies":"Nemesis","floor":41,"turns":9},{"damage":15,"enemies":"Orb Walker","floor":46,"turns":5},{"damage":0,"enemies":"Spire Growth","floor":47,"turns":6},{"damage":52,"enemies":"Donu and Deca","floor":50,"turns":8}],"seed_played":"3171500624274913570","potions_obtained":[{"floor":11.0,"key":"FearPotion"},{"floor":12.0,"key":"FearPotion"},{"floor":18.0,"key":"SkillPotion"},{"floor":29.0,"key":"Energy Potion"},{"floor":33.0,"key":"Explosive Potion"},{"floor":46,"key":"SteroidPotion"},{"floor":47,"key":"Strength Potion"}],"is_trial":false,"path_per_floor":["M","?","?","?","T","E","R","?","T","E","M","M","E","M","R","B",null,"M","?","$","?","M","R","?","R","T","$","?","M","R","M","R","B",null,"M","?","$","?","$","R","E","R","T","R","?","M","M","$","R","B",null],"character_chosen":"DEFECT","items_purchased":["Regal Pillow","Glacier","Amplify"],"campfire_rested":5,"item_purchase_floors":[20,27,37],"current_hp_per_floor":[64,47,47,33,33,33,33,43,43,43,43,43,43,39,39,23,67,37,37,37,37,37,37,37,37,37,37,30,18,57,45,81,58,75,72,62,62,62,62,81,47,81,81,81,77,62,62,62,77,25],"gold":72,"neow_bonus":"THREE_ENEMY_KILL","is_prod":false,"is_daily":false,"chose_seed":false,"campfire_upgraded":4,"win_rate":0,"timestamp":1563477417,"path_taken":["M","?","?","?","?","E","R","?","T","E","?","?","E","M","R","BOSS","M","?","$","?","?","R","?","R","T","?","?","M","R","M","R","BOSS","M","?","$","?","$","R","E","R","T","R","?","M","?","?","R","BOSS"],"build_version":"2019-07-17","purchased_purges":1,"victory":true,"max_hp_per_floor":[71,71,71,71,71,71,71,81,81,81,81,81,81,81,81,81,81,81,81,81,81,81,81,81,81,81,81,81,81,81,81,81,81,81,81,81,81,81,81,81,81,81,81,81,77,77,77,77,77,77],"card_choices":[{"not_picked":["Leap","Steam"],"picked":"Cold Snap","floor":1.0},{"not_picked":["White Noise","Go for the Eyes"],"picked":"Consume","floor":6.0},{"not_picked":["Heatsinks","Recycle"],"picked":"Coolheaded","floor":10.0},{"not_picked":["Gash","Cold Snap"],"picked":"Melter","floor":11.0},{"not_picked":["Rebound","Turbo","Consume"],"picked":"SKIP","floor":12.0},{"not_picked":["Redo","Cold Snap","Auto Shields"],"picked":"SKIP","floor":13.0},{"not_picked":["Gash","Scrape"],"picked":"Machine Learning","floor":14.0},{"not_picked":["All For One","Core Surge"],"picked":"Echo Form","floor":16.0},{"not_picked":["Redo","Rebound"],"picked":"Leap+1","floor":18.0},{"not_picked":["Auto Shields","Sweeping Beam","Go for the Eyes"],"picked":"SKIP","floor":22.0},{"not_picked":["Streamline+1","Compile Driver","Redo+1"],"picked":"SKIP","floor":29.0},{"not_picked":["Aggregate","Static Discharge","FTL"],"picked":"SKIP","floor":31.0},{"not_picked":["All For One","Buffer"],"picked":"Electrodynamics","floor":33.0},{"not_picked":["Rebound","Beam Cell"],"picked":"Blizzard","floor":35.0},{"not_picked":["Mayhem","Violence"],"picked":"Apotheosis","floor":36.0},{"not_picked":["Mind Blast","Deep Breath"],"picked":"Panacea","floor":36.0},{"not_picked":["Streamline","Self Repair","Sweeping Beam"],"picked":"SKIP","floor":41},{"not_picked":["Steam","Rebound+1"],"picked":"Glacier+1","floor":46},{"not_picked":["Cold Snap","Conserve Battery","Gash"],"picked":"SKIP","floor":47}],"player_experience":882968,"relics_obtained":[{"floor":5.0,"key":"Calipers"},{"floor":6.0,"key":"Kunai"},{"floor":9.0,"key":"Gremlin Horn"},{"floor":10.0,"key":"Oddly Smooth Stone"},{"floor":13.0,"key":"PreservedInsect"},{"floor":41,"key":"Vajra"}],"event_choices":[{"damage_healed":0.0,"max_hp_gain":0.0,"max_hp_loss":0.0,"gold_gain":0.0,"event_name":"Golden Idol","player_choice":"Take Damage","floor":2.0,"gold_loss":0.0,"damage_taken":17.0,"relics_obtained":["Golden Idol"]},{"cards_removed":["Strike_B"],"damage_healed":0.0,"max_hp_gain":0.0,"max_hp_loss":0.0,"gold_gain":0.0,"event_name":"Living Wall","player_choice":"Forget","floor":3.0,"gold_loss":0.0,"damage_taken":0.0},{"damage_healed":0.0,"max_hp_gain":0.0,"max_hp_loss":0.0,"gold_gain":0.0,"event_name":"Shining Light","player_choice":"Entered Light","floor":4.0,"gold_loss":0.0,"damage_taken":14.0,"cards_upgraded":["Zap","Strike_B"]},{"damage_healed":0.0,"max_hp_gain":0.0,"max_hp_loss":0.0,"gold_gain":0.0,"event_name":"WeMeetAgain","player_choice":"Paid Gold","floor":8.0,"gold_loss":136.0,"damage_taken":0.0,"relics_obtained":["Pear"]},{"damage_healed":0.0,"max_hp_gain":0.0,"max_hp_loss":0.0,"gold_gain":0.0,"event_name":"Ghosts","player_choice":"Ignored","floor":19.0,"gold_loss":0.0,"damage_taken":0.0},{"damage_healed":0.0,"max_hp_gain":0.0,"max_hp_loss":0.0,"gold_gain":0.0,"event_name":"Duplicator","player_choice":"Copied","floor":21.0,"gold_loss":0.0,"damage_taken":0.0,"cards_obtained":["Machine Learning"]},{"damage_healed":0.0,"max_hp_gain":0.0,"max_hp_loss":0.0,"gold_gain":0.0,"event_name":"The Mausoleum","player_choice":"Ignored","floor":24.0,"gold_loss":0.0,"damage_taken":0.0},{"damage_healed":0.0,"max_hp_gain":0.0,"max_hp_loss":0.0,"gold_gain":0.0,"event_name":"Colosseum","player_choice":"Fight","floor":28.0,"gold_loss":0.0,"damage_taken":0.0},{"damage_healed":0.0,"max_hp_gain":0.0,"max_hp_loss":0.0,"gold_gain":0.0,"event_name":"Colosseum","player_choice":"Fled From Nobs","floor":28.0,"gold_loss":0.0,"damage_taken":0.0},{"damage_healed":0.0,"max_hp_gain":0.0,"max_hp_loss":0.0,"gold_gain":0.0,"event_name":"SensoryStone","player_choice":"Memory 3","floor":36.0,"gold_loss":0.0,"damage_taken":10.0},{"damage_healed":0.0,"max_hp_gain":0.0,"max_hp_loss":0.0,"gold_gain":0.0,"event_name":"Tomb of Lord Red Mask","player_choice":"Paid","floor":38.0,"gold_loss":80.0,"damage_taken":0.0,"relics_obtained":["Red Mask"]},{"damage_healed":0,"gold_gain":0,"player_choice":"Max HP","damage_taken":0,"max_hp_gain":0,"max_hp_loss":4,"event_name":"Winding Halls","floor":45,"gold_loss":0}],"is_beta":false,"boss_relics":[{"not_picked":["Inserter","FrozenCore"],"picked":"Cursed Key"},{"not_picked":["Black Star","Sozu"],"picked":"Fusion Hammer"}],"items_purged_floors":[20],"is_endless":false,"potions_floor_spawned":[11,12,18,29,33,46,47],"ascension_level":14}