{"gold_per_floor":[121,133,70,13,13,13,38,38,38,38,38,51,51,69,69,69],"floor_reached":16,"playtime":409,"items_purged":["Regret"],"score":144,"play_id":"5e2b1b93-4155-407a-9fac-2a8322894ca3","local_time":"20181002204319","is_ascension_mode":true,"campfire_choices":[{"data":"Bash","floor":6,"key":"SMITH"},{"floor":10,"key":"REST"},{"floor":15,"key":"REST"}],"neow_cost":"NONE","seed_source_timestamp":1829138453247587,"circlet_count":0,"master_deck":["Strike_R","Strike_R","Strike_R","Strike_R","Strike_R","Defend_R","Defend_R","Defend_R","Defend_R","Bash+1","AscendersBane","Iron Wave","Clothesline","Body Slam","Inflame"],"relics":["Burning Blood","MawBank","Blue Candle","Bird Faced Urn","NlothsMask","Smiling Mask"],"potions_floor_usage":[],"damage_taken":[{"damage":17,"enemies":"Small Slimes","floor":1,"turns":4},{"damage":58,"enemies":"Lagavulin","floor":7,"turns":8},{"damage":10,"enemies":"2 Louse","floor":12,"turns":2},{"damage":15,"enemies":"Jaw Worm","floor":14,"turns":4},{"damage":59,"enemies":"Slime Boss","floor":16,"turns":7}],"seed_played":"8300893156508697572","potions_obtained":[{"floor":7,"key":"Energy Potion"}],"is_trial":false,"path_per_floor":["M","?","$","?","?","R","E","$","T","R","$","M","?","M","R"],"character_chosen":"IRONCLAD","items_purchased":[],"campfire_rested":2,"item_purchase_floors":[],"current_hp_per_floor":[61,61,61,61,61,61,9,9,9,33,33,29,29,20,44,0],"gold":69,"neow_bonus":"RANDOM_COMMON_RELIC","is_prod":false,"is_daily":false,"chose_seed":false,"campfire_upgraded":1,"win_rate":0,"timestamp":1538527399,"path_taken":["M","?","$","?","?","R","E","?","T","R","$","?","?","M","R","BOSS"],"build_version":"2018-09-27","purchased_purges":1,"victory":false,"max_hp_per_floor":[80,80,80,80,80,80,80,80,80,80,80,80,80,80,80,80],"card_choices":[{"not_picked":["Cleave","Wild Strike"],"picked":"Iron Wave","floor":1},{"not_picked":["Sentinel","Berserk"],"picked":"Clothesline","floor":7},{"not_picked":["Flex","Warcry"],"picked":"Body Slam","floor":12},{"not_picked":["Iron Wave","Uppercut"],"picked":"Inflame","floor":14}],"player_experience":432325,"relics_obtained":[{"floor":7,"key":"Smiling Mask"}],"event_choices":[{"event_name":"Big Fish","player_choice":"Box","floor":2,"damage_taken":0},{"event_name":"WeMeetAgain","player_choice":"Gold","floor":4,"damage_taken":0},{"event_name":"FaceTrader","player_choice":"Trade","floor":5,"damage_taken":0},{"event_name":"Golden Idol","player_choice":"Ignored","floor":13,"damage_taken":0}],"is_beta":false,"boss_relics":[],"items_purged_floors":[3],"is_endless":false,"potions_floor_spawned":[7],"killed_by":"Slime Boss","ascension_level":10}