{"gold_per_floor":[15,28,46,46,60,60,72,72,98,129,129,144,154,219,219,317,317,331,256,273,188,204,204,224,224,224,237,237],"floor_reached":28,"playtime":1664,"items_purged":["Burning Pact"],"score":224,"play_id":"c0950345-e95a-466d-9586-858b42b14c81","local_time":"20190104230410","is_ascension_mode":false,"campfire_choices":[{"data":"Body Slam","floor":6.0,"key":"SMITH"},{"data":"Rampage","floor":8.0,"key":"SMITH"},{"data":"Bash","floor":11.0,"key":"SMITH"},{"data":"Entrench","floor":15.0,"key":"SMITH"},{"data":"Limit Break","floor":23,"key":"SMITH"}],"neow_cost":"NO_GOLD","seed_source_timestamp":168142359100134,"circlet_count":0,"master_deck":["Bash+1","Body Slam+1","Rampage+1","Shrug It Off","Entrench+1","Fire Breathing","Rampage","Wild Strike","Limit Break+1"],"special_seed":0,"relics":["Burning Blood","Regal Pillow","Ancient Tea Set","Juzu Bracelet","Pandora\u0027s Box","Sundial","Omamori"],"potions_floor_usage":[20,22,22],"damage_taken":[{"damage":2.0,"enemies":"Small Slimes","floor":1.0,"turns":4.0},{"damage":5.0,"enemies":"Jaw Worm","floor":2.0,"turns":4.0},{"damage":4.0,"enemies":"2 Louse","floor":3.0,"turns":3.0},{"damage":6.0,"enemies":"2 Fungi Beasts","floor":5.0,"turns":5.0},{"damage":10.0,"enemies":"Exordium Thugs","floor":7.0,"turns":4.0},{"damage":26.0,"enemies":"Lagavulin","floor":10.0,"turns":6.0},{"damage":2.0,"enemies":"Large Slime","floor":12.0,"turns":5.0},{"damage":2.0,"enemies":"Looter","floor":13.0,"turns":2.0},{"damage":13.0,"enemies":"3 Sentries","floor":14.0,"turns":8.0},{"damage":51,"enemies":"Slime Boss","floor":16,"turns":12},{"damage":12,"enemies":"Chosen","floor":18,"turns":4},{"damage":21,"enemies":"2 Thieves","floor":20,"turns":4},{"damage":47,"enemies":"Shelled Parasite and Fungi","floor":22,"turns":5},{"damage":26,"enemies":"Snake Plant","floor":24,"turns":4},{"damage":14,"enemies":"Snecko","floor":27,"turns":4},{"damage":32,"enemies":"Slavers","floor":28,"turns":1}],"seed_played":"3148223552593954924","potions_obtained":[{"floor":2.0,"key":"LiquidBronze"},{"floor":3.0,"key":"AttackPotion"},{"floor":12.0,"key":"Energy Potion"},{"floor":13.0,"key":"Fire Potion"},{"floor":16,"key":"Regen Potion"},{"floor":18,"key":"AttackPotion"},{"floor":20,"key":"Regen Potion"}],"is_trial":false,"path_per_floor":["M","M","M","?","M","R","M","R","T","E","R","M","M","?","R","B",null,"M","$","M","?","M","R","M","?","T","M","E"],"character_chosen":"IRONCLAD","items_purchased":[],"campfire_rested":0,"item_purchase_floors":[],"current_hp_per_floor":[80,80,80,80,80,80,76,76,76,56,56,60,64,57,57,12,80,74,74,59,59,52,52,32,32,32,24,0],"gold":237,"neow_bonus":"REMOVE_TWO","is_prod":false,"is_daily":false,"chose_seed":false,"campfire_upgraded":5,"win_rate":0,"timestamp":1546661050,"path_taken":["M","M","M","?","M","R","M","R","T","E","R","M","M","?","R","BOSS","M","$","M","?","M","R","M","?","T","M","E"],"build_version":"2019-01-03v4","purchased_purges":1,"victory":false,"max_hp_per_floor":[80,80,80,80,80,80,80,80,80,80,80,80,80,80,80,80,80,80,80,80,80,80,80,80,80,80,80,80],"card_choices":[{"not_picked":["Warcry","Metallicize"],"picked":"Body Slam","floor":1.0},{"not_picked":["Havoc","Intimidate","Clash"],"picked":"SKIP","floor":2.0},{"not_picked":["Dual Wield","Iron Wave","Thunderclap"],"picked":"SKIP","floor":3.0},{"not_picked":["Second Wind","Iron Wave"],"picked":"Rampage","floor":5.0},{"not_picked":["Disarm","Pummel","True Grit"],"picked":"SKIP","floor":7.0},{"not_picked":["Sever Soul","Dual Wield","Whirlwind"],"picked":"SKIP","floor":10.0},{"not_picked":["Cleave","Anger"],"picked":"Shrug It Off","floor":12.0},{"not_picked":["Thunderclap","Entrench","Warcry"],"picked":"SKIP","floor":13.0},{"not_picked":["Thunderclap","Warcry"],"picked":"Entrench","floor":13.0},{"not_picked":["Havoc+1","Thunderclap","Rage+1"],"picked":"SKIP","floor":18},{"not_picked":["Pommel Strike","Bloodletting","Cleave"],"picked":"SKIP","floor":20},{"not_picked":["Iron Wave+1","Pommel Strike","Second Wind+1"],"picked":"SKIP","floor":22},{"not_picked":["Thunderclap","Anger","Flex+1"],"picked":"SKIP","floor":24},{"not_picked":["Iron Wave","Flex","Sword Boomerang+1"],"picked":"SKIP","floor":27}],"player_experience":667502,"relics_obtained":[{"floor":9.0,"key":"Regal Pillow"},{"floor":10.0,"key":"Ancient Tea Set"},{"floor":26,"key":"Omamori"}],"event_choices":[{"cards_removed":["Strike_R"],"damage_healed":0.0,"max_hp_gain":0.0,"max_hp_loss":0.0,"gold_gain":0.0,"event_name":"Living Wall","player_choice":"Forget","floor":4.0,"gold_loss":0.0,"damage_taken":0.0},{"damage_healed":0.0,"max_hp_gain":0.0,"max_hp_loss":0.0,"gold_gain":0.0,"event_name":"Dead Adventurer","player_choice":"Searched \u00273\u0027 times","floor":14.0,"gold_loss":0.0,"damage_taken":0.0,"relics_obtained":["Juzu Bracelet"]},{"damage_healed":0,"gold_gain":0,"player_choice":"Obtained Relic","damage_taken":0,"relics_obtained":["Sundial"],"max_hp_gain":0,"max_hp_loss":0,"event_name":"Addict","floor":21,"gold_loss":85},{"cards_removed":["Demon Form"],"damage_healed":0,"gold_gain":0,"player_choice":"Elegance","damage_taken":0,"max_hp_gain":0,"max_hp_loss":0,"event_name":"Back to Basics","floor":25,"gold_loss":0}],"is_beta":false,"boss_relics":[{"not_picked":["Orrery","Ectoplasm"],"picked":"Pandora\u0027s Box"}],"items_purged_floors":[19],"is_endless":false,"potions_floor_spawned":[2,3,12,13,16,18,20],"killed_by":"Slavers","ascension_level":0}