{"gold_per_floor":[115,128,14,28,28,28,46,63,63,10,37,56,56,81,81,184,184,203,203,217,234,250,250,279,279,279,605,86,86,121,132,132,229,229,241,251,265,275,7,7,34,34,34,65,81,98,115,131,131,131],"floor_reached":51,"playtime":3566,"items_purged":["Strike_R","Injury","Strike_R"],"score":1316,"play_id":"5b4dda94-1077-45f2-bb15-9230714d6ab4","local_time":"20190801231330","is_ascension_mode":true,"campfire_choices":[{"data":"Pommel Strike","floor":6,"key":"SMITH"},{"data":"Demon Form","floor":15,"key":"SMITH"},{"data":"True Grit","floor":23,"key":"SMITH"},{"data":"Offering","floor":25,"key":"SMITH"},{"data":"Shockwave","floor":29,"key":"SMITH"},{"floor":32,"key":"REST"},{"floor":40,"key":"REST"},{"data":"Strike_R+1","floor":42,"key":"PURGE"},{"floor":49,"key":"REST"}],"neow_cost":"TEN_PERCENT_HP_LOSS","seed_source_timestamp":745441197822857,"circlet_count":0,"master_deck":["AscendersBane","Defend_R","Defend_R+1","Defend_R","Bash","Offering+1","Headbutt","Pommel Strike+1","Inflame+1","Spot Weakness+1","Twin Strike","Iron Wave","Thunderclap+1","Twin Strike","Shockwave+1","Demon Form+1","Double Tap+1","Warcry+1","Anger","Cleave","True Grit+1","Iron Wave","Evolve+1","True Grit","Feed","Rupture+1","Spot Weakness+1","Rage+1","Shrug It Off+1","Whirlwind+1","Thunderclap+1","Heavy Blade+1","Power Through+1","Infernal Blade+1"],"relics":["Burning Blood","Paper Frog","War Paint","Incense Burner","Cursed Key","Strawberry","Oddly Smooth Stone","Old Coin","Omamori","Red Skull","Du-Vu Doll","Astrolabe","Whetstone","Peace Pipe","Letter Opener","Bronze Scales"],"potions_floor_usage":[7,11,22,27,30,33,36,37,37,38,47,47,50],"damage_taken":[{"damage":8,"enemies":"2 Louse","floor":1,"turns":3},{"damage":6,"enemies":"Cultist","floor":2,"turns":3},{"damage":10,"enemies":"Small Slimes","floor":4,"turns":5},{"damage":0,"enemies":"3 Louse","floor":7,"turns":3},{"damage":26,"enemies":"Gremlin Gang","floor":8,"turns":4},{"damage":18,"enemies":"Gremlin Nob","floor":11,"turns":3},{"damage":10,"enemies":"Lots of Slimes","floor":12,"turns":3},{"damage":21,"enemies":"Lagavulin","floor":14,"turns":4},{"damage":6,"enemies":"Slime Boss","floor":16,"turns":6},{"damage":11,"enemies":"Spheric Guardian","floor":18,"turns":3},{"damage":0,"enemies":"3 Byrds","floor":20,"turns":5},{"damage":20,"enemies":"3 Cultists","floor":21,"turns":4},{"damage":22,"enemies":"Centurion and Healer","floor":22,"turns":4},{"damage":7,"enemies":"Slavers","floor":24,"turns":3},{"damage":19,"enemies":"Book of Stabbing","floor":27,"turns":4},{"damage":0,"enemies":"Gremlin Leader","floor":30,"turns":4},{"damage":12,"enemies":"Chosen and Byrds","floor":31,"turns":2},{"damage":26,"enemies":"Champ","floor":33,"turns":6},{"damage":14,"enemies":"3 Shapes","floor":35,"turns":4},{"damage":0,"enemies":"Orb Walker","floor":36,"turns":3},{"damage":30,"enemies":"Maw","floor":37,"turns":6},{"damage":23,"enemies":"Sphere and 2 Shapes","floor":38,"turns":4},{"damage":3,"enemies":"Giant Head","floor":41,"turns":5},{"damage":12,"enemies":"Reptomancer","floor":44,"turns":4},{"damage":10,"enemies":"Writhing Mass","floor":45,"turns":3},{"damage":25,"enemies":"Transient","floor":46,"turns":5},{"damage":0,"enemies":"Spire Growth","floor":47,"turns":2},{"damage":4,"enemies":"3 Darklings","floor":48,"turns":5},{"damage":62,"enemies":"Awakened One","floor":50,"turns":7}],"seed_played":"76817292033645243","potions_obtained":[{"floor":4,"key":"Fruit Juice"},{"floor":8,"key":"Weak Potion"},{"floor":12,"key":"EssenceOfSteel"},{"floor":22,"key":"SpeedPotion"},{"floor":31,"key":"Strength Potion"},{"floor":33,"key":"SkillPotion"},{"floor":36,"key":"Poison Potion"},{"floor":37,"key":"AttackPotion"},{"floor":41,"key":"Ancient Potion"},{"floor":46,"key":"FearPotion"},{"floor":47,"key":"SpeedPotion"}],"is_trial":false,"path_per_floor":["M","M","$","M","?","R","M","M","T","$","E","M","?","E","R","B",null,"M","?","M","M","M","R","E","R","T","E","$","R","E","M","R","B",null,"M","M","M","M","$","R","E","R","T","E","M","M","M","M","R","B",null],"character_chosen":"IRONCLAD","items_purchased":["Inflame","Thunderclap","Omamori","Red Skull","Regen Potion","FearPotion","Whetstone"],"campfire_rested":3,"item_purchase_floors":[3,10,28,28,28,28,39],"current_hp_per_floor":[70,70,70,66,66,66,77,57,57,57,45,41,66,51,51,51,71,66,66,72,58,42,42,48,48,48,35,35,35,53,47,72,52,76,68,74,50,33,33,58,61,61,61,55,51,32,38,40,65,12],"gold":131,"neow_bonus":"THREE_RARE_CARDS","is_prod":false,"is_daily":false,"chose_seed":false,"campfire_upgraded":5,"win_rate":0,"timestamp":1564726410,"path_taken":["M","M","$","M","?","R","M","M","T","?","E","?","?","E","R","BOSS","M","?","M","M","M","R","E","R","T","E","$","R","E","M","R","BOSS","M","M","M","M","$","R","E","R","T","E","M","M","M","?","R","BOSS"],"build_version":"2019-07-17","purchased_purges":3,"victory":true,"max_hp_per_floor":[72,72,72,72,72,72,77,77,77,77,77,77,77,77,77,77,77,77,77,77,77,77,77,84,84,84,84,84,84,84,84,84,84,84,84,84,84,84,84,84,84,84,84,84,84,84,84,84,84,87],"card_choices":[{"not_picked":["Reaper","Exhume"],"picked":"Offering","floor":0},{"not_picked":["Clothesline","Havoc"],"picked":"Headbutt","floor":1},{"not_picked":["Reckless Charge","Flex"],"picked":"Pommel Strike","floor":2},{"not_picked":["Flex","Burning Pact"],"picked":"Spot Weakness","floor":4},{"not_picked":["Perfected Strike","Blood for Blood"],"picked":"Twin Strike","floor":7},{"not_picked":["Clothesline","Flex"],"picked":"Iron Wave","floor":8},{"not_picked":["Battle Trance","Pommel Strike"],"picked":"Twin Strike","floor":11},{"not_picked":["Thunderclap","Blood for Blood"],"picked":"Shockwave","floor":12},{"not_picked":["Wild Strike","Iron Wave"],"picked":"Demon Form","floor":14},{"not_picked":["Demon Form","Barricade"],"picked":"Double Tap","floor":16},{"not_picked":["Pommel Strike","Iron Wave+1"],"picked":"Warcry+1","floor":18},{"not_picked":["Pommel Strike+1","Warcry"],"picked":"Anger","floor":20},{"not_picked":["Iron Wave","Armaments+1"],"picked":"Cleave","floor":21},{"not_picked":["Body Slam","Reckless Charge"],"picked":"True Grit","floor":22},{"not_picked":["Second Wind","Wild Strike+1"],"picked":"Iron Wave","floor":24},{"not_picked":["Clothesline","Headbutt"],"picked":"Evolve+1","floor":27},{"not_picked":["Sever Soul","Searing Blow","Perfected Strike"],"picked":"SKIP","floor":30},{"not_picked":["Warcry","Rupture+1"],"picked":"True Grit","floor":31},{"not_picked":["Brutality","Dark Embrace"],"picked":"Feed","floor":33},{"not_picked":["Dual Wield+1","Havoc"],"picked":"Shrug It Off+1","floor":35},{"not_picked":["Entrench","Clash+1"],"picked":"Whirlwind+1","floor":36},{"not_picked":["Reckless Charge","Cleave"],"picked":"Thunderclap+1","floor":37},{"not_picked":["Headbutt+1","Warcry","Twin Strike+1"],"picked":"SKIP","floor":38},{"not_picked":["Headbutt","Feel No Pain","Sword Boomerang"],"picked":"SKIP","floor":41},{"not_picked":["Corruption","Spot Weakness"],"picked":"Heavy Blade+1","floor":44},{"not_picked":["Warcry","Pommel Strike+1"],"picked":"Power Through+1","floor":45},{"not_picked":["Reckless Charge","Body Slam"],"picked":"Infernal Blade+1","floor":46},{"not_picked":["Clothesline","Shrug It Off","Fire Breathing+1"],"picked":"SKIP","floor":47},{"not_picked":["Headbutt+1","Berserk","Perfected Strike+1"],"picked":"SKIP","floor":48}],"player_experience":435068,"relics_obtained":[{"floor":9,"key":"Paper Frog"},{"floor":11,"key":"War Paint"},{"floor":14,"key":"Incense Burner"},{"floor":24,"key":"Strawberry"},{"floor":26,"key":"Oddly Smooth Stone"},{"floor":27,"key":"Old Coin"},{"floor":30,"key":"Du-Vu Doll"},{"floor":41,"key":"Peace Pipe"},{"floor":43,"key":"Letter Opener"},{"floor":44,"key":"Bronze Scales"}],"event_choices":[{"damage_healed":0,"gold_gain":0,"player_choice":"Upgraded","damage_taken":0,"max_hp_gain":0,"max_hp_loss":0,"event_name":"Upgrade Shrine","floor":5,"gold_loss":0,"cards_upgraded":["Inflame"]},{"damage_healed":25,"gold_gain":0,"player_choice":"Banana","damage_taken":0,"max_hp_gain":0,"max_hp_loss":0,"event_name":"Big Fish","floor":13,"gold_loss":0},{"damage_healed":0,"gold_gain":0,"player_choice":"Upgraded","damage_taken":0,"max_hp_gain":0,"max_hp_loss":0,"event_name":"Upgrade Shrine","floor":19,"gold_loss":0,"cards_upgraded":["Double Tap"]}],"is_beta":false,"boss_relics":[{"not_picked":["Mark of Pain","Tiny House"],"picked":"Cursed Key"},{"not_picked":["Snecko Eye","Pandora\u0027s Box"],"picked":"Astrolabe"}],"items_purged_floors":[3,28,39],"is_endless":false,"potions_floor_spawned":[4,8,12,22,31,33,36,37,41,46,47],"ascension_level":11}