{"gold_per_floor":[116,116,130,140,153,187,187,215,215,228,239,14,25,57,57,152,152,169,69,69,69,87,87,117,117,117,130,55,5,0,15,15,111,111,130,141,42,142,142,142,157,176,176,205,205,217,217,228,228,228],"floor_reached":51,"playtime":3199,"items_purged":["Strike_B","Pain","Strike_B","Strike_B"],"score":861,"play_id":"06701390-9122-48af-b921-3c14ae4e968b","local_time":"20190707183811","is_ascension_mode":true,"campfire_choices":[{"data":"Double Energy","floor":7,"key":"SMITH"},{"floor":15,"key":"REST"},{"floor":23,"key":"REST"},{"data":"Echo Form","floor":25,"key":"SMITH"},{"floor":32,"key":"REST"},{"floor":40,"key":"REST"},{"floor":47,"key":"REST"},{"floor":49,"key":"REST"}],"neow_cost":"NONE","seed_source_timestamp":177327003822995,"circlet_count":0,"master_deck":["Strike_B","Defend_B","Defend_B","Defend_B","Defend_B","Zap","Hyperbeam+1","Skim","Skim","Double Energy+1","Gash","Turbo","Meteor Strike","Turbo","Conserve Battery","Stack","Go for the Eyes","Echo Form+1","Doubt","Parasite","Force Field","Rebound+1","Steam","Gash","Fission","Machine Learning+1","Gash+1","Streamline","Hyperbeam+1","Conserve Battery+1","White Noise","Heatsinks+1","Beam Cell+1","Seek"],"relics":["Cracked Core","Anchor","Happy Flower","Shuriken","Art of War","Du-Vu Doll","Calling Bell","Oddly Smooth Stone","Frozen Egg 2","FossilizedHelix","Pen Nib","Smiling Mask","Letter Opener","Fusion Hammer","Bird Faced Urn","Question Card","Bag of Preparation"],"potions_floor_usage":[6,8,16,24,33,33,36,38,50,50],"damage_taken":[{"damage":0,"enemies":"Cultist","floor":1,"turns":2},{"damage":7,"enemies":"Jaw Worm","floor":3,"turns":3},{"damage":0,"enemies":"Small Slimes","floor":4,"turns":1},{"damage":0,"enemies":"3 Louse","floor":5,"turns":1},{"damage":10,"enemies":"Lagavulin","floor":6,"turns":5},{"damage":26,"enemies":"Gremlin Nob","floor":8,"turns":3},{"damage":1,"enemies":"Looter","floor":10,"turns":2},{"damage":6,"enemies":"Exordium Thugs","floor":11,"turns":3},{"damage":0,"enemies":"3 Louse","floor":13,"turns":2},{"damage":20,"enemies":"Lagavulin","floor":14,"turns":3},{"damage":29,"enemies":"Hexaghost","floor":16,"turns":10},{"damage":18,"enemies":"Spheric Guardian","floor":18,"turns":4},{"damage":0,"enemies":"2 Thieves","floor":22,"turns":2},{"damage":25,"enemies":"Slavers","floor":24,"turns":6},{"damage":17,"enemies":"Cultist and Chosen","floor":27,"turns":7},{"damage":8,"enemies":"Snake Plant","floor":31,"turns":3},{"damage":39,"enemies":"Collector","floor":33,"turns":8},{"damage":0,"enemies":"3 Shapes","floor":35,"turns":4},{"damage":1,"enemies":"3 Darklings","floor":36,"turns":4},{"damage":24,"enemies":"Mind Bloom Boss Battle","floor":38,"turns":4},{"damage":0,"enemies":"Spire Growth","floor":41,"turns":4},{"damage":0,"enemies":"Maw","floor":42,"turns":6},{"damage":48,"enemies":"Giant Head","floor":44,"turns":9},{"damage":0,"enemies":"4 Shapes","floor":46,"turns":1},{"damage":0,"enemies":"Jaw Worm Horde","floor":48,"turns":2},{"damage":63,"enemies":"Donu and Deca","floor":50,"turns":6}],"seed_played":"2132172558057667640","potions_obtained":[{"floor":5,"key":"PowerPotion"},{"floor":6,"key":"Fruit Juice"},{"floor":8,"key":"SkillPotion"},{"floor":11,"key":"Fire Potion"},{"floor":27,"key":"FearPotion"},{"floor":31,"key":"Swift Potion"},{"floor":33,"key":"EssenceOfSteel"},{"floor":36,"key":"Energy Potion"},{"floor":42,"key":"FocusPotion"},{"floor":48,"key":"FearPotion"}],"is_trial":false,"path_per_floor":["M","?","M","M","M","E","R","E","T","M","M","$","M","E","R","B",null,"M","$","?","?","M","R","E","R","T","M","?","$","?","M","R","B",null,"M","M","$","?","?","R","M","M","T","E","?","M","R","M","R","B",null],"character_chosen":"DEFECT","items_purchased":["Art of War","Streamline"],"campfire_rested":6,"item_purchase_floors":[12,37],"current_hp_per_floor":[75,75,68,68,68,58,58,37,37,36,30,30,30,10,34,5,61,43,43,43,43,43,67,42,42,42,25,25,25,25,17,41,2,61,61,60,60,36,36,60,64,68,68,26,26,28,50,52,74,17],"gold":228,"neow_bonus":"ONE_RANDOM_RARE_CARD","is_prod":false,"is_daily":false,"chose_seed":false,"campfire_upgraded":2,"win_rate":0,"timestamp":1562549891,"path_taken":["M","?","?","M","M","E","R","E","T","M","M","$","M","E","R","BOSS","M","$","?","?","M","R","E","R","T","M","?","$","?","M","R","BOSS","M","M","$","?","?","R","M","?","T","E","?","M","R","M","R","BOSS"],"build_version":"2019-07-05","purchased_purges":4,"victory":true,"max_hp_per_floor":[75,75,75,75,75,75,75,80,80,80,80,80,80,80,80,80,80,80,80,80,80,80,80,80,80,80,80,80,80,80,80,80,80,80,80,80,80,80,80,80,80,80,80,80,76,76,76,76,76,76],"card_choices":[{"not_picked":["Compile Driver","Steam"],"picked":"Skim","floor":1},{"not_picked":["Steam","Compile Driver"],"picked":"Skim","floor":3},{"not_picked":["Streamline","Leap"],"picked":"Double Energy","floor":4},{"not_picked":["Coolheaded","Turbo"],"picked":"Gash","floor":5},{"not_picked":["Double Energy","Defragment"],"picked":"Turbo","floor":6},{"not_picked":["Streamline","Steam Power"],"picked":"Meteor Strike","floor":8},{"not_picked":["Compile Driver","Rebound"],"picked":"Turbo","floor":10},{"not_picked":["Redo","Steam"],"picked":"Conserve Battery","floor":11},{"not_picked":["Tempest","Ball Lightning"],"picked":"Stack","floor":13},{"not_picked":["Coolheaded","Rainbow"],"picked":"Go for the Eyes","floor":14},{"not_picked":["Biased Cognition","Rainbow"],"picked":"Echo Form","floor":16},{"not_picked":["Multi-Cast","Cold Snap"],"picked":"Force Field","floor":18},{"not_picked":["Chaos","Ball Lightning"],"picked":"Rebound+1","floor":22},{"not_picked":["Glacier","Go for the Eyes+1"],"picked":"Steam","floor":24},{"not_picked":["Sweeping Beam+1","Barrage"],"picked":"Gash","floor":27},{"not_picked":["Lockon+1","Steam"],"picked":"Fission","floor":31},{"not_picked":["Electrodynamics+1","Fission"],"picked":"Machine Learning+1","floor":33},{"not_picked":["Barrage","Consume+1","Fusion"],"picked":"SKIP","floor":35},{"not_picked":["Turbo+1","Ball Lightning+1"],"picked":"Gash+1","floor":36},{"not_picked":["Beam Cell+1","Hello World+1"],"picked":"Conserve Battery+1","floor":41},{"not_picked":["Gash+1","Blizzard"],"picked":"White Noise","floor":42},{"not_picked":["Coolheaded+1","Hologram","Self Repair+1"],"picked":"Heatsinks+1","floor":44},{"not_picked":["Coolheaded+1","Darkness+1","Skim"],"picked":"Beam Cell+1","floor":46},{"not_picked":["Defragment+1","Cold Snap","Sweeping Beam+1"],"picked":"Seek","floor":48}],"player_experience":229994,"relics_obtained":[{"floor":6,"key":"Anchor"},{"floor":8,"key":"Happy Flower"},{"floor":9,"key":"Shuriken"},{"floor":14,"key":"Du-Vu Doll"},{"floor":17,"key":"Oddly Smooth Stone"},{"floor":17,"key":"Frozen Egg 2"},{"floor":17,"key":"FossilizedHelix"},{"floor":24,"key":"Smiling Mask"},{"floor":26,"key":"Letter Opener"},{"floor":38,"key":"Bird Faced Urn"},{"floor":43,"key":"Question Card"},{"floor":44,"key":"Bag of Preparation"}],"event_choices":[{"damage_healed":0,"gold_gain":0,"player_choice":"Upgraded","damage_taken":0,"max_hp_gain":0,"max_hp_loss":0,"event_name":"Upgrade Shrine","floor":2,"gold_loss":0,"cards_upgraded":["Hyperbeam"]},{"damage_healed":0,"gold_gain":0,"player_choice":"Opened","damage_taken":0,"relics_obtained":["Pen Nib"],"max_hp_gain":0,"max_hp_loss":0,"event_name":"The Mausoleum","floor":20,"gold_loss":0},{"damage_healed":0,"gold_gain":0,"player_choice":"Ignored","damage_taken":0,"max_hp_gain":0,"max_hp_loss":0,"event_name":"Vampires","floor":21,"gold_loss":0},{"cards_removed":["Dualcast"],"damage_healed":0,"gold_gain":0,"player_choice":"Gave Gold","damage_taken":0,"max_hp_gain":0,"max_hp_loss":0,"event_name":"Beggar","floor":28,"gold_loss":75},{"damage_healed":0,"gold_gain":0,"player_choice":"Paid Fearfully","damage_taken":0,"max_hp_gain":0,"max_hp_loss":0,"event_name":"Masked Bandits","floor":30,"gold_loss":5},{"damage_healed":0,"gold_gain":0,"player_choice":"Fight","damage_taken":0,"max_hp_gain":0,"max_hp_loss":0,"event_name":"MindBloom","floor":38,"gold_loss":0},{"damage_healed":0,"gold_gain":0,"player_choice":"Copied","damage_taken":0,"max_hp_gain":0,"max_hp_loss":0,"event_name":"Duplicator","floor":39,"gold_loss":0,"cards_obtained":["Hyperbeam"]},{"damage_healed":0,"gold_gain":0,"player_choice":"Max HP","damage_taken":0,"max_hp_gain":0,"max_hp_loss":4,"event_name":"Winding Halls","floor":45,"gold_loss":0}],"is_beta":false,"boss_relics":[{"not_picked":["Pandora\u0027s Box","Runic Pyramid"],"picked":"Calling Bell"},{"not_picked":["FrozenCore","Velvet Choker"],"picked":"Fusion Hammer"}],"items_purged_floors":[12,19,29,37],"is_endless":false,"potions_floor_spawned":[5,6,8,11,27,31,33,36,42,48],"ascension_level":5}