{"gold_per_floor":[118,137,212,226,401,401,421,48,48,48,64,127,145,145],"floor_reached":14,"playtime":857,"items_purged":["Strike_R"],"score":107,"play_id":"126f51e7-c163-4816-befc-1a8925afe04c","local_time":"20190807032201","is_ascension_mode":true,"campfire_choices":[{"data":"Madness","floor":6,"key":"SMITH"},{"floor":10,"key":"REST"}],"neow_cost":"NONE","seed_source_timestamp":104502347329122,"circlet_count":0,"master_deck":["Strike_R","Strike_R","Strike_R+1","Strike_R","Defend_R","Defend_R","Defend_R","Defend_R","Bash+1","Madness+1","Iron Wave","Warcry","Twin Strike","Doubt","Shrug It Off","Flex","Cleave","Disarm","Battle Trance"],"relics":["Burning Blood","Regal Pillow","Whetstone","Dream Catcher","Mummified Hand"],"potions_floor_usage":[7,12,13],"damage_taken":[{"damage":5,"enemies":"Small Slimes","floor":1,"turns":4},{"damage":13,"enemies":"Jaw Worm","floor":2,"turns":4},{"damage":4,"enemies":"2 Louse","floor":4,"turns":3},{"damage":54,"enemies":"Exordium Thugs","floor":7,"turns":8},{"damage":6,"enemies":"Looter","floor":11,"turns":3},{"damage":39,"enemies":"Lagavulin Event","floor":12,"turns":6},{"damage":5,"enemies":"3 Louse","floor":13,"turns":4},{"damage":25,"enemies":"3 Sentries","floor":14,"turns":2}],"seed_played":"5052355423077984789","potions_obtained":[{"floor":1,"key":"EssenceOfSteel"},{"floor":7,"key":"SteroidPotion"},{"floor":12,"key":"SpeedPotion"},{"floor":13,"key":"Ancient Potion"}],"is_trial":false,"path_per_floor":["M","M","?","M","?","R","M","$","T","R","M","?","M","E"],"character_chosen":"IRONCLAD","items_purchased":["Regal Pillow","Whetstone"],"campfire_rested":1,"item_purchase_floors":[8,8],"current_hp_per_floor":[73,66,55,57,57,57,9,9,9,48,48,15,16,0],"gold":145,"neow_bonus":"RANDOM_COLORLESS","is_prod":false,"is_daily":false,"chose_seed":false,"campfire_upgraded":1,"win_rate":0,"timestamp":1565173321,"path_taken":["M","M","?","M","?","R","M","$","T","R","M","?","M","E"],"build_version":"2019-07-17","purchased_purges":1,"victory":false,"max_hp_per_floor":[80,80,80,80,80,80,80,80,80,80,80,80,80,80],"card_choices":[{"not_picked":["Pommel Strike","Flex"],"picked":"Iron Wave","floor":1},{"not_picked":["Dual Wield","Havoc"],"picked":"Warcry","floor":2},{"not_picked":["Thunderclap","Clash"],"picked":"Twin Strike","floor":4},{"not_picked":["Searing Blow","Twin Strike"],"picked":"Shrug It Off","floor":7},{"not_picked":["Corruption","Pommel Strike"],"picked":"Flex","floor":10},{"not_picked":["Havoc","Rupture"],"picked":"Cleave","floor":11},{"not_picked":["Exhume","Heavy Blade"],"picked":"Disarm","floor":12},{"not_picked":["Wild Strike","Pommel Strike"],"picked":"Battle Trance","floor":13}],"player_experience":207500,"relics_obtained":[{"floor":9,"key":"Dream Catcher"},{"floor":12,"key":"Mummified Hand"}],"event_choices":[{"damage_healed":0,"gold_gain":75,"player_choice":"Gather Gold","damage_taken":11,"max_hp_gain":0,"max_hp_loss":0,"event_name":"World of Goop","floor":3,"gold_loss":0},{"damage_healed":0,"gold_gain":175,"player_choice":"AGREE","damage_taken":0,"max_hp_gain":0,"max_hp_loss":0,"event_name":"Liars Game","floor":5,"gold_loss":0,"cards_obtained":["Doubt"]},{"damage_healed":0,"gold_gain":0,"player_choice":"Searched \u00271\u0027 times","damage_taken":0,"max_hp_gain":0,"max_hp_loss":0,"event_name":"Dead Adventurer","floor":12,"gold_loss":0}],"is_beta":false,"boss_relics":[],"items_purged_floors":[8],"is_endless":false,"potions_floor_spawned":[1,7,12,13],"killed_by":"3 Sentries","ascension_level":6}