{"gold_per_floor":[111,131,131,56,74,74,87,112,112,147,17,17,28,58,58,153,153,172,117,117,117,129,160,160,180,203,203,214,42,42,42,42,145,145,155,171,0,0,15,15,44,44,44,75,2,2,18,36,36,36],"floor_reached":51,"playtime":3230,"items_purged":["Regret","Doubt"],"score":1044,"play_id":"1245c53a-83c6-4990-8ecc-973edc8eb5cb","local_time":"20190718220116","is_ascension_mode":true,"campfire_choices":[{"data":"Armaments","floor":6,"key":"SMITH"},{"data":"Berserk","floor":15,"key":"SMITH"},{"data":"Blood for Blood","floor":27,"key":"SMITH"},{"data":"Body Slam","floor":30,"key":"SMITH"},{"data":"Shockwave","floor":32,"key":"SMITH"},{"data":"Barricade","floor":40,"key":"SMITH"},{"floor":46,"key":"REST"},{"floor":49,"key":"REST"}],"neow_cost":"TEN_PERCENT_HP_LOSS","seed_source_timestamp":880263070341035,"circlet_count":0,"master_deck":["Strike_R","Strike_R","Strike_R","Strike_R+1","Strike_R","Defend_R","Defend_R","Defend_R","Defend_R","Bash","Body Slam+1","Armaments+1","Evolve","Perfected Strike+1","Dual Wield","Berserk+1","Shockwave+1","Blood for Blood+1","True Grit","Bludgeon","Flame Barrier","Ghostly","Ghostly","Ghostly","Ghostly","Ghostly","Rampage+1","Metallicize","Clumsy","Barricade+1","Entrench+1","Thunderclap+1","Parasite","Perfected Strike+1","Entrench","Regret","Havoc+1","Disarm+1","Juggernaut+1"],"relics":["Burning Blood","StoneCalendar","Potion Belt","Pantograph","Pen Nib","Oddly Smooth Stone","Vajra","Whetstone","Cursed Key","Tiny Chest","MutagenicStrength","Darkstone Periapt","Blood Vial","Molten Egg 2","Philosopher\u0027s Stone","Red Mask","PreservedInsect","Frozen Egg 2","Bag of Preparation"],"potions_floor_usage":[8,10,10,13,14,23,33,33,44,50],"damage_taken":[{"damage":15,"enemies":"Jaw Worm","floor":1,"turns":5},{"damage":6,"enemies":"2 Louse","floor":2,"turns":3},{"damage":4,"enemies":"Small Slimes","floor":5,"turns":4},{"damage":3,"enemies":"Blue Slaver","floor":7,"turns":4},{"damage":15,"enemies":"3 Sentries","floor":8,"turns":7},{"damage":27,"enemies":"Lagavulin","floor":10,"turns":7},{"damage":9,"enemies":"3 Louse","floor":13,"turns":4},{"damage":31,"enemies":"Gremlin Nob","floor":14,"turns":5},{"damage":3,"enemies":"Hexaghost","floor":16,"turns":9},{"damage":0,"enemies":"Chosen","floor":18,"turns":4},{"damage":2,"enemies":"Shell Parasite","floor":22,"turns":5},{"damage":3,"enemies":"Gremlin Leader","floor":23,"turns":7},{"damage":0,"enemies":"Snecko","floor":25,"turns":3},{"damage":24,"enemies":"Sentry and Sphere","floor":28,"turns":6},{"damage":67,"enemies":"Champ","floor":33,"turns":10},{"damage":1,"enemies":"Orb Walker","floor":35,"turns":3},{"damage":31,"enemies":"3 Darklings","floor":36,"turns":7},{"damage":4,"enemies":"Writhing Mass","floor":39,"turns":5},{"damage":21,"enemies":"Reptomancer","floor":41,"turns":6},{"damage":13,"enemies":"Giant Head","floor":44,"turns":8},{"damage":10,"enemies":"Transient","floor":47,"turns":5},{"damage":11,"enemies":"3 Darklings","floor":48,"turns":7},{"damage":3,"enemies":"Donu and Deca","floor":50,"turns":9}],"seed_played":"-5146367679945311018","potions_obtained":[{"floor":5,"key":"Fire Potion"},{"floor":7,"key":"Energy Potion"},{"floor":8,"key":"Energy Potion"},{"floor":10,"key":"BloodPotion"},{"floor":14,"key":"FairyPotion"},{"floor":16,"key":"PowerPotion"},{"floor":23,"key":"Swift Potion"},{"floor":28,"key":"Regen Potion"},{"floor":41,"key":"FearPotion"},{"floor":44,"key":"Regen Potion"}],"is_trial":false,"path_per_floor":["M","M","?","$","M","R","M","E","T","E","$","?","M","E","R","B",null,"M","?","?","?","M","E","?","M","T","R","M","$","R","T","R","B",null,"M","M","?","?","M","R","E","$","T","E","$","R","M","M","R","B",null],"character_chosen":"IRONCLAD","items_purchased":["Shockwave","SkillPotion","Metallicize","LiquidBronze"],"campfire_rested":2,"item_purchase_floors":[11,11,29,45],"current_hp_per_floor":[63,63,63,63,65,65,68,59,59,38,38,35,50,25,25,53,67,72,72,36,36,36,36,36,36,42,42,24,24,24,30,30,10,39,46,23,23,23,33,33,20,20,26,21,21,38,36,33,50,58],"gold":36,"neow_bonus":"ONE_RARE_RELIC","is_prod":false,"is_daily":false,"chose_seed":false,"campfire_upgraded":6,"win_rate":0,"timestamp":1563512476,"path_taken":["M","M","?","$","M","R","M","E","T","E","$","?","M","E","R","BOSS","M","?","?","?","M","E","?","M","T","R","M","$","R","?","R","BOSS","M","M","?","?","M","R","E","?","T","E","$","R","?","M","R","BOSS"],"build_version":"2019-07-17","purchased_purges":2,"victory":true,"max_hp_per_floor":[72,72,72,72,72,72,72,72,72,72,72,72,72,72,72,72,72,72,72,36,36,36,36,36,36,42,42,42,42,42,48,48,48,48,48,48,48,46,52,52,52,52,58,58,58,58,58,58,58,58],"card_choices":[{"not_picked":["Clash","Cleave"],"picked":"Body Slam","floor":1},{"not_picked":["Reckless Charge","Anger"],"picked":"Armaments","floor":2},{"not_picked":["Body Slam","Feel No Pain"],"picked":"Evolve","floor":5},{"not_picked":["Cleave","Pummel"],"picked":"Perfected Strike","floor":7},{"not_picked":["Armaments","Wild Strike"],"picked":"Dual Wield","floor":8},{"not_picked":["Shrug It Off","Headbutt"],"picked":"Berserk","floor":10},{"not_picked":["Evolve","Clothesline"],"picked":"Blood for Blood","floor":13},{"not_picked":["Iron Wave","Clothesline"],"picked":"True Grit","floor":14},{"not_picked":["Dark Embrace","Double Tap"],"picked":"Bludgeon","floor":16},{"not_picked":["Infernal Blade","Clash"],"picked":"Flame Barrier","floor":18},{"not_picked":["Flex","Body Slam"],"picked":"Rampage+1","floor":22},{"not_picked":["Perfected Strike","Infernal Blade","Headbutt+1"],"picked":"SKIP","floor":23},{"not_picked":["Sever Soul","Shockwave","Perfected Strike"],"picked":"SKIP","floor":25},{"not_picked":["Thunderclap","Burning Pact","Rupture+1"],"picked":"SKIP","floor":28},{"not_picked":["Juggernaut","Dark Embrace"],"picked":"Barricade","floor":33},{"not_picked":["Armaments+1","Heavy Blade+1"],"picked":"Entrench+1","floor":35},{"not_picked":["Cleave+1","Shockwave"],"picked":"Thunderclap+1","floor":36},{"not_picked":["Headbutt+1","Sever Soul+1"],"picked":"Perfected Strike+1","floor":39},{"not_picked":["Armaments+1","Intimidate"],"picked":"Entrench","floor":41},{"not_picked":["Clothesline+1","Blood for Blood+1"],"picked":"Havoc+1","floor":44},{"not_picked":["Second Wind","Rampage+1"],"picked":"Disarm+1","floor":47},{"not_picked":["Sword Boomerang+1","Body Slam+1"],"picked":"Juggernaut+1","floor":48}],"player_experience":351695,"relics_obtained":[{"floor":8,"key":"Pantograph"},{"floor":9,"key":"Pen Nib"},{"floor":10,"key":"Oddly Smooth Stone"},{"floor":14,"key":"Whetstone"},{"floor":23,"key":"Darkstone Periapt"},{"floor":26,"key":"Blood Vial"},{"floor":31,"key":"Molten Egg 2"},{"floor":41,"key":"PreservedInsect"},{"floor":43,"key":"Frozen Egg 2"},{"floor":44,"key":"Bag of Preparation"}],"event_choices":[{"damage_healed":0,"gold_gain":0,"player_choice":"Box","damage_taken":0,"relics_obtained":["Potion Belt"],"max_hp_gain":0,"max_hp_loss":0,"event_name":"Big Fish","floor":3,"gold_loss":0,"cards_obtained":["Regret"]},{"damage_healed":0,"gold_gain":0,"player_choice":"Success","damage_taken":3,"relics_obtained":["Vajra"],"max_hp_gain":0,"max_hp_loss":0,"event_name":"Scrap Ooze","floor":12,"gold_loss":0},{"damage_healed":0,"gold_gain":0,"player_choice":"Obtained Relic","damage_taken":0,"relics_obtained":["Tiny Chest"],"max_hp_gain":0,"max_hp_loss":0,"event_name":"Addict","floor":19,"gold_loss":85},{"damage_healed":0,"gold_gain":0,"player_choice":"Became a Ghost","damage_taken":0,"max_hp_gain":0,"max_hp_loss":36,"event_name":"Ghosts","floor":20,"gold_loss":0,"cards_obtained":["Ghostly","Ghostly","Ghostly","Ghostly","Ghostly"]},{"damage_healed":0,"gold_gain":0,"player_choice":"Inject Mutagens","damage_taken":0,"relics_obtained":["MutagenicStrength"],"max_hp_gain":0,"max_hp_loss":0,"event_name":"Drug Dealer","floor":21,"gold_loss":0},{"damage_healed":0,"gold_gain":0,"player_choice":"Ignored","damage_taken":0,"max_hp_gain":0,"max_hp_loss":0,"event_name":"Vampires","floor":24,"gold_loss":0},{"damage_healed":0,"gold_gain":0,"player_choice":"Paid","damage_taken":0,"relics_obtained":["Red Mask"],"max_hp_gain":0,"max_hp_loss":0,"event_name":"Tomb of Lord Red Mask","floor":37,"gold_loss":171},{"damage_healed":0,"gold_gain":0,"player_choice":"Max HP","damage_taken":0,"max_hp_gain":0,"max_hp_loss":2,"event_name":"Winding Halls","floor":38,"gold_loss":0}],"is_beta":false,"boss_relics":[{"not_picked":["Empty Cage","Eternal Feather"],"picked":"Cursed Key"},{"not_picked":["Snecko Eye","Runic Cube"],"picked":"Philosopher\u0027s Stone"}],"items_purged_floors":[4,29],"is_endless":false,"potions_floor_spawned":[5,7,8,10,14,16,23,28,41,44],"ascension_level":7}