{"gold_per_floor":[114,189,199,5,18,46,46,46,46,46,59,70,97,109,109,214,214,224,255,275,275,294,294,329,349,349,349,360,374,394,47,47,147,147,164,180,228,10,22,22,48,48,48,58,74,74,74,94,94,94],"floor_reached":51,"playtime":4827,"items_purged":["Strike_G","Regret"],"score":954,"play_id":"3e07d36a-6259-4486-9c05-7e8af7c0a900","local_time":"20190728114037","is_ascension_mode":true,"campfire_choices":[{"data":"1","floor":8.0,"key":"LIFT"},{"data":"2","floor":10.0,"key":"LIFT"},{"data":"3","floor":15.0,"key":"LIFT"},{"floor":23,"key":"REST"},{"floor":27,"key":"REST"},{"data":"Neutralize","floor":32,"key":"SMITH"},{"floor":40,"key":"REST"},{"data":"Clumsy","floor":49,"key":"PURGE"}],"neow_cost":"TEN_PERCENT_HP_LOSS","seed_source_timestamp":0,"circlet_count":0,"master_deck":["Strike_G+1","Strike_G+1","Strike_G+1","Defend_G+1","Defend_G+1","Defend_G+1","Defend_G+1","Defend_G+1","Survivor+1","Neutralize+1","Flying Knee+1","Dodge and Roll+1","Well Laid Plans+1","Flechettes+1","Backflip+1","Endless Agony+1","Outmaneuver+1","Escape Plan+1","Dagger Spray+1","Die Die Die+1","Cloak And Dagger+1","Accuracy+1","Deflect+1","Heel Hook+1","PiercingWail+1","Riddle With Holes+1","Distraction+1","Cloak And Dagger+1","Infinite Blades+1","Adrenaline+1","Parasite","Finisher+1","Blur+1","Panacea+1","Footwork+1","Flechettes+1","Madness+1","Madness+1","Well Laid Plans+1","Deflect+1","Riddle With Holes+1","Infinite Blades","Malaise"],"special_seed":0,"relics":["Ring of the Serpent","Girya","Thread and Needle","Blue Candle","Smiling Mask","Red Mask","Bag of Marbles","Bag of Preparation","Vajra","Lee\u0027s Waffle","Calling Bell","Bronze Scales","Mummified Hand","Prayer Wheel","Peace Pipe","Ginger","Ninja Scroll","Mark of the Bloom"],"potions_floor_usage":[24,30,33,33,37,50,50],"damage_taken":[{"damage":0.0,"enemies":"Cultist","floor":1.0,"turns":4.0},{"damage":4.0,"enemies":"Small Slimes","floor":3.0,"turns":3.0},{"damage":0.0,"enemies":"2 Louse","floor":5.0,"turns":4.0},{"damage":11.0,"enemies":"Lagavulin","floor":6.0,"turns":6.0},{"damage":0.0,"enemies":"Exordium Wildlife","floor":11.0,"turns":4.0},{"damage":0.0,"enemies":"Gremlin Gang","floor":12.0,"turns":5.0},{"damage":4.0,"enemies":"3 Sentries","floor":13.0,"turns":8.0},{"damage":0.0,"enemies":"3 Louse","floor":14.0,"turns":3.0},{"damage":2.0,"enemies":"Hexaghost","floor":16.0,"turns":9.0},{"damage":7,"enemies":"2 Thieves","floor":18,"turns":4},{"damage":12,"enemies":"Masked Bandits","floor":19,"turns":3},{"damage":0,"enemies":"Chosen","floor":20,"turns":4},{"damage":21,"enemies":"Centurion and Healer","floor":22,"turns":4},{"damage":12,"enemies":"Slavers","floor":24,"turns":4},{"damage":15,"enemies":"Snake Plant","floor":25,"turns":5},{"damage":0,"enemies":"Sentry and Sphere","floor":28,"turns":3},{"damage":0,"enemies":"Snecko","floor":29,"turns":2},{"damage":0,"enemies":"Centurion and Healer","floor":30,"turns":4},{"damage":27,"enemies":"Automaton","floor":33,"turns":7},{"damage":1,"enemies":"3 Shapes","floor":35,"turns":5},{"damage":0,"enemies":"Orb Walker","floor":36,"turns":1},{"damage":1,"enemies":"2 Orb Walkers","floor":37,"turns":4},{"damage":36,"enemies":"Writhing Mass","floor":39,"turns":6},{"damage":0,"enemies":"Reptomancer","floor":41,"turns":6},{"damage":3,"enemies":"Transient","floor":44,"turns":5},{"damage":2,"enemies":"Spire Growth","floor":45,"turns":4},{"damage":0,"enemies":"Writhing Mass","floor":48,"turns":4},{"damage":9,"enemies":"Time Eater","floor":50,"turns":9}],"seed_played":"2548151442831523936","potions_obtained":[{"floor":5.0,"key":"Regen Potion"},{"floor":11.0,"key":"LiquidBronze"},{"floor":12.0,"key":"SteroidPotion"},{"floor":13.0,"key":"GhostInAJar"},{"floor":22,"key":"FearPotion"},{"floor":25,"key":"Weak Potion"},{"floor":28,"key":"GhostInAJar"},{"floor":30,"key":"SteroidPotion"},{"floor":36,"key":"EssenceOfSteel"},{"floor":45,"key":"Weak Potion"},{"floor":48,"key":"GhostInAJar"}],"is_trial":false,"path_per_floor":["M","?","M","$","M","E","?","R","T","R","M","M","E","M","R","B",null,"M","?","M","?","M","R","E","M","T","R","M","M","M","$","R","B",null,"M","M","?","$","M","R","E","?","T","M","M","?","?","M","R","B",null],"character_chosen":"THE_SILENT","items_purchased":["PowerPotion","Well Laid Plans","Vajra","Lee\u0027s Waffle","Panacea","Footwork"],"campfire_rested":3,"item_purchase_floors":[4,4,31,31,38,38],"current_hp_per_floor":[63,52,48,48,48,52,52,52,52,52,52,52,48,48,48,46,59,52,40,40,40,19,37,25,10,10,28,28,28,28,70,70,43,63,62,62,61,61,25,46,46,37,37,34,32,61,61,61,61,52],"gold":94,"neow_bonus":"ONE_RARE_RELIC","is_prod":false,"is_daily":false,"chose_seed":false,"campfire_upgraded":1,"win_rate":0,"timestamp":1564339237,"path_taken":["M","?","M","$","M","E","?","R","T","R","M","M","E","M","R","BOSS","M","?","M","?","M","R","E","M","T","R","?","M","?","$","R","BOSS","M","M","?","$","M","R","E","?","T","?","M","?","?","M","R","BOSS"],"build_version":"2019-07-17","purchased_purges":2,"victory":true,"max_hp_per_floor":[63,63,63,63,63,63,63,63,63,63,63,63,63,63,63,63,63,63,63,63,63,63,63,63,63,63,63,63,63,63,70,70,70,70,70,70,70,70,70,70,70,70,70,70,70,61,61,61,61,61],"card_choices":[{"not_picked":["Concentrate","Heel Hook"],"picked":"Flying Knee","floor":1.0},{"not_picked":["Underhanded Strike","Prepared"],"picked":"Dodge and Roll","floor":3.0},{"not_picked":["Deadly Poison","Bane"],"picked":"Flechettes","floor":5.0},{"not_picked":["Prepared","Accuracy"],"picked":"Backflip","floor":6.0},{"not_picked":["Prepared","Crippling Poison"],"picked":"Endless Agony","floor":11.0},{"not_picked":["Dagger Throw","Sucker Punch"],"picked":"Outmaneuver","floor":12.0},{"not_picked":["PiercingWail","Deflect"],"picked":"Escape Plan","floor":13.0},{"not_picked":["Outmaneuver","Leg Sweep"],"picked":"Dagger Spray","floor":14.0},{"not_picked":["Unload","Adrenaline"],"picked":"Die Die Die","floor":16.0},{"not_picked":["Skewer","Dodge and Roll"],"picked":"Cloak And Dagger","floor":18},{"not_picked":["Outmaneuver","Deflect"],"picked":"Accuracy+1","floor":19},{"not_picked":["Poisoned Stab","Reflex+1"],"picked":"Deflect","floor":20},{"not_picked":["Underhanded Strike","Bane+1"],"picked":"Heel Hook+1","floor":22},{"not_picked":["Crippling Poison","Poisoned Stab+1"],"picked":"PiercingWail","floor":24},{"not_picked":["Underhanded Strike","Envenom"],"picked":"Riddle With Holes","floor":25},{"not_picked":["Quick Slash","Masterful Stab+1"],"picked":"Distraction+1","floor":28},{"not_picked":["Acrobatics","Underhanded Strike+1"],"picked":"Cloak And Dagger","floor":29},{"not_picked":["Prepared","PiercingWail"],"picked":"Infinite Blades","floor":30},{"not_picked":["A Thousand Cuts","Venomology"],"picked":"Adrenaline","floor":33},{"not_picked":["Bane","Dodge and Roll","Underhanded Strike+1"],"picked":"SKIP","floor":35},{"not_picked":["Cloak And Dagger","Slice","Bane"],"picked":"SKIP","floor":35},{"not_picked":["Sucker Punch+1","Underhanded Strike"],"picked":"Finisher","floor":36},{"not_picked":["Prepared+1","Choke"],"picked":"Blur","floor":36},{"not_picked":["Prepared","Escape Plan"],"picked":"Flechettes+1","floor":39},{"not_picked":["Dodge and Roll","Quick Slash+1","Wraith Form v2"],"picked":"SKIP","floor":39},{"not_picked":["Outmaneuver","Bouncing Flask+1","Predator+1"],"picked":"SKIP","floor":41},{"not_picked":["Quick Slash+1","PiercingWail+1"],"picked":"Well Laid Plans+1","floor":44},{"not_picked":["Blade Dance","Concentrate","Flying Knee"],"picked":"SKIP","floor":44},{"not_picked":["Cloak And Dagger","Backflip"],"picked":"Deflect+1","floor":45},{"not_picked":["Skewer+1","Underhanded Strike"],"picked":"Riddle With Holes+1","floor":45},{"not_picked":["Flechettes","Escape Plan"],"picked":"Infinite Blades","floor":48},{"not_picked":["Deflect","Calculated Gamble"],"picked":"Malaise","floor":48}],"player_experience":400357,"relics_obtained":[{"floor":6.0,"key":"Thread and Needle"},{"floor":9.0,"key":"Blue Candle"},{"floor":13.0,"key":"Smiling Mask"},{"floor":19,"key":"Red Mask"},{"floor":24,"key":"Bag of Marbles"},{"floor":26,"key":"Bag of Preparation"},{"floor":34,"key":"Bronze Scales"},{"floor":34,"key":"Mummified Hand"},{"floor":34,"key":"Prayer Wheel"},{"floor":37,"key":"Peace Pipe"},{"floor":41,"key":"Ginger"},{"floor":43,"key":"Ninja Scroll"}],"event_choices":[{"damage_healed":0.0,"max_hp_gain":0.0,"max_hp_loss":0.0,"gold_gain":75.0,"event_name":"World of Goop","player_choice":"Gather Gold","floor":2.0,"gold_loss":0.0,"damage_taken":11.0},{"cards_removed":["Strike_G"],"damage_healed":0.0,"max_hp_gain":0.0,"max_hp_loss":0.0,"gold_gain":0.0,"event_name":"Purifier","player_choice":"Purged","floor":7.0,"gold_loss":0.0,"damage_taken":0.0},{"damage_healed":0,"gold_gain":0,"player_choice":"Fought Bandits","damage_taken":0,"max_hp_gain":0,"max_hp_loss":0,"event_name":"Masked Bandits","floor":19,"gold_loss":0},{"damage_healed":0,"gold_gain":0,"player_choice":"Ignored","damage_taken":0,"max_hp_gain":0,"max_hp_loss":0,"event_name":"Ghosts","floor":21,"gold_loss":0},{"damage_healed":0,"gold_gain":0,"player_choice":"Fight","damage_taken":0,"max_hp_gain":0,"max_hp_loss":0,"event_name":"Mysterious Sphere","floor":37,"gold_loss":0},{"damage_healed":0,"gold_gain":0,"player_choice":"Embrace Madness","damage_taken":9,"max_hp_gain":0,"max_hp_loss":0,"event_name":"Winding Halls","floor":42,"gold_loss":0,"cards_obtained":["Madness","Madness"]},{"damage_healed":61,"gold_gain":0,"player_choice":"Heal","damage_taken":0,"max_hp_gain":0,"max_hp_loss":9,"event_name":"The Moai Head","floor":46,"gold_loss":0},{"damage_healed":0,"gold_gain":0,"player_choice":"Upgrade","damage_taken":0,"relics_obtained":["Mark of the Bloom"],"max_hp_gain":0,"max_hp_loss":0,"event_name":"MindBloom","floor":47,"gold_loss":0,"cards_upgraded":["Strike_G","Strike_G","Strike_G","Defend_G","Defend_G","Defend_G","Defend_G","Defend_G","Survivor","Flying Knee","Dodge and Roll","Well Laid Plans","Flechettes","Backflip","Endless Agony","Outmaneuver","Escape Plan","Dagger Spray","Die Die Die","Cloak And Dagger","Deflect","PiercingWail","Riddle With Holes","Cloak And Dagger","Infinite Blades","Adrenaline","Finisher","Blur","Panacea","Footwork","Madness","Madness"]}],"is_beta":false,"boss_relics":[{"not_picked":["HoveringKite","Empty Cage"],"picked":"Ring of the Serpent"},{"not_picked":["Snecko Eye","Pandora\u0027s Box"],"picked":"Calling Bell"}],"items_purged_floors":[4,38],"is_endless":false,"potions_floor_spawned":[5,11,12,13,22,25,28,30,36,45,48],"ascension_level":7}