{"gold_per_floor":[119,69,85,85,99,99,110,138,193,217,229,241,233,36,36,162,162,186,207,228,228,242,242,242,242],"floor_reached":25,"playtime":1169,"items_purged":[],"score":340,"play_id":"db47eec0-b408-4f5f-b139-4ca01c4717e1","local_time":"20190312170958","is_ascension_mode":true,"campfire_choices":[{"data":"Neutralize","floor":6,"key":"SMITH"},{"data":"Bouncing Flask","floor":12,"key":"SMITH"},{"data":"Apotheosis","floor":15,"key":"SMITH"},{"data":"Infinite Blades","floor":23,"key":"SMITH"}],"neow_cost":"NONE","seed_source_timestamp":435318559893141,"circlet_count":0,"master_deck":["AscendersBane","Defend_G","Defend_G","Defend_G","Defend_G","Defend_G","Survivor","Neutralize+1","Backstab","Backflip","Choke","Poisoned Stab","Bouncing Flask+1","Expertise","Poisoned Stab","Apotheosis+1","Infinite Blades+1","Wraith Form v2","Footwork","Bite","Bite","Bite","Bite","Bite","Well Laid Plans"],"relics":["Ring of the Snake","NeowsBlessing","Ornamental Fan","MawBank","Golden Idol","Sozu"],"potions_floor_usage":[8,16,20],"damage_taken":[{"damage":0,"enemies":"Jaw Worm","floor":1,"turns":1},{"damage":0,"enemies":"Small Slimes","floor":3,"turns":1},{"damage":0,"enemies":"Cultist","floor":5,"turns":1},{"damage":3,"enemies":"Looter","floor":7,"turns":2},{"damage":12,"enemies":"Gremlin Nob","floor":8,"turns":4},{"damage":11,"enemies":"Blue Slaver","floor":10,"turns":4},{"damage":14,"enemies":"Hexaghost","floor":16,"turns":7},{"damage":6,"enemies":"Spheric Guardian","floor":18,"turns":4},{"damage":2,"enemies":"3 Byrds","floor":19,"turns":4},{"damage":0,"enemies":"Snecko","floor":20,"turns":5},{"damage":9,"enemies":"Snake Plant","floor":22,"turns":5},{"damage":51,"enemies":"Slavers","floor":25,"turns":4}],"seed_played":"-6963223747934748586","potions_obtained":[{"floor":5,"key":"SmokeBomb"},{"floor":7,"key":"Block Potion"},{"floor":10,"key":"Energy Potion"},{"floor":13,"key":"Fire Potion"}],"is_trial":false,"path_per_floor":["M","?","M","?","M","R","M","E","T","M","?","R","?","$","R","B",null,"M","M","M","?","M","R","?","E"],"character_chosen":"THE_SILENT","items_purchased":["Apotheosis","Infinite Blades"],"campfire_rested":0,"item_purchase_floors":[14,14],"current_hp_per_floor":[63,63,63,63,63,63,60,48,48,37,37,37,37,37,37,23,55,49,47,47,45,45,45,45,0],"gold":242,"neow_bonus":"THREE_ENEMY_KILL","is_prod":false,"is_daily":false,"chose_seed":false,"campfire_upgraded":4,"win_rate":0,"timestamp":1552424998,"path_taken":["M","?","M","?","?","R","M","E","T","M","?","R","?","$","R","BOSS","M","M","?","?","M","R","?","E"],"build_version":"2019-01-23","purchased_purges":0,"victory":false,"max_hp_per_floor":[70,70,70,70,70,70,70,70,70,70,65,65,65,65,65,65,65,65,65,65,45,45,45,45,45],"card_choices":[{"not_picked":["Acrobatics","Prepared"],"picked":"Backstab","floor":1},{"not_picked":["Dagger Throw","Calculated Gamble"],"picked":"Backflip","floor":3},{"not_picked":["Setup","Concentrate"],"picked":"Poisoned Stab","floor":5},{"not_picked":["Setup","Endless Agony"],"picked":"Bouncing Flask","floor":7},{"not_picked":["Flechettes","Bane"],"picked":"Expertise","floor":8},{"not_picked":["Setup","Quick Slash"],"picked":"Poisoned Stab","floor":10},{"not_picked":["Envenom","Venomology"],"picked":"Wraith Form v2","floor":16},{"not_picked":["Predator+1","Backflip"],"picked":"Footwork","floor":18},{"not_picked":["Distraction","Bane+1","Blade Dance"],"picked":"SKIP","floor":19},{"not_picked":["Endless Agony","Quick Slash","Flying Knee"],"picked":"SKIP","floor":20},{"not_picked":["Masterful Stab","Sucker Punch+1"],"picked":"Well Laid Plans","floor":22}],"player_experience":767582,"relics_obtained":[{"floor":8,"key":"Ornamental Fan"},{"floor":9,"key":"MawBank"}],"event_choices":[{"cards_removed":["Strike_G"],"damage_healed":0,"gold_gain":0,"player_choice":"Card Removal","damage_taken":0,"max_hp_gain":0,"max_hp_loss":0,"event_name":"The Cleric","floor":2,"gold_loss":50},{"damage_healed":0,"gold_gain":0,"cards_transformed":["Strike_G"],"player_choice":"Transformed","damage_taken":0,"max_hp_gain":0,"max_hp_loss":0,"event_name":"Transmorgrifier","floor":4,"gold_loss":0,"cards_obtained":["Choke"]},{"damage_healed":0,"gold_gain":0,"player_choice":"Lose Max HP","damage_taken":0,"relics_obtained":["Golden Idol"],"max_hp_gain":0,"max_hp_loss":5,"event_name":"Golden Idol","floor":11,"gold_loss":0},{"damage_healed":0,"gold_gain":0,"player_choice":"Bought 1 Potion","damage_taken":0,"max_hp_gain":0,"max_hp_loss":0,"event_name":"The Woman in Blue","floor":13,"gold_loss":0},{"damage_healed":0,"gold_gain":0,"player_choice":"Became a vampire","damage_taken":0,"max_hp_gain":0,"max_hp_loss":20,"event_name":"Vampires","floor":21,"gold_loss":0,"cards_obtained":["Bite","Bite","Bite","Bite","Bite"]},{"damage_healed":0,"gold_gain":0,"player_choice":"Ignored","damage_taken":0,"max_hp_gain":0,"max_hp_loss":0,"event_name":"The Mausoleum","floor":24,"gold_loss":0}],"is_beta":false,"boss_relics":[{"not_picked":["Empty Cage","Coffee Dripper"],"picked":"Sozu"}],"items_purged_floors":[],"is_endless":false,"potions_floor_spawned":[5,7,10,18,20,22],"killed_by":"Slavers","ascension_level":11}