{"gold_per_floor":[115,128,146,146,156,181,19,19,19,51,69,69,81,6,6,105,105,115,125,144,144,160,160,160],"floor_reached":24,"playtime":1396,"items_purged":["Strike_G"],"score":315,"play_id":"6724ca81-97bc-4e52-9dfb-3bd7b81019d9","local_time":"20190808003204","is_ascension_mode":true,"campfire_choices":[{"data":"Envenom","floor":8,"key":"SMITH"},{"floor":12,"key":"REST"},{"floor":15,"key":"REST"},{"floor":23,"key":"REST"}],"neow_cost":"NONE","seed_source_timestamp":228758149088207,"circlet_count":0,"master_deck":["AscendersBane","Strike_G","Strike_G+1","Strike_G","Defend_G","Defend_G","Defend_G","Defend_G","Survivor","Neutralize","Crippling Poison","Bane","All Out Attack+1","Noxious Fumes","Dodge and Roll","Envenom+1","Venomology","PiercingWail","Flying Knee","Die Die Die","Dodge and Roll","Dodge and Roll","Predator","Escape Plan","Calculated Gamble"],"relics":["Ring of the Snake","NeowsBlessing","Juzu Bracelet","Whetstone","Kunai","Philosopher\u0027s Stone"],"potions_floor_usage":[5,5,6,6,16,16,20,20,22,22],"damage_taken":[{"damage":0,"enemies":"Cultist","floor":1,"turns":1},{"damage":0,"enemies":"Jaw Worm","floor":2,"turns":1},{"damage":0,"enemies":"Small Slimes","floor":3,"turns":1},{"damage":0,"enemies":"Red Slaver","floor":5,"turns":4},{"damage":17,"enemies":"3 Sentries","floor":6,"turns":7},{"damage":26,"enemies":"Lagavulin","floor":10,"turns":7},{"damage":0,"enemies":"3 Louse","floor":11,"turns":2},{"damage":9,"enemies":"Exordium Wildlife","floor":13,"turns":5},{"damage":13,"enemies":"Slime Boss","floor":16,"turns":10},{"damage":11,"enemies":"3 Byrds","floor":18,"turns":4},{"damage":24,"enemies":"Chosen","floor":19,"turns":5},{"damage":18,"enemies":"Shelled Parasite and Fungi","floor":20,"turns":9},{"damage":24,"enemies":"Cultist and Chosen","floor":22,"turns":5},{"damage":30,"enemies":"Book of Stabbing","floor":24,"turns":4}],"seed_played":"6308352621762701205","potions_obtained":[{"floor":1,"key":"SkillPotion"},{"floor":3,"key":"Explosive Potion"},{"floor":4,"key":"Fruit Juice"},{"floor":5,"key":"Dexterity Potion"},{"floor":10,"key":"Dexterity Potion"},{"floor":18,"key":"SteroidPotion"},{"floor":19,"key":"Dexterity Potion"}],"is_trial":false,"path_per_floor":["M","M","M","?","M","E","$","R","T","E","M","R","M","$","R","B",null,"M","M","M","?","M","R","E"],"character_chosen":"THE_SILENT","items_purchased":["Envenom"],"campfire_rested":3,"item_purchase_floors":[7],"current_hp_per_floor":[63,63,63,63,68,51,51,51,51,25,25,47,38,38,60,47,68,57,33,30,30,6,28,0],"gold":160,"neow_bonus":"THREE_ENEMY_KILL","is_prod":false,"is_daily":false,"chose_seed":false,"campfire_upgraded":1,"win_rate":0,"timestamp":1565249524,"path_taken":["M","M","?","?","M","E","$","R","T","E","M","R","M","?","R","BOSS","M","M","M","?","M","R","E"],"build_version":"2019-07-17","purchased_purges":1,"victory":false,"max_hp_per_floor":[70,70,70,70,75,75,75,75,75,75,75,75,75,75,75,75,75,75,75,75,75,75,75,75],"card_choices":[{"not_picked":["Concentrate","Slice"],"picked":"Crippling Poison","floor":1},{"not_picked":["Slice","Infinite Blades"],"picked":"Bane","floor":2},{"not_picked":["Reflex","Dagger Throw"],"picked":"All Out Attack","floor":3},{"not_picked":["Quick Slash","Cloak And Dagger"],"picked":"Noxious Fumes","floor":5},{"not_picked":["Deflect","Bouncing Flask"],"picked":"Dodge and Roll","floor":6},{"not_picked":["Blur","Prepared"],"picked":"Venomology","floor":10},{"not_picked":["Dagger Throw","Tactician"],"picked":"PiercingWail","floor":11},{"not_picked":["All Out Attack","PiercingWail"],"picked":"Flying Knee","floor":13},{"not_picked":["Phantasmal Killer","After Image"],"picked":"Die Die Die","floor":16},{"not_picked":["Prepared","Cloak And Dagger"],"picked":"Dodge and Roll","floor":18},{"not_picked":["Poisoned Stab","Prepared"],"picked":"Dodge and Roll","floor":19},{"not_picked":["Acrobatics","Dodge and Roll"],"picked":"Predator","floor":20},{"not_picked":["Blade Dance","Tactician","Deadly Poison"],"picked":"SKIP","floor":22}],"player_experience":521660,"relics_obtained":[{"floor":6,"key":"Juzu Bracelet"},{"floor":9,"key":"Whetstone"},{"floor":10,"key":"Kunai"}],"event_choices":[{"damage_healed":0,"gold_gain":0,"player_choice":"Got Potions","damage_taken":0,"max_hp_gain":0,"max_hp_loss":0,"event_name":"Lab","floor":4,"gold_loss":0},{"damage_healed":0,"gold_gain":0,"cards_transformed":["Strike_G","Defend_G"],"player_choice":"Became Test Subject","damage_taken":0,"max_hp_gain":0,"max_hp_loss":0,"event_name":"Drug Dealer","floor":21,"gold_loss":0,"cards_obtained":["Escape Plan","Calculated Gamble"]}],"is_beta":false,"boss_relics":[{"not_picked":["Orrery","Calling Bell"],"picked":"Philosopher\u0027s Stone"}],"items_purged_floors":[14],"is_endless":false,"potions_floor_spawned":[1,3,5,10,18,19],"killed_by":"Book of Stabbing","ascension_level":10}