{"gold_per_floor":[118,98,117,117,130,130,155,155,155,185,185,205,152,169,169,240,240,256,256,256,181,6,6,26,26,26,46,59,70,70,88,88,162,162,182,182,192,204,104,153,153,153],"floor_reached":42,"playtime":2978,"items_purged":["Defend_R","Bite"],"score":734,"play_id":"c30cbfe2-8c0a-4444-93a1-2c1cc71e8ed9","local_time":"20181010034358","is_ascension_mode":true,"campfire_choices":[{"data":"Whirlwind","floor":6.0,"key":"SMITH"},{"floor":8.0,"key":"REST"},{"data":"Body Slam","floor":11.0,"key":"SMITH"},{"floor":15.0,"key":"REST"},{"data":"True Grit","floor":23.0,"key":"SMITH"},{"data":"Barricade","floor":25.0,"key":"SMITH"},{"data":"Disarm","floor":32.0,"key":"SMITH"},{"data":"Shrug It Off","floor":41,"key":"SMITH"}],"neow_cost":"","seed_source_timestamp":0,"circlet_count":0,"master_deck":["Defend_R","Defend_R+1","Defend_R+1","AscendersBane","Whirlwind+1","Flex","Pommel Strike","Shrug It Off","Body Slam+1","Evolve","Metallicize","True Grit+1","Barricade+1","Bite","Bite","Bite","Shrug It Off+1","Feel No Pain","Disarm+1","Body Slam+1","Feed"],"special_seed":0,"relics":["Burning Blood","Pantograph","Dream Catcher","Cursed Key","Nloth\u0027s Gift","Busted Crown","Prayer Wheel"],"potions_floor_usage":[38,40,42],"damage_taken":[{"damage":7.0,"enemies":"Small Slimes","floor":1.0,"turns":4.0},{"damage":6.0,"enemies":"Cultist","floor":3.0,"turns":3.0},{"damage":9.0,"enemies":"2 Louse","floor":5.0,"turns":2.0},{"damage":22.0,"enemies":"Gremlin Nob","floor":7.0,"turns":4.0},{"damage":23.0,"enemies":"Lagavulin","floor":10.0,"turns":6.0},{"damage":14.0,"enemies":"Looter","floor":12.0,"turns":4.0},{"damage":13.0,"enemies":"Blue Slaver","floor":14.0,"turns":3.0},{"damage":18.0,"enemies":"Slime Boss","floor":16.0,"turns":12.0},{"damage":11.0,"enemies":"Shell Parasite","floor":18.0,"turns":7.0},{"damage":12.0,"enemies":"3 Byrds","floor":24.0,"turns":5.0},{"damage":34.0,"enemies":"Snecko","floor":27.0,"turns":8.0},{"damage":3.0,"enemies":"Cultist and Chosen","floor":28.0,"turns":8.0},{"damage":10.0,"enemies":"Chosen and Byrds","floor":29.0,"turns":7.0},{"damage":4.0,"enemies":"3 Cultists","floor":31.0,"turns":5.0},{"damage":48.0,"enemies":"Collector","floor":33.0,"turns":15.0},{"damage":27,"enemies":"3 Darklings","floor":35,"turns":9},{"damage":14,"enemies":"Orb Walker","floor":37,"turns":4},{"damage":35,"enemies":"Sphere and 2 Shapes","floor":38,"turns":16},{"damage":46,"enemies":"Mysterious Sphere","floor":40,"turns":17},{"damage":55,"enemies":"Transient","floor":42,"turns":4}],"seed_played":"-286202850714230082","potions_obtained":[{"floor":1.0,"key":"GamblersBrew"},{"floor":2.0,"key":"SteroidPotion"},{"floor":7.0,"key":"EntropicBrew"},{"floor":14.0,"key":"PowerPotion"},{"floor":16.0,"key":"Dexterity Potion"},{"floor":35,"key":"Poison Potion"},{"floor":38,"key":"GamblersBrew"},{"floor":40,"key":"Fire Potion"}],"is_trial":false,"path_per_floor":["M","?","M","?","M","R","E","R","T","E","R","M","?","M","R","B",null,"M","?","?","?","$","R","M","R","T","M","M","M","?","M","R","B",null,"M","?","M","M","$","?","R"],"character_chosen":"IRONCLAD","items_purchased":["Shrug It Off","Feel No Pain"],"campfire_rested":2,"item_purchase_floors":[22,22],"current_hp_per_floor":[67,67,67,44,41,41,25,47,47,30,30,22,22,15,37,50,69,64,64,52,52,52,52,52,52,52,26,43,52,52,52,52,44,50,52,52,53,50,50,47,47,0],"gold":153,"neow_bonus":"","is_prod":false,"is_daily":false,"chose_seed":false,"campfire_upgraded":6,"win_rate":0,"timestamp":1539157438,"path_taken":["M","?","?","?","M","R","E","R","T","E","R","?","?","M","R","BOSS","M","?","?","?","?","R","M","R","T","?","M","M","?","M","R","BOSS","M","?","M","M","$","?","R","M"],"build_version":"2018-10-04v2","purchased_purges":2,"victory":false,"max_hp_per_floor":[75,75,75,75,75,75,75,75,75,75,75,75,75,75,75,75,75,75,75,52,52,52,52,52,52,52,52,52,52,52,52,52,52,52,52,52,55,55,55,58,58,58],"card_choices":[{"not_picked":["Infernal Blade","Iron Wave"],"picked":"Whirlwind","floor":1.0},{"not_picked":["Dual Wield","Bloodletting"],"picked":"Flex","floor":3.0},{"not_picked":["Intimidate","Metallicize"],"picked":"Pommel Strike","floor":5.0},{"not_picked":["Blood for Blood","Pommel Strike"],"picked":"Shrug It Off","floor":7.0},{"not_picked":["Combust","Iron Wave"],"picked":"Body Slam","floor":10.0},{"not_picked":["Warcry","Infernal Blade"],"picked":"Evolve","floor":12.0},{"not_picked":["Fiend Fire","Armaments"],"picked":"Metallicize","floor":14.0},{"not_picked":["Fire Breathing","Sentinel"],"picked":"True Grit","floor":15.0},{"not_picked":["Berserk","Offering"],"picked":"Barricade","floor":16.0},{"not_picked":["Iron Wave","Anger","Perfected Strike"],"picked":"SKIP","floor":18.0},{"not_picked":["Pummel","Seeing Red"],"picked":"Disarm","floor":24.0},{"not_picked":["Uppercut","Fire Breathing","Hemokinesis+1"],"picked":"SKIP","floor":27.0},{"not_picked":["Anger","Thunderclap"],"picked":"Body Slam+1","floor":28.0},{"not_picked":["Twin Strike","Metallicize","Exhume"],"picked":"SKIP","floor":29.0},{"not_picked":["Pummel","Second Wind","Body Slam"],"picked":"SKIP","floor":31.0},{"not_picked":["Barricade","Bludgeon"],"picked":"Feed","floor":33.0},{"not_picked":["Heavy Blade"],"picked":"SKIP","floor":35},{"not_picked":["Reckless Charge"],"picked":"SKIP","floor":37},{"not_picked":["Second Wind"],"picked":"SKIP","floor":38}],"player_experience":476575,"relics_obtained":[{"floor":7.0,"key":"Pantograph"},{"floor":9.0,"key":"The Courier"},{"floor":10.0,"key":"Dream Catcher"},{"floor":40,"key":"Prayer Wheel"}],"event_choices":[{"event_name":"The Woman in Blue","player_choice":"Bought 1 Potion","floor":2.0,"damage_taken":0.0},{"event_name":"Shining Light","player_choice":"Entered Light","floor":4.0,"damage_taken":0.0},{"event_name":"World of Goop","player_choice":"Left","floor":13.0,"damage_taken":0.0},{"event_name":"The Mausoleum","player_choice":"No","floor":19.0,"damage_taken":0.0},{"event_name":"Vampires","player_choice":"Became a vampire","floor":20.0,"damage_taken":0.0},{"event_name":"Beggar","player_choice":"Gave Gold","floor":21.0,"damage_taken":0.0},{"event_name":"N\u0027loth","player_choice":"Traded a The Courier","floor":30.0,"damage_taken":0.0},{"event_name":"Falling","player_choice":"Removed Attack","floor":36,"damage_taken":0},{"event_name":"Mysterious Sphere","player_choice":"Fight","floor":40,"damage_taken":0}],"is_beta":false,"boss_relics":[{"not_picked":["Empty Cage","Snecko Eye"],"picked":"Cursed Key"},{"not_picked":["Astrolabe","Coffee Dripper"],"picked":"Busted Crown"}],"items_purged_floors":[22,39],"is_endless":false,"potions_floor_spawned":[1,7,14,16,18,24,35,38,40],"killed_by":"Transient","ascension_level":16}