{"gold_per_floor":[111,129,145,145,157,191,191,203,203,203,221,221,235,269,269,269],"floor_reached":16,"playtime":1566,"items_purged":[],"score":264,"play_id":"265c03c2-bee6-41dc-a866-7778cc43cd33","local_time":"20190603021422","is_ascension_mode":true,"campfire_choices":[{"floor":7.0,"key":"REST"},{"data":"Neutralize","floor":10.0,"key":"SMITH"},{"data":"Crippling Poison","floor":15.0,"key":"SMITH"}],"neow_cost":"PERCENT_DAMAGE","seed_source_timestamp":1492646109571410,"circlet_count":0,"master_deck":["AscendersBane","Defend_G","Defend_G","Defend_G","Defend_G","Strike_G","Strike_G","Strike_G","Survivor","Neutralize+1","Escape Plan","Deadly Poison","Calculated Gamble","Crippling Poison+1","Dagger Spray+1","Dagger Spray+1","Masterful Stab+1","Deadly Poison"],"special_seed":0,"relics":["Ring of the Snake","Molten Egg 2","Ornamental Fan","Paper Crane","Pen Nib"],"potions_floor_usage":[],"damage_taken":[{"damage":0.0,"enemies":"Small Slimes","floor":1.0,"turns":5.0},{"damage":1.0,"enemies":"Cultist","floor":2.0,"turns":5.0},{"damage":6.0,"enemies":"2 Louse","floor":3.0,"turns":3.0},{"damage":0.0,"enemies":"Lots of Slimes","floor":5.0,"turns":4.0},{"damage":36.0,"enemies":"Gremlin Nob","floor":6.0,"turns":5.0},{"damage":0.0,"enemies":"2 Fungi Beasts","floor":8.0,"turns":3.0},{"damage":0.0,"enemies":"Large Slime","floor":11.0,"turns":5.0},{"damage":0.0,"enemies":"Lots of Slimes","floor":13.0,"turns":1.0},{"damage":0.0,"enemies":"3 Sentries","floor":14.0,"turns":3.0},{"damage":22,"enemies":"Slime Boss","floor":16,"turns":8}],"seed_played":"-2353453782055828075","potions_obtained":[{"floor":1.0,"key":"PowerPotion"},{"floor":3.0,"key":"SteroidPotion"},{"floor":6.0,"key":"EssenceOfSteel"}],"is_trial":false,"path_per_floor":["M","M","M","?","M","E","R","M","T","R","M","?","M","E","R","B"],"character_chosen":"THE_SILENT","items_purchased":[],"campfire_rested":1,"item_purchase_floors":[],"current_hp_per_floor":[44,43,37,37,37,1,20,20,20,20,20,20,20,20,20,0],"gold":269,"neow_bonus":"REMOVE_TWO","is_prod":false,"is_daily":false,"chose_seed":false,"campfire_upgraded":2,"win_rate":0,"timestamp":1559542462,"path_taken":["M","M","M","?","M","E","R","?","T","R","M","?","M","E","R","BOSS"],"build_version":"2019-01-23","purchased_purges":0,"victory":false,"max_hp_per_floor":[66,66,66,66,66,66,66,66,66,66,66,66,66,66,66,66],"card_choices":[{"not_picked":["Infinite Blades","Outmaneuver"],"picked":"Escape Plan","floor":1.0},{"not_picked":["Leg Sweep","Slice"],"picked":"Deadly Poison","floor":2.0},{"not_picked":["Deflect","Skewer"],"picked":"Calculated Gamble","floor":3.0},{"not_picked":["Blade Dance","Outmaneuver"],"picked":"Crippling Poison","floor":5.0},{"not_picked":["Backstab","Dagger Throw"],"picked":"Dagger Spray","floor":6.0},{"not_picked":["Calculated Gamble","Accuracy"],"picked":"Dagger Spray+1","floor":8.0},{"not_picked":["Quick Slash+1","Cloak And Dagger"],"picked":"Catalyst","floor":11.0},{"not_picked":["Reflex","Prepared"],"picked":"Masterful Stab+1","floor":13.0},{"not_picked":["Acrobatics","Poisoned Stab+1"],"picked":"Deadly Poison","floor":14.0}],"player_experience":841417,"relics_obtained":[{"floor":6.0,"key":"Molten Egg 2"},{"floor":9.0,"key":"Ornamental Fan"},{"floor":14.0,"key":"Pen Nib"}],"event_choices":[{"cards_removed":["Strike_G"],"damage_healed":0.0,"max_hp_gain":0.0,"max_hp_loss":0.0,"gold_gain":0.0,"event_name":"Bonfire Elementals","player_choice":"Offered Basic","floor":4.0,"gold_loss":0.0,"damage_taken":0.0},{"cards_removed":["Catalyst"],"damage_healed":0.0,"max_hp_gain":0.0,"max_hp_loss":0.0,"gold_gain":0.0,"event_name":"WeMeetAgain","player_choice":"Gave Card","floor":12.0,"gold_loss":0.0,"damage_taken":0.0,"relics_obtained":["Paper Crane"]}],"is_beta":false,"boss_relics":[],"items_purged_floors":[],"is_endless":false,"potions_floor_spawned":[1,3,6],"killed_by":"Slime Boss","ascension_level":18}