{"gold_per_floor":[112,112,127,137,149,149,179,3,3,31,62,62,80,80,80,175,175,187,206,224,224,238,238,251,251,251,271,287,287,315,315,315,315],"floor_reached":33,"playtime":3254,"items_purged":["Defend_B"],"score":304,"play_id":"a794f046-0e5a-43b2-a33e-e148986b391f","local_time":"20190811074232","is_ascension_mode":false,"campfire_choices":[{"data":"Redo","floor":6.0,"key":"SMITH"},{"data":"Consume","floor":12.0,"key":"SMITH"},{"data":"Redo","floor":15.0,"key":"SMITH"},{"floor":23,"key":"REST"},{"floor":25,"key":"RECALL"},{"floor":32,"key":"REST"}],"neow_cost":"NONE","seed_source_timestamp":0,"circlet_count":0,"master_deck":["Strike_B","Strike_B","Strike_B","Defend_B","Defend_B","Defend_B","Zap","Dualcast","White Noise","Leap","Melter","Steam","Redo+1","Consume+1","Coolheaded","Conserve Battery","Redo+1","Regret","Echo Form","Redo","White Noise+1","Heatsinks+1","RitualDagger","Gash","Turbo+1","Ghostly","Ghostly","Ghostly","Ghostly","Ghostly"],"special_seed":0,"relics":["Cracked Core","Potion Belt","Bag of Preparation","Boot","Odd Mushroom","Symbiotic Virus","Juzu Bracelet","Busted Crown","Mercury Hourglass"],"potions_floor_usage":[22,27,28,28],"damage_taken":[{"damage":1.0,"enemies":"Jaw Worm","floor":1.0,"turns":3.0},{"damage":0.0,"enemies":"Small Slimes","floor":3.0,"turns":3.0},{"damage":1.0,"enemies":"2 Louse","floor":4.0,"turns":3.0},{"damage":16.0,"enemies":"2 Fungi Beasts","floor":5.0,"turns":4.0},{"damage":3.0,"enemies":"Gremlin Nob","floor":7.0,"turns":3.0},{"damage":7.0,"enemies":"The Mushroom Lair","floor":10.0,"turns":5.0},{"damage":3.0,"enemies":"Lagavulin","floor":11.0,"turns":8.0},{"damage":0.0,"enemies":"Red Slaver","floor":13.0,"turns":3.0},{"damage":38.0,"enemies":"The Guardian","floor":16.0,"turns":9.0},{"damage":2,"enemies":"Chosen","floor":18,"turns":3},{"damage":18,"enemies":"Shell Parasite","floor":19,"turns":3},{"damage":22,"enemies":"Snake Plant","floor":20,"turns":4},{"damage":2,"enemies":"Snecko","floor":22,"turns":3},{"damage":4,"enemies":"Sentry and Sphere","floor":24,"turns":3},{"damage":21,"enemies":"Snake Plant","floor":27,"turns":3},{"damage":18,"enemies":"Centurion and Healer","floor":28,"turns":5},{"damage":7,"enemies":"Book of Stabbing","floor":30,"turns":5},{"damage":19,"enemies":"Collector","floor":33,"turns":6}],"seed_played":"6130230880982928327","potions_obtained":[{"floor":3.0,"key":"Swift Potion"},{"floor":4.0,"key":"PowerPotion"},{"floor":5.0,"key":"Poison Potion"},{"floor":11.0,"key":"Swift Potion"},{"floor":18,"key":"Ancient Potion"},{"floor":22,"key":"SpeedPotion"},{"floor":24,"key":"Regen Potion"},{"floor":27,"key":"Poison Potion"}],"is_trial":false,"path_per_floor":["M","?","M","M","M","R","E","$","T","?","E","R","M","?","R","B",null,"M","M","M","?","M","R","M","R","T","M","M","?","E","?","R","B"],"character_chosen":"DEFECT","items_purchased":["Coolheaded","Strength Potion"],"campfire_rested":2,"item_purchase_floors":[8,8],"current_hp_per_floor":[74,74,74,73,57,57,54,54,54,47,44,44,44,44,44,6,75,73,55,33,27,25,47,43,43,43,31,13,13,6,6,17,0],"gold":315,"neow_bonus":"RANDOM_COMMON_RELIC","is_prod":false,"is_daily":false,"chose_seed":false,"campfire_upgraded":3,"win_rate":0,"timestamp":1565534552,"path_taken":["M","?","M","M","M","R","E","$","T","?","E","R","M","?","R","BOSS","M","M","M","?","M","R","M","R","T","M","M","?","E","?","R","BOSS"],"build_version":"2019-07-17","purchased_purges":1,"victory":false,"max_hp_per_floor":[75,75,75,75,75,75,75,75,75,75,75,75,75,75,75,75,75,75,75,75,75,75,75,75,75,75,75,75,37,37,37,37,37],"card_choices":[{"not_picked":["Compile Driver","BootSequence"],"picked":"White Noise","floor":1.0},{"not_picked":["Self Repair","Sweeping Beam"],"picked":"Melter","floor":3.0},{"not_picked":["Ball Lightning","Chaos"],"picked":"Steam","floor":4.0},{"not_picked":["Consume","Hello World"],"picked":"Redo","floor":5.0},{"not_picked":["Beam Cell","Stack"],"picked":"Consume","floor":7.0},{"not_picked":["Steam","Barrage"],"picked":"Conserve Battery","floor":10.0},{"not_picked":["Coolheaded","Go for the Eyes"],"picked":"Redo","floor":11.0},{"not_picked":["Leap","BootSequence","Coolheaded"],"picked":"SKIP","floor":13.0},{"not_picked":["Buffer","Reboot"],"picked":"Echo Form","floor":16.0},{"not_picked":[],"picked":"Redo","floor":18},{"not_picked":[],"picked":"White Noise+1","floor":19},{"not_picked":[],"picked":"Heatsinks","floor":20},{"not_picked":["Redo"],"picked":"SKIP","floor":22},{"not_picked":[],"picked":"Gash","floor":24},{"not_picked":[],"picked":"Turbo+1","floor":27},{"not_picked":["Genetic Algorithm"],"picked":"SKIP","floor":28},{"not_picked":["Steam Power"],"picked":"SKIP","floor":30}],"player_experience":550107,"relics_obtained":[{"floor":7.0,"key":"Bag of Preparation"},{"floor":9.0,"key":"Boot"},{"floor":10.0,"key":"Odd Mushroom"},{"floor":11.0,"key":"Symbiotic Virus"},{"floor":30,"key":"Mercury Hourglass"}],"event_choices":[{"damage_healed":0.0,"max_hp_gain":0.0,"max_hp_loss":0.0,"gold_gain":0.0,"cards_transformed":["Strike_B"],"event_name":"Living Wall","player_choice":"Change","floor":2.0,"gold_loss":0.0,"damage_taken":0.0,"cards_obtained":["Leap"]},{"damage_healed":0.0,"max_hp_gain":0.0,"max_hp_loss":0.0,"gold_gain":0.0,"event_name":"Mushrooms","player_choice":"Fought Mushrooms","floor":10.0,"gold_loss":0.0,"damage_taken":0.0},{"damage_healed":0.0,"max_hp_gain":0.0,"max_hp_loss":0.0,"gold_gain":0.0,"event_name":"Big Fish","player_choice":"Box","floor":14.0,"gold_loss":0.0,"damage_taken":0.0,"relics_obtained":["Juzu Bracelet"],"cards_obtained":["Regret"]},{"damage_healed":0,"gold_gain":0,"player_choice":"Joined the Cult","damage_taken":6,"max_hp_gain":0,"max_hp_loss":0,"event_name":"Nest","floor":21,"gold_loss":0,"cards_obtained":["RitualDagger"]},{"damage_healed":0,"gold_gain":0,"player_choice":"Became a Ghost","damage_taken":0,"max_hp_gain":0,"max_hp_loss":38,"event_name":"Ghosts","floor":29,"gold_loss":0,"cards_obtained":["Ghostly","Ghostly","Ghostly","Ghostly","Ghostly"]},{"damage_healed":0,"gold_gain":0,"player_choice":"Forge","damage_taken":0,"max_hp_gain":0,"max_hp_loss":0,"event_name":"Accursed Blacksmith","floor":31,"gold_loss":0,"cards_upgraded":["Heatsinks"]}],"is_beta":false,"boss_relics":[{"not_picked":["Sozu","Black Star"],"picked":"Busted Crown"}],"items_purged_floors":[8],"is_endless":false,"potions_floor_spawned":[3,4,5,11,18,22,24,27],"killed_by":"Collector","ascension_level":0}