{"gold_per_floor":[111,36,36,47,62,91,91,109,178,178,205,227,240,0,0,96,146,166,199,44,44,56,56,90,90,113,113,129,143,173,188,188,286,286,302,302,312,326,326,326,38,48,127,127,137,147,158,158,158,158],"floor_reached":50,"playtime":5740,"items_purged":["Defend_G","Strike_G+1"],"score":759,"play_id":"6de64ce2-8a20-4057-a446-c9cb4ed2e7f8","local_time":"20190809044006","is_ascension_mode":true,"campfire_choices":[{"floor":7.0,"key":"REST"},{"data":"Neutralize","floor":10.0,"key":"SMITH"},{"floor":15.0,"key":"REST"},{"floor":23.0,"key":"REST"},{"data":"Crippling Poison","floor":25.0,"key":"SMITH"},{"floor":32.0,"key":"REST"},{"data":"Mayhem","floor":40.0,"key":"SMITH"},{"floor":49,"key":"REST"}],"neow_cost":"NONE","seed_source_timestamp":0,"circlet_count":0,"master_deck":["Strike_G+1","Strike_G+1","Strike_G+1","Defend_G+1","Defend_G+1","Defend_G+1","Defend_G+1","Survivor+1","Neutralize+1","Backflip","Crippling Poison+1","Noxious Fumes","Concentrate","Backstab","Outmaneuver+1","Well Laid Plans","Heel Hook","Doppelganger","Outmaneuver","Expertise+1","Noxious Fumes","Escape Plan","Acrobatics","Phantasmal Killer","Footwork","After Image+1","Backflip+1","Mayhem+1","Catalyst+1","Impatience","Neutralize","Footwork+1"],"special_seed":0,"relics":["Ring of the Snake","Unceasing Top","The Courier","Snake Skull","Odd Mushroom","Turnip","Tiny House","Red Mask","TwistedFunnel","Question Card","War Paint","Letter Opener","Bottled Tornado","Gremlin Horn"],"potions_floor_usage":[46,50,50],"damage_taken":[{"damage":7.0,"enemies":"Small Slimes","floor":1.0,"turns":7.0},{"damage":10.0,"enemies":"Cultist","floor":4.0,"turns":5.0},{"damage":4.0,"enemies":"Jaw Worm","floor":5.0,"turns":5.0},{"damage":19.0,"enemies":"3 Sentries","floor":6.0,"turns":6.0},{"damage":3.0,"enemies":"Exordium Thugs","floor":8.0,"turns":5.0},{"damage":18.0,"enemies":"Gremlin Nob","floor":11.0,"turns":4.0},{"damage":3.0,"enemies":"The Mushroom Lair","floor":12.0,"turns":3.0},{"damage":0.0,"enemies":"2 Fungi Beasts","floor":13.0,"turns":3.0},{"damage":1.0,"enemies":"Hexaghost","floor":16.0,"turns":9.0},{"damage":29.0,"enemies":"Chosen","floor":18.0,"turns":8.0},{"damage":10.0,"enemies":"Masked Bandits","floor":19.0,"turns":4.0},{"damage":0.0,"enemies":"3 Byrds","floor":22.0,"turns":3.0},{"damage":0.0,"enemies":"Gremlin Leader","floor":24.0,"turns":6.0},{"damage":9.0,"enemies":"Snake Plant","floor":28.0,"turns":4.0},{"damage":8.0,"enemies":"Cultist and Chosen","floor":29.0,"turns":5.0},{"damage":20.0,"enemies":"Book of Stabbing","floor":30.0,"turns":4.0},{"damage":11.0,"enemies":"Snecko","floor":31.0,"turns":5.0},{"damage":8.0,"enemies":"Champ","floor":33.0,"turns":7.0},{"damage":0.0,"enemies":"3 Shapes","floor":35.0,"turns":4.0},{"damage":2.0,"enemies":"3 Darklings","floor":37.0,"turns":5.0},{"damage":6.0,"enemies":"Sphere and 2 Shapes","floor":38.0,"turns":4.0},{"damage":23.0,"enemies":"Jaw Worm Horde","floor":42.0,"turns":4.0},{"damage":0.0,"enemies":"Spire Growth","floor":45.0,"turns":4.0},{"damage":19,"enemies":"Transient","floor":46,"turns":5},{"damage":8,"enemies":"Maw","floor":47,"turns":5},{"damage":28,"enemies":"Donu and Deca","floor":50,"turns":3}],"seed_played":"7693137833428810823","potions_obtained":[{"floor":4.0,"key":"Strength Potion"},{"floor":5.0,"key":"Dexterity Potion"},{"floor":8.0,"key":"Poison Potion"},{"floor":12.0,"key":"AttackPotion"},{"floor":13.0,"key":"LiquidBronze"},{"floor":16.0,"key":"SteroidPotion"},{"floor":17.0,"key":"LiquidBronze"},{"floor":22.0,"key":"PowerPotion"},{"floor":30.0,"key":"Dexterity Potion"},{"floor":33.0,"key":"Ancient Potion"},{"floor":35.0,"key":"EssenceOfSteel"},{"floor":38.0,"key":"Ancient Potion"},{"floor":42.0,"key":"SteroidPotion"},{"floor":45.0,"key":"Weak Potion"}],"is_trial":false,"path_per_floor":["M","$","?","M","M","E","R","M","T","R","E","?","M","$","R","B",null,"M","?","$","?","M","R","E","R","T","?","M","M","E","M","R","B",null,"M","?","M","M","?","R","$","M","T","?","M","M","M","?","R","B"],"character_chosen":"THE_SILENT","items_purchased":["Turnip","TwistedFunnel","Bottled Tornado"],"campfire_rested":5,"item_purchase_floors":[14,20,41],"current_hp_per_floor":[56,56,70,60,56,37,58,55,55,55,37,34,34,34,55,54,71,42,32,32,32,32,54,54,54,54,54,45,37,17,6,28,20,61,61,61,59,53,53,53,53,30,30,30,30,11,3,3,25,0],"gold":158,"neow_bonus":"REMOVE_CARD","is_prod":false,"is_daily":false,"chose_seed":false,"campfire_upgraded":3,"win_rate":0,"timestamp":1565350806,"path_taken":["M","$","?","M","?","E","R","M","T","R","E","?","M","$","R","BOSS","M","?","$","?","?","R","E","R","T","?","?","M","E","M","R","BOSS","M","?","?","M","?","R","$","M","T","?","?","?","M","?","R","BOSS"],"build_version":"2019-07-17","purchased_purges":2,"victory":false,"max_hp_per_floor":[70,70,70,70,70,70,70,70,70,70,70,70,70,70,70,70,75,75,75,75,75,75,75,75,75,75,75,75,75,75,75,75,75,75,75,75,75,75,75,75,75,75,75,75,75,75,75,75,75,75],"card_choices":[{"not_picked":["Well Laid Plans","Quick Slash"],"picked":"Backflip","floor":1.0},{"not_picked":["Expertise","Backflip"],"picked":"Crippling Poison","floor":4.0},{"not_picked":["Bane","All Out Attack"],"picked":"Noxious Fumes","floor":5.0},{"not_picked":["Sucker Punch","Riddle With Holes"],"picked":"Concentrate","floor":6.0},{"not_picked":["Die Die Die","Poisoned Stab"],"picked":"Backstab","floor":8.0},{"not_picked":["Calculated Gamble","Underhanded Strike"],"picked":"Outmaneuver","floor":11.0},{"not_picked":["Dodge and Roll","Flying Knee"],"picked":"Well Laid Plans","floor":12.0},{"not_picked":["Blade Dance","Masterful Stab"],"picked":"Heel Hook","floor":13.0},{"not_picked":["Grand Finale","Bullet Time"],"picked":"Doppelganger","floor":16.0},{"not_picked":["Finisher","Dagger Spray"],"picked":"Outmaneuver","floor":17.0},{"not_picked":["Predator","Outmaneuver+1"],"picked":"Expertise+1","floor":18.0},{"not_picked":["Sucker Punch","Masterful Stab"],"picked":"Noxious Fumes","floor":19.0},{"not_picked":["Grand Finale","Acrobatics+1"],"picked":"Escape Plan","floor":22.0},{"not_picked":["Slice","Flying Knee"],"picked":"Acrobatics","floor":24.0},{"not_picked":["Acrobatics+1","Outmaneuver","Blade Dance","Deadly Poison"],"picked":"SKIP","floor":28.0},{"not_picked":["Setup","Acrobatics","Expertise","Riddle With Holes"],"picked":"SKIP","floor":29.0},{"not_picked":["Quick Slash+1","Bane","Accuracy+1"],"picked":"Footwork","floor":30.0},{"not_picked":["Bane","Underhanded Strike+1","PiercingWail","Outmaneuver+1"],"picked":"SKIP","floor":31.0},{"not_picked":["Unload","Wraith Form v2","Malaise"],"picked":"After Image","floor":33.0},{"not_picked":["Caltrops+1","Dash+1","Dagger Throw+1"],"picked":"Backflip+1","floor":37.0},{"not_picked":["Sucker Punch","Quick Slash+1","Flying Knee","Backflip+1"],"picked":"SKIP","floor":38.0},{"not_picked":["Secret Weapon","Sadistic Nature","Forethought"],"picked":"Mayhem","floor":39.0},{"not_picked":["Flying Knee","Prepared","Poisoned Stab"],"picked":"Catalyst+1","floor":42.0},{"not_picked":["Prepared","Poisoned Stab+1","PiercingWail","Infinite Blades+1"],"picked":"SKIP","floor":45.0},{"not_picked":["Leg Sweep","Dagger Spray","Skewer","PiercingWail+1"],"picked":"SKIP","floor":46},{"not_picked":["Flying Knee","Endless Agony+1","Leg Sweep"],"picked":"Footwork+1","floor":47}],"player_experience":239680,"relics_obtained":[{"floor":6.0,"key":"Unceasing Top"},{"floor":9.0,"key":"The Courier"},{"floor":11.0,"key":"Snake Skull"},{"floor":12.0,"key":"Odd Mushroom"},{"floor":19.0,"key":"Red Mask"},{"floor":24.0,"key":"Question Card"},{"floor":26.0,"key":"War Paint"},{"floor":30.0,"key":"Letter Opener"},{"floor":43.0,"key":"Gremlin Horn"}],"event_choices":[{"damage_healed":14.0,"max_hp_gain":0.0,"max_hp_loss":0.0,"gold_gain":0.0,"event_name":"Wheel of Change","player_choice":"Full Heal","floor":3.0,"gold_loss":0.0,"damage_taken":0.0},{"damage_healed":0.0,"max_hp_gain":0.0,"max_hp_loss":0.0,"gold_gain":0.0,"event_name":"Mushrooms","player_choice":"Fought Mushrooms","floor":12.0,"gold_loss":0.0,"damage_taken":0.0},{"damage_healed":0.0,"max_hp_gain":0.0,"max_hp_loss":0.0,"gold_gain":0.0,"event_name":"Masked Bandits","player_choice":"Fought Bandits","floor":19.0,"gold_loss":0.0,"damage_taken":0.0},{"damage_healed":0.0,"max_hp_gain":0.0,"max_hp_loss":0.0,"gold_gain":0.0,"event_name":"Back to Basics","player_choice":"Simplicity","floor":21.0,"gold_loss":0.0,"damage_taken":0.0,"cards_upgraded":["Strike_G","Strike_G","Strike_G","Strike_G","Defend_G","Defend_G","Defend_G"]},{"damage_healed":0.0,"max_hp_gain":0.0,"max_hp_loss":0.0,"gold_gain":0.0,"event_name":"Match and Keep!","player_choice":"1 cards matched","floor":27.0,"gold_loss":0.0,"damage_taken":0.0,"cards_obtained":["Phantasmal Killer"]},{"damage_healed":0.0,"max_hp_gain":0.0,"max_hp_loss":0.0,"gold_gain":0.0,"event_name":"Upgrade Shrine","player_choice":"Upgraded","floor":36.0,"gold_loss":0.0,"damage_taken":0.0,"cards_upgraded":["After Image"]},{"damage_healed":0.0,"max_hp_gain":0.0,"max_hp_loss":0.0,"gold_gain":0.0,"event_name":"SensoryStone","player_choice":"Memory 1","floor":39.0,"gold_loss":0.0,"damage_taken":0.0},{"damage_healed":0.0,"max_hp_gain":0.0,"max_hp_loss":0.0,"gold_gain":0.0,"event_name":"Match and Keep!","player_choice":"2 cards matched","floor":44.0,"gold_loss":0.0,"damage_taken":0.0,"cards_obtained":["Impatience","Neutralize"]},{"damage_healed":0,"gold_gain":0,"player_choice":"Leave","damage_taken":0,"max_hp_gain":0,"max_hp_loss":0,"event_name":"FaceTrader","floor":48,"gold_loss":0}],"is_beta":false,"boss_relics":[{"not_picked":["White Beast Statue","Calling Bell"],"picked":"Tiny House"},{"not_picked":["Snecko Eye","Runic Dome","Cursed Key"]}],"items_purged_floors":[2,41],"is_endless":false,"potions_floor_spawned":[4,5,8,12,13,16,22,30,33,35,38,42,45],"killed_by":"Donu and Deca","ascension_level":7}