{"gold_per_floor":[114,131,146,159,159,188,188,204,204,230,49,49,65,100,100,202,202,216,236,250,267,267,295,295,306,330,342,380,40,40,57,57,157,157,169,269,289,307,307,336,355,94,94,122,122,150,150,160,160,160],"floor_reached":50,"playtime":3953,"items_purged":["Regret","Dual Wield","Defend_R"],"score":887,"play_id":"f9454b69-7fc7-428d-9df8-8de65908fb27","local_time":"20190717181231","is_ascension_mode":true,"campfire_choices":[{"data":"True Grit","floor":7,"key":"SMITH"},{"data":"Immolate","floor":15,"key":"SMITH"},{"data":"Whirlwind","floor":27,"key":"SMITH"},{"data":"Feed","floor":30,"key":"SMITH"},{"data":"Barricade","floor":32,"key":"SMITH"},{"data":"Juggernaut","floor":45,"key":"SMITH"},{"data":"Inflame","floor":47,"key":"SMITH"},{"data":"Bludgeon","floor":49,"key":"SMITH"}],"neow_cost":"PERCENT_DAMAGE","seed_source_timestamp":779424958852448,"circlet_count":0,"master_deck":["Defend_R","Defend_R","Bludgeon+1","True Grit+1","Thunderclap","Whirlwind+1","Inflame+1","Iron Wave","Immolate+1","Feed+1","Ghostly Armor","Juggernaut+1","Iron Wave+1","Armaments+1","Bite","Bite","Bite","Bite","Bite","Twin Strike+1","Ghostly","Ghostly","Ghostly","Ghostly","Ghostly","Feel No Pain+1","Barricade+1","Berserk","Shrug It Off+1","Spot Weakness+1","Iron Wave+1","Feel No Pain+1","Flame Barrier+1","True Grit+1"],"relics":["Burning Blood","Mummified Hand","The Courier","Pantograph","Happy Flower","Question Card","Mark of Pain","Unceasing Top","MawBank","Incense Burner","TheAbacus","Bag of Preparation","Empty Cage","Turnip","Mercury Hourglass","Chemical X","Bottled Flame","Potion Belt","Smiling Mask"],"potions_floor_usage":[6,14,19,20,20,36,38,41,41,41,48],"damage_taken":[{"damage":12,"enemies":"Jaw Worm","floor":1,"turns":2},{"damage":4,"enemies":"2 Louse","floor":2,"turns":3},{"damage":5,"enemies":"Small Slimes","floor":3,"turns":2},{"damage":9,"enemies":"Blue Slaver","floor":4,"turns":3},{"damage":16,"enemies":"Gremlin Nob","floor":6,"turns":3},{"damage":14,"enemies":"Gremlin Gang","floor":8,"turns":4},{"damage":17,"enemies":"3 Sentries","floor":10,"turns":6},{"damage":0,"enemies":"Large Slime","floor":13,"turns":2},{"damage":11,"enemies":"Gremlin Nob","floor":14,"turns":3},{"damage":20,"enemies":"Slime Boss","floor":16,"turns":7},{"damage":23,"enemies":"Spheric Guardian","floor":18,"turns":4},{"damage":7,"enemies":"3 Byrds","floor":19,"turns":2},{"damage":0,"enemies":"Snecko","floor":20,"turns":3},{"damage":1,"enemies":"Sentry and Sphere","floor":21,"turns":3},{"damage":53,"enemies":"Slavers","floor":23,"turns":5},{"damage":3,"enemies":"Centurion and Healer","floor":25,"turns":8},{"damage":16,"enemies":"Gremlin Leader","floor":28,"turns":5},{"damage":0,"enemies":"Chosen and Byrds","floor":31,"turns":3},{"damage":16,"enemies":"Automaton","floor":33,"turns":10},{"damage":0,"enemies":"3 Darklings","floor":35,"turns":6},{"damage":1,"enemies":"Mind Bloom Boss Battle","floor":36,"turns":8},{"damage":1,"enemies":"3 Shapes","floor":37,"turns":3},{"damage":0,"enemies":"Maw","floor":38,"turns":9},{"damage":33,"enemies":"Giant Head","floor":40,"turns":9},{"damage":0,"enemies":"Jaw Worm Horde","floor":41,"turns":4},{"damage":0,"enemies":"Nemesis","floor":44,"turns":9},{"damage":0,"enemies":"Giant Head","floor":46,"turns":8},{"damage":17,"enemies":"4 Shapes","floor":48,"turns":2},{"damage":49,"enemies":"Time Eater","floor":50,"turns":8}],"seed_played":"-3354589470210138990","potions_obtained":[{"floor":2,"key":"Fire Potion"},{"floor":3,"key":"GamblersBrew"},{"floor":14,"key":"LiquidBronze"},{"floor":16,"key":"Poison Potion"},{"floor":18,"key":"Strength Potion"},{"floor":25,"key":"Explosive Potion"},{"floor":31,"key":"Poison Potion"},{"floor":35,"key":"SpeedPotion"},{"floor":36,"key":"Explosive Potion"},{"floor":40,"key":"Poison Potion"},{"floor":46,"key":"Fire Potion"}],"is_trial":false,"path_per_floor":["M","M","M","M","?","E","R","M","T","E","$","?","M","E","R","B",null,"M","M","M","M","?","E","?","M","T","R","E","$","R","M","R","B",null,"M","?","M","M","?","E","M","$","T","E","R","E","R","M","R","B"],"character_chosen":"IRONCLAD","items_purchased":["Immolate","TheAbacus","Bag of Preparation","Chemical X"],"campfire_rested":0,"item_purchase_floors":[11,29,29,42],"current_hp_per_floor":[45,47,48,45,45,35,35,27,27,16,16,16,22,17,17,28,67,50,49,58,63,58,19,19,31,31,31,21,21,21,29,29,31,31,35,35,35,35,35,12,20,20,20,39,39,39,39,30,30,0],"gold":160,"neow_bonus":"THREE_RARE_CARDS","is_prod":false,"is_daily":false,"chose_seed":false,"campfire_upgraded":8,"win_rate":0,"timestamp":1563412351,"path_taken":["M","M","M","M","?","E","R","M","T","E","$","?","M","E","R","BOSS","M","M","M","M","?","E","?","M","T","R","E","$","R","M","R","BOSS","M","?","M","M","?","E","?","$","T","E","R","E","R","M","R","BOSS"],"build_version":"2019-07-05","purchased_purges":3,"victory":false,"max_hp_per_floor":[80,80,80,80,80,80,80,80,80,80,80,80,80,80,80,80,80,80,80,83,83,58,62,31,31,31,31,31,31,31,31,31,31,31,35,35,35,35,35,39,39,39,39,39,39,39,39,39,39,39],"card_choices":[{"not_picked":["Berserk","Exhume"],"picked":"Bludgeon","floor":0},{"not_picked":["Flame Barrier","Inflame"],"picked":"True Grit","floor":1},{"not_picked":["Wild Strike","Sentinel"],"picked":"Thunderclap","floor":2},{"not_picked":["Wild Strike","Infernal Blade"],"picked":"Cleave","floor":3},{"not_picked":["Reckless Charge","Inflame"],"picked":"Whirlwind","floor":4},{"not_picked":["Wild Strike","Blood for Blood"],"picked":"Inflame","floor":6},{"not_picked":["Hemokinesis","Cleave"],"picked":"Iron Wave","floor":8},{"not_picked":["Warcry","Cleave"],"picked":"Dual Wield","floor":10},{"not_picked":["Carnage","Shrug It Off"],"picked":"Feed","floor":13},{"not_picked":["Body Slam","Perfected Strike"],"picked":"Ghostly Armor","floor":14},{"not_picked":["Offering","Double Tap","Impervious"],"picked":"Juggernaut","floor":16},{"not_picked":["Sword Boomerang+1","Shockwave","Headbutt"],"picked":"Iron Wave+1","floor":18},{"not_picked":["Uppercut","Blood for Blood","Burning Pact","Pommel Strike+1"],"picked":"SKIP","floor":19},{"not_picked":["Headbutt","Perfected Strike","Sword Boomerang+1","Dual Wield+1"],"picked":"SKIP","floor":20},{"not_picked":["Clothesline+1","Rupture","Warcry"],"picked":"Armaments+1","floor":21},{"not_picked":["Juggernaut","Warcry","Bloodletting+1"],"picked":"Twin Strike+1","floor":23},{"not_picked":["Body Slam+1","Reckless Charge","Power Through"],"picked":"Feel No Pain+1","floor":25},{"not_picked":["Flex+1","Blood for Blood","True Grit","Clash"],"picked":"SKIP","floor":28},{"not_picked":["Flex","Reckless Charge","Body Slam"],"picked":"Barricade","floor":31},{"not_picked":["Exhume","Immolate","Bludgeon"],"picked":"Berserk","floor":33},{"not_picked":["Clash+1","Sword Boomerang+1","Armaments"],"picked":"Shrug It Off+1","floor":35},{"not_picked":["True Grit","Whirlwind","Searing Blow","Infernal Blade"],"picked":"SKIP","floor":37},{"not_picked":["Disarm+1","Anger+1","Heavy Blade+1"],"picked":"Spot Weakness+1","floor":38},{"not_picked":["Clothesline+1","Sever Soul","Clash+1"],"picked":"Iron Wave+1","floor":40},{"not_picked":["Perfected Strike+1","Havoc+1","Corruption"],"picked":"Feel No Pain+1","floor":41},{"not_picked":["Anger","Sword Boomerang+1","Reaper"],"picked":"Flame Barrier+1","floor":44},{"not_picked":["Searing Blow","Sentinel","Corruption+1"],"picked":"True Grit+1","floor":46},{"not_picked":["Second Wind","Dual Wield","Cleave+1","Shrug It Off+1"],"picked":"SKIP","floor":48}],"player_experience":335868,"relics_obtained":[{"floor":6,"key":"The Courier"},{"floor":9,"key":"Pantograph"},{"floor":10,"key":"Happy Flower"},{"floor":14,"key":"Question Card"},{"floor":23,"key":"Unceasing Top"},{"floor":26,"key":"MawBank"},{"floor":28,"key":"Incense Burner"},{"floor":36,"key":"Turnip"},{"floor":40,"key":"Mercury Hourglass"},{"floor":43,"key":"Bottled Flame"},{"floor":44,"key":"Potion Belt"},{"floor":46,"key":"Smiling Mask"}],"event_choices":[{"damage_healed":0,"gold_gain":0,"player_choice":"Box","damage_taken":0,"relics_obtained":["Mummified Hand"],"max_hp_gain":0,"max_hp_loss":0,"event_name":"Big Fish","floor":5,"gold_loss":0,"cards_obtained":["Regret"]},{"damage_healed":0,"gold_gain":0,"player_choice":"Ignored","damage_taken":0,"max_hp_gain":0,"max_hp_loss":0,"event_name":"Shining Light","floor":12,"gold_loss":0},{"damage_healed":0,"gold_gain":0,"player_choice":"Became a vampire","damage_taken":0,"max_hp_gain":0,"max_hp_loss":25,"event_name":"Vampires","floor":22,"gold_loss":0,"cards_obtained":["Bite","Bite","Bite","Bite","Bite"]},{"damage_healed":0,"gold_gain":0,"player_choice":"Became a Ghost","damage_taken":0,"max_hp_gain":0,"max_hp_loss":31,"event_name":"Ghosts","floor":24,"gold_loss":0,"cards_obtained":["Ghostly","Ghostly","Ghostly","Ghostly","Ghostly"]},{"damage_healed":0,"gold_gain":0,"player_choice":"Fight","damage_taken":0,"max_hp_gain":0,"max_hp_loss":0,"event_name":"MindBloom","floor":36,"gold_loss":0},{"cards_removed":["Defend_R"],"damage_healed":0,"gold_gain":0,"player_choice":"Purged","damage_taken":0,"max_hp_gain":0,"max_hp_loss":0,"event_name":"Purifier","floor":39,"gold_loss":0}],"is_beta":false,"boss_relics":[{"not_picked":["Velvet Choker","Ectoplasm"],"picked":"Mark of Pain"},{"not_picked":["Orrery","Pandora\u0027s Box"],"picked":"Empty Cage"}],"items_purged_floors":[11,29,42],"is_endless":false,"potions_floor_spawned":[2,3,14,16,18,25,31,35,36,40,46],"killed_by":"Time Eater","ascension_level":6}