{"gold_per_floor":[118,118,68,81,81,107,107,133,163,163,163,163,176,196,196,300,300,300,240,240,240,240,240,240],"floor_reached":24,"playtime":951,"items_purged":[],"score":330,"play_id":"48fbb71b-9020-4e54-9414-fccd39f952c1","local_time":"20181022152404","is_ascension_mode":true,"campfire_choices":[{"data":"Sunder","floor":7.0,"key":"SMITH"},{"data":"Sweeping Beam","floor":10.0,"key":"SMITH"},{"data":"Zap","floor":12.0,"key":"SMITH"},{"data":"Fusion","floor":15.0,"key":"SMITH"},{"floor":23,"key":"REST"}],"neow_cost":"NONE","seed_source_timestamp":793645250008703,"circlet_count":0,"master_deck":["Strike_B+1","Strike_B","Defend_B","Defend_B","Defend_B+1","Defend_B","Zap+1","AscendersBane","Sunder+1","Sweeping Beam+1","Tempest","Fusion+1","Multi-Cast","Electrodynamics","Conserve Battery","Coolheaded","Conserve Battery"],"special_seed":0,"relics":["Cracked Core","Letter Opener","Bag of Marbles","Tiny Chest","Ectoplasm"],"potions_floor_usage":[24],"damage_taken":[{"damage":10.0,"enemies":"2 Louse","floor":1.0,"turns":3.0},{"damage":2.0,"enemies":"Jaw Worm","floor":4.0,"turns":3.0},{"damage":20.0,"enemies":"Gremlin Nob","floor":6.0,"turns":4.0},{"damage":4.0,"enemies":"3 Sentries","floor":8.0,"turns":5.0},{"damage":0.0,"enemies":"Small Slimes","floor":13.0,"turns":1.0},{"damage":0.0,"enemies":"3 Louse","floor":14.0,"turns":2.0},{"damage":1.0,"enemies":"Slime Boss","floor":16.0,"turns":7.0},{"damage":7,"enemies":"Chosen","floor":18,"turns":3},{"damage":27,"enemies":"2 Thieves","floor":19,"turns":3},{"damage":0,"enemies":"Snake Plant","floor":20,"turns":2},{"damage":26,"enemies":"Sentry and Sphere","floor":21,"turns":4},{"damage":25,"enemies":"Book of Stabbing","floor":24,"turns":3}],"seed_played":"-6629694383271075399","potions_obtained":[{"floor":13.0,"key":"Energy Potion"},{"floor":14.0,"key":"Block Potion"},{"floor":21,"key":"Poison Potion"}],"is_trial":false,"path_per_floor":["M","?","?","M","?","E","R","E","T","R","?","R","M","M","R","B",null,"M","M","M","M","?","R"],"character_chosen":"DEFECT","items_purchased":[],"campfire_rested":1,"item_purchase_floors":[],"current_hp_per_floor":[58,75,75,73,58,38,38,34,34,34,27,27,27,27,27,26,63,56,29,29,3,3,25,0],"gold":240,"neow_bonus":"REMOVE_CARD","is_prod":false,"is_daily":false,"chose_seed":false,"campfire_upgraded":4,"win_rate":0,"timestamp":1540236244,"path_taken":["M","?","?","M","?","E","R","E","T","R","?","R","M","?","R","BOSS","M","?","M","M","?","R","E"],"build_version":"2018-10-18","purchased_purges":0,"victory":false,"max_hp_per_floor":[75,75,75,75,75,75,75,75,75,75,75,75,75,75,75,75,75,75,75,75,75,75,75,75],"card_choices":[{"not_picked":["Leap","Rebound"],"picked":"Sunder","floor":1.0},{"not_picked":["Cold Snap","Stack"],"picked":"Sweeping Beam","floor":4.0},{"not_picked":["Loop","Heatsinks","Aggregate"],"picked":"SKIP","floor":6.0},{"not_picked":["Rebound","White Noise"],"picked":"Tempest","floor":8.0},{"not_picked":["Auto Shields","Ball Lightning"],"picked":"Fusion","floor":13.0},{"not_picked":["Sweeping Beam","Hologram"],"picked":"Multi-Cast","floor":14.0},{"not_picked":["All For One","Core Surge"],"picked":"Electrodynamics","floor":16.0},{"not_picked":["Rebound+1","Stack"],"picked":"Conserve Battery","floor":18},{"not_picked":["Streamline","Cold Snap"],"picked":"Coolheaded","floor":19},{"not_picked":["Cold Snap","Lockon"],"picked":"Conserve Battery","floor":20},{"not_picked":["Sweeping Beam","Hello World","Turbo"],"picked":"SKIP","floor":21}],"player_experience":540162,"relics_obtained":[{"floor":6.0,"key":"Letter Opener"},{"floor":8.0,"key":"Bag of Marbles"},{"floor":9.0,"key":"Tiny Chest"}],"event_choices":[{"damage_healed":25.0,"max_hp_gain":0.0,"max_hp_loss":0.0,"gold_gain":0.0,"event_name":"Big Fish","player_choice":"Banana","floor":2.0,"gold_loss":0.0,"damage_taken":0.0},{"cards_removed":["Strike_B"],"damage_healed":0.0,"max_hp_gain":0.0,"max_hp_loss":0.0,"gold_gain":0.0,"event_name":"The Cleric","player_choice":"Card Removal","floor":3.0,"gold_loss":50.0,"damage_taken":0.0},{"damage_healed":0.0,"max_hp_gain":0.0,"max_hp_loss":0.0,"gold_gain":0.0,"event_name":"Shining Light","player_choice":"Entered Light","floor":5.0,"gold_loss":0.0,"damage_taken":15.0,"cards_upgraded":["Strike_B","Defend_B"]},{"cards_removed":["Strike_B"],"damage_healed":0.0,"max_hp_gain":0.0,"max_hp_loss":0.0,"gold_gain":0.0,"event_name":"Golden Wing","player_choice":"Card Removal","floor":11.0,"gold_loss":0.0,"damage_taken":7.0},{"damage_healed":0,"gold_gain":0,"player_choice":"Ignored","damage_taken":0,"max_hp_gain":0,"max_hp_loss":0,"event_name":"Vampires","floor":22,"gold_loss":0}],"is_beta":false,"boss_relics":[{"not_picked":["Astrolabe","Empty Cage"],"picked":"Ectoplasm"}],"items_purged_floors":[],"is_endless":false,"potions_floor_spawned":[13,14,21],"killed_by":"Book of Stabbing","ascension_level":12}