{"gold_per_floor":[210,220,21,21,21,21,55,55,82,95,115,139,159,195,195,291,291,309,332,24,43,56,56,70,20,45,68,91,91,12,30,30,30],"floor_reached":33,"playtime":1397,"items_purged":["Strike_R","Strike_R","Strike_R"],"score":473,"play_id":"64ef3016-4e61-4aa8-a902-1831f8fde92a","local_time":"20181008070449","is_ascension_mode":true,"campfire_choices":[{"data":"Flex","floor":6.0,"key":"SMITH"},{"data":"Spot Weakness","floor":8.0,"key":"SMITH"},{"data":"True Grit","floor":15,"key":"SMITH"},{"floor":23,"key":"REST"},{"floor":29,"key":"REST"},{"floor":32,"key":"REST"}],"neow_cost":"NONE","seed_source_timestamp":2297412823050371,"circlet_count":0,"master_deck":["Strike_R","Defend_R","Defend_R","Defend_R","Defend_R","Bash","AscendersBane","Iron Wave","Headbutt","Flex+1","Pummel","Spot Weakness+1","True Grit+1","Pummel","Heavy Blade","Disarm","Evolve","Demon Form","Pommel Strike","Whirlwind","Ghostly Armor","Metallicize","Shrug It Off","Pommel Strike"],"special_seed":0,"relics":["Burning Blood","Golden Idol","Bottled Lightning","Bag of Marbles","Smiling Mask","Sozu","Chemical X","Bag of Preparation"],"potions_floor_usage":[14,16],"damage_taken":[{"damage":18.0,"enemies":"Jaw Worm","floor":1.0,"turns":4.0},{"damage":5.0,"enemies":"Small Slimes","floor":2.0,"turns":3.0},{"damage":18.0,"enemies":"Gremlin Nob","floor":7.0,"turns":3.0},{"damage":0.0,"enemies":"2 Louse","floor":10.0,"turns":1.0},{"damage":4.0,"enemies":"Exordium Wildlife","floor":11.0,"turns":4.0},{"damage":4.0,"enemies":"Red Slaver","floor":12.0,"turns":2.0},{"damage":0.0,"enemies":"Looter","floor":13.0,"turns":1.0},{"damage":1,"enemies":"Lagavulin","floor":14,"turns":5},{"damage":55,"enemies":"Slime Boss","floor":16,"turns":10},{"damage":6,"enemies":"3 Byrds","floor":18,"turns":4},{"damage":7,"enemies":"Chosen","floor":19,"turns":3},{"damage":18,"enemies":"Snake Plant","floor":21,"turns":4},{"damage":28,"enemies":"Sentry and Sphere","floor":22,"turns":4},{"damage":12,"enemies":"Cultist and Chosen","floor":24,"turns":4},{"damage":31,"enemies":"Centurion and Healer","floor":27,"turns":4},{"damage":0,"enemies":"Snake Plant","floor":28,"turns":1},{"damage":4,"enemies":"Snecko","floor":31,"turns":4},{"damage":68,"enemies":"Automaton","floor":33,"turns":6}],"seed_played":"3945723397153690374","potions_obtained":[{"floor":11.0,"key":"Poison Potion"},{"floor":12.0,"key":"Block Potion"},{"floor":13.0,"key":"Block Potion"}],"is_trial":false,"path_per_floor":["M","M","$","?","?","R","E","R","T","M","M","M","M","E","R","B",null,"M","M","$","M","M","R","M","$","T","M","M","R","$","M","R"],"character_chosen":"IRONCLAD","items_purchased":["Flex","Pummel","Whirlwind","Chemical X","Pommel Strike"],"campfire_rested":3,"item_purchase_floors":[3,3,20,20,30],"current_hp_per_floor":[56,57,57,57,57,57,45,45,45,51,53,55,61,66,66,17,55,55,54,54,42,20,40,34,34,34,9,15,35,35,37,57,0],"gold":30,"neow_bonus":"HUNDRED_GOLD","is_prod":false,"is_daily":false,"chose_seed":false,"campfire_upgraded":3,"win_rate":0,"timestamp":1538996689,"path_taken":["M","M","$","?","?","R","E","R","T","M","M","M","M","E","R","BOSS","M","M","$","M","M","R","M","$","T","M","M","R","$","M","R","BOSS"],"build_version":"2018-10-04v2","purchased_purges":3,"victory":false,"max_hp_per_floor":[75,75,75,68,68,68,68,68,68,68,68,68,68,68,68,68,68,68,68,68,68,68,68,68,68,68,68,68,68,68,68,68,68],"card_choices":[{"not_picked":["Sword Boomerang","Reckless Charge"],"picked":"Iron Wave","floor":1.0},{"not_picked":["Dropkick","True Grit"],"picked":"Headbutt","floor":2.0},{"not_picked":["Clothesline","Thunderclap"],"picked":"Spot Weakness","floor":7.0},{"not_picked":["Twin Strike","Pommel Strike"],"picked":"True Grit","floor":10.0},{"not_picked":["Clash","Fire Breathing"],"picked":"Pummel","floor":11.0},{"not_picked":["Infernal Blade","Rupture"],"picked":"Heavy Blade","floor":12.0},{"not_picked":["Pommel Strike","Twin Strike"],"picked":"Disarm","floor":13.0},{"not_picked":["Juggernaut","Thunderclap"],"picked":"Evolve","floor":14},{"not_picked":["Brutality","Feed"],"picked":"Demon Form","floor":16},{"not_picked":["Headbutt","Iron Wave"],"picked":"Pommel Strike","floor":18},{"not_picked":["Havoc","Intimidate","Pommel Strike"],"picked":"SKIP","floor":19},{"not_picked":["Warcry","Headbutt","Immolate"],"picked":"SKIP","floor":21},{"not_picked":["Fire Breathing","Hemokinesis","Blood for Blood"],"picked":"SKIP","floor":22},{"not_picked":["Body Slam","Thunderclap"],"picked":"Ghostly Armor","floor":24},{"not_picked":["Clothesline","Inflame"],"picked":"Metallicize","floor":27},{"not_picked":["Shockwave","Cleave+1"],"picked":"Shrug It Off","floor":28},{"not_picked":["Flex","Carnage","True Grit"],"picked":"SKIP","floor":31}],"player_experience":472210,"relics_obtained":[{"floor":7.0,"key":"Bottled Lightning"},{"floor":9.0,"key":"Bag of Marbles"},{"floor":14,"key":"Smiling Mask"},{"floor":26,"key":"Bag of Preparation"}],"event_choices":[{"event_name":"Golden Idol","player_choice":"Lose Max HP","floor":4.0,"damage_taken":0.0},{"event_name":"Living Wall","player_choice":"Forget","floor":5.0,"damage_taken":0.0}],"is_beta":false,"boss_relics":[{"not_picked":["Ectoplasm","Tiny House"],"picked":"Sozu"}],"items_purged_floors":[3,25,30],"is_endless":false,"potions_floor_spawned":[11,12,13,19,22,24,28],"killed_by":"Automaton","ascension_level":16}