{"gold_per_floor":[115,40,40,56,79,79,117,164,164,64,77,77,121,136,136,257,257,277,298,373,248,98,98,137,155,155,188,202,202,302,322,322,453,516,530,32,32],"floor_reached":37,"playtime":2924,"items_purged":["Strike_R","Defend_R","Defend_R","Strike_R"],"score":442,"play_id":"3ce494c5-044d-4eee-8caf-983e964cee84","local_time":"20190704130119","is_ascension_mode":false,"campfire_choices":[{"data":"Armaments","floor":6,"key":"SMITH"},{"data":"Berserk","floor":12,"key":"SMITH"},{"data":"Armaments","floor":15,"key":"SMITH"},{"floor":23,"key":"RECALL"},{"data":"Metallicize","floor":32,"key":"SMITH"}],"neow_cost":"TEN_PERCENT_HP_LOSS","seed_source_timestamp":105318169444994,"circlet_count":0,"master_deck":["Strike_R","Strike_R","Defend_R","Bash+1","Iron Wave","Armaments+1","Shrug It Off","Berserk+1","Blood for Blood","Armaments+1","Barricade","True Grit+1","Cleave","Cleave","Dropkick","Metallicize+1","Sentinel+1","Blood for Blood","Burning Pact+1","Impervious","Iron Wave+1","Flame Barrier+1","Flame Barrier","Flash of Steel"],"relics":["Burning Blood","Golden Idol","Juzu Bracelet","Kunai","Ancient Tea Set","Coffee Dripper","Bottled Flame","Mercury Hourglass","Matryoshka","Tiny House","Oddly Smooth Stone","ClockworkSouvenir"],"potions_floor_usage":[11,16,24,24,27,27,33,37],"damage_taken":[{"damage":9,"enemies":"Jaw Worm","floor":1,"turns":4},{"damage":1,"enemies":"Cultist","floor":4,"turns":4},{"damage":1,"enemies":"2 Louse","floor":5,"turns":2},{"damage":28,"enemies":"Gremlin Nob","floor":7,"turns":5},{"damage":11,"enemies":"Gremlin Gang","floor":11,"turns":6},{"damage":0,"enemies":"Lagavulin","floor":13,"turns":8},{"damage":0,"enemies":"Red Slaver","floor":14,"turns":4},{"damage":16,"enemies":"Hexaghost","floor":16,"turns":9},{"damage":0,"enemies":"Chosen","floor":18,"turns":5},{"damage":1,"enemies":"Shell Parasite","floor":19,"turns":7},{"damage":51,"enemies":"Book of Stabbing","floor":24,"turns":5},{"damage":4,"enemies":"Chosen and Byrds","floor":25,"turns":7},{"damage":19,"enemies":"Slavers","floor":27,"turns":4},{"damage":0,"enemies":"Centurion and Healer","floor":28,"turns":6},{"damage":7,"enemies":"Cultist and Chosen","floor":31,"turns":8},{"damage":5,"enemies":"Champ","floor":33,"turns":12},{"damage":2,"enemies":"3 Darklings","floor":35,"turns":5},{"damage":77,"enemies":"2 Orb Walkers","floor":37,"turns":5}],"seed_played":"5806309147421171010","potions_obtained":[{"floor":1,"key":"Dexterity Potion"},{"floor":5,"key":"SpeedPotion"},{"floor":7,"key":"Energy Potion"},{"floor":11,"key":"Fire Potion"},{"floor":16,"key":"LiquidBronze"},{"floor":25,"key":"BloodPotion"},{"floor":28,"key":"Block Potion"},{"floor":33,"key":"Strength Potion"},{"floor":34,"key":"Block Potion"}],"is_trial":false,"path_per_floor":["M","$","?","M","M","R","E","T","T","$","M","R","E","M","R","B",null,"M","M","?","$","$","R","E","M","T","E","M","?","?","M","R","B",null,"M","$","?"],"character_chosen":"IRONCLAD","items_purchased":["Oddly Smooth Stone","ClockworkSouvenir","Flame Barrier","Flash of Steel"],"campfire_rested":0,"item_purchase_floors":[36,36,36,36],"current_hp_per_floor":[69,69,51,56,61,61,39,39,39,39,34,34,40,46,46,36,72,72,72,65,65,65,65,20,22,22,27,33,33,33,32,32,33,77,77,77,0],"gold":32,"neow_bonus":"REMOVE_TWO","is_prod":false,"is_daily":false,"chose_seed":false,"campfire_upgraded":4,"win_rate":0,"timestamp":1562270479,"path_taken":["M","$","?","M","M","R","E","?","T","$","M","R","E","M","R","BOSS","M","M","?","?","$","R","E","M","T","E","M","?","?","M","R","BOSS","M","$","?"],"build_version":"2019-07-01","purchased_purges":4,"victory":false,"max_hp_per_floor":[72,72,72,72,72,72,72,72,72,72,72,72,72,72,72,72,72,72,72,72,72,72,72,72,72,72,72,72,72,72,72,72,72,77,77,77,77],"card_choices":[{"not_picked":["Power Through","Clash"],"picked":"Iron Wave","floor":1},{"not_picked":["Iron Wave","Whirlwind"],"picked":"Armaments","floor":4},{"not_picked":["Ghostly Armor","Uppercut","Entrench"],"picked":"SKIP","floor":5},{"not_picked":["Flex","Thunderclap"],"picked":"Shrug It Off","floor":7},{"not_picked":["Wild Strike","Thunderclap"],"picked":"Berserk","floor":11},{"not_picked":["Perfected Strike","Sever Soul"],"picked":"Blood for Blood","floor":13},{"not_picked":["Power Through","Anger"],"picked":"Armaments","floor":14},{"not_picked":["Berserk","Brutality"],"picked":"Barricade","floor":16},{"not_picked":["Ghostly Armor","Heavy Blade"],"picked":"True Grit+1","floor":18},{"not_picked":["Pommel Strike","True Grit+1"],"picked":"Cleave","floor":19},{"not_picked":["Havoc","Warcry"],"picked":"Cleave","floor":24},{"not_picked":["Exhume","Headbutt+1"],"picked":"Dropkick","floor":25},{"not_picked":["Armaments","Double Tap"],"picked":"Metallicize","floor":27},{"not_picked":["Twin Strike","Anger"],"picked":"Sentinel+1","floor":28},{"not_picked":["Whirlwind","Second Wind"],"picked":"Burning Pact+1","floor":31},{"not_picked":["Barricade","Reaper"],"picked":"Impervious","floor":33},{"not_picked":["True Grit","Combust"],"picked":"Iron Wave+1","floor":34},{"not_picked":["Havoc","Clothesline+1"],"picked":"Flame Barrier+1","floor":35}],"player_experience":165720,"relics_obtained":[{"floor":7,"key":"Juzu Bracelet"},{"floor":9,"key":"Kunai"},{"floor":13,"key":"Ancient Tea Set"},{"floor":24,"key":"Bottled Flame"},{"floor":26,"key":"Mercury Hourglass"},{"floor":27,"key":"Matryoshka"}],"event_choices":[{"damage_healed":0,"gold_gain":0,"player_choice":"Take Damage","damage_taken":18,"relics_obtained":["Golden Idol"],"max_hp_gain":0,"max_hp_loss":0,"event_name":"Golden Idol","floor":3,"gold_loss":0},{"damage_healed":0,"gold_gain":75,"player_choice":"Touch","damage_taken":7,"max_hp_gain":0,"max_hp_loss":0,"event_name":"FaceTrader","floor":20,"gold_loss":0},{"damage_healed":0,"gold_gain":0,"player_choice":"Copied","damage_taken":0,"max_hp_gain":0,"max_hp_loss":0,"event_name":"Duplicator","floor":29,"gold_loss":0,"cards_obtained":["Blood for Blood"]},{"damage_healed":0,"gold_gain":100,"player_choice":"Pray","damage_taken":0,"max_hp_gain":0,"max_hp_loss":0,"event_name":"Golden Shrine","floor":30,"gold_loss":0},{"damage_healed":0,"gold_gain":0,"player_choice":"Fight","damage_taken":0,"max_hp_gain":0,"max_hp_loss":0,"event_name":"Mysterious Sphere","floor":37,"gold_loss":0}],"is_beta":false,"boss_relics":[{"not_picked":["Runic Pyramid","Sozu"],"picked":"Coffee Dripper"},{"not_picked":["Snecko Eye","Busted Crown"],"picked":"Tiny House"}],"items_purged_floors":[2,10,21,22],"is_endless":false,"potions_floor_spawned":[1,5,7,11,16,18,25,28,33],"killed_by":"2 Orb Walkers","ascension_level":0}