{"gold_per_floor":[110,129,204,214,92,92,92,105,129,129,129,154,166,193,205,315,327,354,351,288,399,411,448,360,376,427,114,114,124,134,150,150,254,254,267,93,103,123,139,139,139,155,227,240,19,38,138,149,149,149],"floor_reached":51,"playtime":2730,"items_purged":["Strike_R","Strike_R","Strike_R","Defend_R"],"score":765,"play_id":"280c3c2e-bea6-4433-97bc-348b2e386d9b","local_time":"20190112054907","is_ascension_mode":false,"campfire_choices":[{"data":"Armaments","floor":6.0,"key":"SMITH"},{"data":"Body Slam","floor":10.0,"key":"SMITH"},{"data":"Bash","floor":13.0,"key":"SMITH"},{"data":"Shrug It Off","floor":15.0,"key":"SMITH"},{"data":"Body Slam","floor":28,"key":"SMITH"},{"data":"Barricade","floor":32,"key":"SMITH"},{"floor":40,"key":"DIG"},{"floor":49,"key":"DIG"}],"neow_cost":"NONE","seed_source_timestamp":0,"circlet_count":0,"master_deck":["Defend_R","Defend_R","Defend_R","Bash+1","Body Slam+1","True Grit+1","Armaments+1","Shrug It Off+1","Shrug It Off","Shrug It Off+1","Barricade+1","Body Slam+1","Shrug It Off","Shrug It Off","Warcry+1","Impervious+1","Battle Trance+1"],"special_seed":0,"relics":["Burning Blood","Orichalcum","MawBank","Sozu","Centennial Puzzle","Red Skull","Shovel","Coffee Dripper","Toxic Egg 2","Mercury Hourglass","Thread and Needle","Art of War"],"potions_floor_usage":[50,50,50],"damage_taken":[{"damage":1.0,"enemies":"Cultist","floor":1.0,"turns":4.0},{"damage":2.0,"enemies":"Jaw Worm","floor":2.0,"turns":5.0},{"damage":0.0,"enemies":"2 Louse","floor":4.0,"turns":3.0},{"damage":1.0,"enemies":"Exordium Wildlife","floor":8.0,"turns":5.0},{"damage":0.0,"enemies":"Blue Slaver","floor":12.0,"turns":4.0},{"damage":0.0,"enemies":"3 Louse","floor":14.0,"turns":3.0},{"damage":77.0,"enemies":"Slime Boss","floor":16.0,"turns":22.0},{"damage":6,"enemies":"Shell Parasite","floor":18,"turns":7},{"damage":4,"enemies":"2 Thieves","floor":19,"turns":4},{"damage":26,"enemies":"Book of Stabbing","floor":23,"turns":7},{"damage":0,"enemies":"3 Cultists","floor":25,"turns":5},{"damage":1,"enemies":"Snake Plant","floor":29,"turns":3},{"damage":3,"enemies":"Centurion and Healer","floor":30,"turns":5},{"damage":0,"enemies":"Cultist and Chosen","floor":31,"turns":5},{"damage":6,"enemies":"Automaton","floor":33,"turns":10},{"damage":0,"enemies":"3 Darklings","floor":35,"turns":6},{"damage":0,"enemies":"Orb Walker","floor":37,"turns":3},{"damage":0,"enemies":"Sphere and 2 Shapes","floor":38,"turns":6},{"damage":0,"enemies":"4 Shapes","floor":39,"turns":5},{"damage":0,"enemies":"Maw","floor":42,"turns":5},{"damage":0,"enemies":"Spire Growth","floor":44,"turns":3},{"damage":0,"enemies":"Sphere and 2 Shapes","floor":46,"turns":3},{"damage":0,"enemies":"Mind Bloom Boss Battle","floor":47,"turns":3},{"damage":0,"enemies":"Transient","floor":48,"turns":5},{"damage":0,"enemies":"Donu and Deca","floor":50,"turns":6}],"seed_played":"-5554502828657692208","potions_obtained":[{"floor":1.0,"key":"Strength Potion"},{"floor":2.0,"key":"Dexterity Potion"},{"floor":16.0,"key":"Ancient Potion"}],"is_trial":false,"path_per_floor":["M","M","?","M","$","R","?","M","T","R","?","M","R","M","R","B",null,"M","M","?","?","?","E","$","M","T","$","R","M","M","M","R","B",null,"M","$","M","M","M","R","?","M","T","M","$","M","?","M","R","B",null],"character_chosen":"IRONCLAD","items_purchased":["Shrug It Off","Shovel","Shrug It Off","Impervious+1"],"campfire_rested":0,"item_purchase_floors":[5,27,36,45],"current_hp_per_floor":[80,80,69,75,75,75,75,80,80,80,80,80,80,80,80,9,80,80,80,80,80,65,45,45,51,51,51,51,56,59,65,65,65,85,85,85,85,85,85,85,85,85,85,85,85,85,85,85,85,85],"gold":149,"neow_bonus":"TRANSFORM_CARD","is_prod":false,"is_daily":false,"chose_seed":false,"campfire_upgraded":6,"win_rate":0,"timestamp":1547290147,"path_taken":["M","M","?","M","$","R","?","?","T","R","?","?","R","M","R","BOSS","M","M","?","?","?","E","$","M","T","$","R","M","M","M","R","BOSS","M","$","M","M","M","R","?","?","T","M","$","M","?","M","R","BOSS"],"build_version":"2019-01-10","purchased_purges":4,"victory":true,"max_hp_per_floor":[80,80,80,80,80,80,80,80,80,80,80,80,80,80,80,80,80,80,80,80,80,85,85,85,85,85,85,85,85,85,85,85,85,85,85,85,85,85,85,85,85,85,85,85,85,85,85,85,85,85],"card_choices":[{"not_picked":["Power Through","Reckless Charge"],"picked":"True Grit","floor":1.0},{"not_picked":["Pommel Strike","Disarm"],"picked":"Armaments","floor":2.0},{"not_picked":["Thunderclap","Twin Strike","Clothesline"],"picked":"SKIP","floor":4.0},{"not_picked":["Sword Boomerang","Flame Barrier"],"picked":"Shrug It Off","floor":8.0},{"not_picked":["Warcry","Sword Boomerang","Pummel"],"picked":"SKIP","floor":12.0},{"not_picked":["Perfected Strike","Pommel Strike"],"picked":"Shrug It Off","floor":14.0},{"not_picked":["Offering","Juggernaut"],"picked":"Barricade","floor":16.0},{"not_picked":["Cleave","Twin Strike+1","Pummel+1"],"picked":"SKIP","floor":18},{"not_picked":["Clash","Pommel Strike"],"picked":"Body Slam","floor":19},{"not_picked":["True Grit+1","Reckless Charge+1","Sever Soul"],"picked":"SKIP","floor":23},{"not_picked":["Havoc","True Grit","Thunderclap"],"picked":"SKIP","floor":25},{"not_picked":["Dark Embrace","Rupture","Armaments+1"],"picked":"SKIP","floor":29},{"not_picked":["Hemokinesis+1","Havoc","Thunderclap"],"picked":"SKIP","floor":30},{"not_picked":["Twin Strike","Disarm","Perfected Strike"],"picked":"SKIP","floor":31},{"not_picked":["Corruption+1","Burning Pact","Pummel+1"],"picked":"SKIP","floor":35},{"not_picked":["Warcry","Armaments+1","Body Slam"],"picked":"SKIP","floor":37},{"not_picked":["Iron Wave+1","Havoc","Heavy Blade+1"],"picked":"SKIP","floor":38},{"not_picked":["Armaments+1","Clothesline+1"],"picked":"Shrug It Off","floor":39},{"not_picked":["Brutality","Perfected Strike"],"picked":"Warcry+1","floor":42},{"not_picked":["Perfected Strike+1","Thunderclap+1","Flex+1"],"picked":"SKIP","floor":44},{"not_picked":["Headbutt+1","Body Slam+1","Sword Boomerang+1"],"picked":"SKIP","floor":46},{"not_picked":["Combust+1","Second Wind+1"],"picked":"Battle Trance+1","floor":47},{"not_picked":["Flex+1","Wild Strike+1","Immolate"],"picked":"SKIP","floor":48}],"player_experience":697352,"relics_obtained":[{"floor":9.0,"key":"Orichalcum"},{"floor":11.0,"key":"MawBank"},{"floor":23,"key":"Centennial Puzzle"},{"floor":26,"key":"Red Skull"},{"floor":40,"key":"Toxic Egg 2"},{"floor":43,"key":"Mercury Hourglass"},{"floor":47,"key":"Thread and Needle"},{"floor":49,"key":"Art of War"}],"event_choices":[{"damage_healed":0.0,"max_hp_gain":0.0,"max_hp_loss":0.0,"gold_gain":75.0,"event_name":"World of Goop","player_choice":"Gather Gold","floor":3.0,"gold_loss":0.0,"damage_taken":11.0},{"damage_healed":0.0,"max_hp_gain":0.0,"max_hp_loss":0.0,"gold_gain":0.0,"event_name":"Accursed Blacksmith","player_choice":"Forge","floor":7.0,"gold_loss":0.0,"damage_taken":0.0,"cards_upgraded":["True Grit"]},{"damage_healed":0.0,"max_hp_gain":0.0,"max_hp_loss":0.0,"gold_gain":0.0,"event_name":"Wheel of Change","player_choice":"Relic","floor":11.0,"gold_loss":0.0,"damage_taken":0.0},{"cards_removed":["Strike_R"],"damage_healed":0,"gold_gain":0,"player_choice":"Gave Gold","damage_taken":0,"max_hp_gain":0,"max_hp_loss":0,"event_name":"Beggar","floor":20,"gold_loss":75},{"damage_healed":0,"gold_gain":99,"player_choice":"Stole From Cult","damage_taken":0,"max_hp_gain":0,"max_hp_loss":0,"event_name":"Nest","floor":21,"gold_loss":0},{"damage_healed":0,"gold_gain":0,"player_choice":"Shed Blood","damage_taken":20,"max_hp_gain":5,"max_hp_loss":0,"event_name":"Forgotten Altar","floor":22,"gold_loss":0},{"damage_healed":0,"gold_gain":0,"player_choice":"Upgraded","damage_taken":0,"max_hp_gain":0,"max_hp_loss":0,"event_name":"Upgrade Shrine","floor":41,"gold_loss":0,"cards_upgraded":["Shrug It Off"]},{"damage_healed":0,"gold_gain":0,"player_choice":"Fight","damage_taken":0,"max_hp_gain":0,"max_hp_loss":0,"event_name":"MindBloom","floor":47,"gold_loss":0}],"is_beta":false,"boss_relics":[{"not_picked":["Calling Bell","Empty Cage"],"picked":"Sozu"},{"not_picked":["Pandora\u0027s Box","Philosopher\u0027s Stone"],"picked":"Coffee Dripper"}],"items_purged_floors":[5,24,36,45],"is_endless":false,"potions_floor_spawned":[1,2,16,18,23,37,38,42,47],"ascension_level":0}