{"gold_per_floor":[117,131,143,161,177,210,227,227,299,299,324,55,115,15,15,114,164,183,201,111,130,143,143,143],"floor_reached":24,"playtime":1368,"items_purged":["Defend_B","Strike_B"],"score":220,"play_id":"68a3b180-c0e2-4907-8582-2bcab987621f","local_time":"20190806002816","is_ascension_mode":false,"campfire_choices":[{"data":"Zap","floor":15,"key":"SMITH"},{"data":"Leap","floor":23,"key":"SMITH"}],"neow_cost":"NONE","seed_source_timestamp":55757511775770,"circlet_count":0,"master_deck":["Strike_B","Strike_B+1","Defend_B","Defend_B","Zap+1","Dualcast","Sweeping Beam","Gash+1","Leap+1"],"relics":["Cracked Core","Molten Egg 2","Blood Vial","Meat on the Bone","Incense Burner","Lee\u0027s Waffle","Tiny Chest","Tiny House"],"potions_floor_usage":[4,4,6,16,18,21],"damage_taken":[{"damage":0,"enemies":"Small Slimes","floor":1,"turns":4},{"damage":1,"enemies":"2 Louse","floor":2,"turns":2},{"damage":0,"enemies":"Cultist","floor":3,"turns":3},{"damage":6,"enemies":"Large Slime","floor":4,"turns":4},{"damage":4,"enemies":"Blue Slaver","floor":5,"turns":4},{"damage":20,"enemies":"Gremlin Nob","floor":6,"turns":4},{"damage":22,"enemies":"Exordium Thugs","floor":7,"turns":7},{"damage":12,"enemies":"3 Sentries","floor":11,"turns":8},{"damage":32,"enemies":"Gremlin Nob","floor":13,"turns":4},{"damage":50,"enemies":"Slime Boss","floor":16,"turns":9},{"damage":0,"enemies":"Shell Parasite","floor":18,"turns":7},{"damage":11,"enemies":"Chosen","floor":19,"turns":4},{"damage":31,"enemies":"Snecko","floor":21,"turns":9},{"damage":38,"enemies":"Snake Plant","floor":22,"turns":5},{"damage":28,"enemies":"Masked Bandits","floor":24,"turns":3}],"seed_played":"7846737119873541964","potions_obtained":[{"floor":2,"key":"Energy Potion"},{"floor":3,"key":"Weak Potion"},{"floor":5,"key":"SteroidPotion"},{"floor":13,"key":"GamblersBrew"},{"floor":17,"key":"Energy Potion"},{"floor":18,"key":"Weak Potion"}],"is_trial":false,"path_per_floor":["M","M","M","M","M","E","M","?","T","?","E","$","E","$","R","B",null,"M","M","?","M","M","R","?"],"character_chosen":"DEFECT","items_purchased":["Lee\u0027s Waffle"],"campfire_rested":0,"item_purchase_floors":[12],"current_hp_per_floor":[75,74,74,68,64,44,22,22,22,22,24,82,50,50,50,14,87,87,76,76,47,23,23,0],"gold":143,"neow_bonus":"TRANSFORM_CARD","is_prod":false,"is_daily":false,"chose_seed":false,"campfire_upgraded":2,"win_rate":0,"timestamp":1565076496,"path_taken":["M","M","M","M","M","E","M","?","T","?","E","$","E","$","R","BOSS","M","M","?","?","M","R","?"],"build_version":"2019-07-17","purchased_purges":2,"victory":false,"max_hp_per_floor":[75,75,75,75,75,75,75,75,75,75,75,82,82,82,82,82,87,87,87,87,87,87,87,87],"card_choices":[{"not_picked":["Rebound","Genetic Algorithm","Darkness"],"picked":"SKIP","floor":1},{"not_picked":["Go for the Eyes","Compile Driver"],"picked":"Gash","floor":2},{"not_picked":["Compile Driver","Storm","Turbo"],"picked":"SKIP","floor":3},{"not_picked":["Genetic Algorithm","Loop","Beam Cell"],"picked":"SKIP","floor":4},{"not_picked":["Streamline","Coolheaded"],"picked":"Leap","floor":5},{"not_picked":["Go for the Eyes","Force Field","Ball Lightning"],"picked":"SKIP","floor":6},{"not_picked":["Go for the Eyes","Force Field","Ball Lightning"],"picked":"SKIP","floor":6},{"not_picked":["Beam Cell+1","Redo","Stack"],"picked":"SKIP","floor":7},{"not_picked":["Rainbow","Redo","Cold Snap+1"],"picked":"SKIP","floor":11},{"not_picked":["Rip and Tear+1","Storm","Recycle"],"picked":"SKIP","floor":13},{"not_picked":["Steam","Scrape+1","Sunder+1"],"picked":"SKIP","floor":18},{"not_picked":["Self Repair","Beam Cell+1","Turbo"],"picked":"SKIP","floor":19},{"not_picked":["Turbo","Scrape+1","Fusion"],"picked":"SKIP","floor":21},{"not_picked":["Turbo","Scrape+1","Fusion"],"picked":"SKIP","floor":21},{"not_picked":["Ball Lightning+1","Conserve Battery","Sweeping Beam+1"],"picked":"SKIP","floor":22}],"player_experience":485339,"relics_obtained":[{"floor":6,"key":"Molten Egg 2"},{"floor":9,"key":"Meat on the Bone"},{"floor":11,"key":"Incense Burner"},{"floor":13,"key":"Tiny Chest"}],"event_choices":[{"damage_healed":0,"gold_gain":0,"player_choice":"Searched \u00271\u0027 times","damage_taken":0,"relics_obtained":["Blood Vial"],"max_hp_gain":0,"max_hp_loss":0,"event_name":"Dead Adventurer","floor":8,"gold_loss":0},{"damage_healed":0,"gold_gain":0,"player_choice":"Ignored","damage_taken":0,"max_hp_gain":0,"max_hp_loss":0,"event_name":"Liars Game","floor":10,"gold_loss":0},{"cards_removed":["Defend_B"],"damage_healed":0,"gold_gain":0,"player_choice":"Upgrade and Remove","damage_taken":0,"max_hp_gain":0,"max_hp_loss":0,"event_name":"Designer","floor":20,"gold_loss":90,"cards_upgraded":["Gash"]},{"damage_healed":0,"gold_gain":0,"player_choice":"Fought Bandits","damage_taken":0,"max_hp_gain":0,"max_hp_loss":0,"event_name":"Masked Bandits","floor":24,"gold_loss":0}],"is_beta":false,"boss_relics":[{"not_picked":["Runic Pyramid","Fusion Hammer"],"picked":"Tiny House"}],"items_purged_floors":[12,14],"is_endless":false,"potions_floor_spawned":[2,3,5,13,18],"killed_by":"Masked Bandits","ascension_level":0}