{"gold_per_floor":[119,39,52,71,87,87,187,217,268,268,50,50,76,96,96,191,191,210,222,222,222,251,251,285,2,2,2,12,12,32,63,63,163,163,177,188,208,226,241,270,270,290,361,375,33,62,79,131,131,131],"floor_reached":51,"playtime":3499,"items_purged":["Strike_R","Regret"],"score":1078,"play_id":"19f0b795-eab7-4542-800e-4f3028a9e73a","local_time":"20190719201039","is_ascension_mode":true,"campfire_choices":[{"data":"Uppercut","floor":6,"key":"SMITH"},{"floor":10,"key":"REST"},{"data":"True Grit","floor":15,"key":"SMITH"},{"data":"Heavy Blade","floor":23,"key":"SMITH"},{"data":"Panacea","floor":27,"key":"SMITH"},{"floor":29,"key":"REST"},{"floor":32,"key":"REST"},{"data":"Limit Break","floor":41,"key":"SMITH"},{"data":"Offering","floor":49,"key":"SMITH"}],"neow_cost":"NONE","seed_source_timestamp":959757310047565,"circlet_count":0,"master_deck":["Defend_R+1","Defend_R+1","Defend_R+1","Defend_R+1","Bash","Heavy Blade+1","True Grit+1","Uppercut+1","Feed","Anger","Reaper","Wild Strike+1","Twin Strike+1","Bite","Bite","Bite","Bite","Bite","Spot Weakness+1","Panacea+1","Shrug It Off+1","Shockwave+1","Limit Break+1","Feel No Pain+1","Rampage","Whirlwind+1","Flame Barrier","Evolve+1","Reaper","Havoc+1","Inflame","Battle Trance","Pummel","Offering+1"],"relics":["Burning Blood","NeowsBlessing","Pantograph","Juzu Bracelet","Potion Belt","Pen Nib","Peace Pipe","Philosopher\u0027s Stone","Red Mask","Mercury Hourglass","TheAbacus","Shuriken","Charon\u0027s Ashes","Cursed Key","Bag of Marbles","Self Forming Clay","HandDrill","Oddly Smooth Stone","Pocketwatch"],"potions_floor_usage":[5,13,14,31,37,38,46,46,50,50,50,50,50,50,50],"damage_taken":[{"damage":0,"enemies":"2 Louse","floor":1,"turns":1},{"damage":0,"enemies":"Cultist","floor":3,"turns":1},{"damage":0,"enemies":"Jaw Worm","floor":4,"turns":1},{"damage":20,"enemies":"Exordium Thugs","floor":5,"turns":5},{"damage":34,"enemies":"Lagavulin","floor":8,"turns":8},{"damage":28,"enemies":"3 Sentries","floor":13,"turns":8},{"damage":32,"enemies":"Gremlin Gang","floor":14,"turns":6},{"damage":33,"enemies":"Hexaghost","floor":16,"turns":9},{"damage":24,"enemies":"Shell Parasite","floor":18,"turns":6},{"damage":5,"enemies":"Chosen","floor":19,"turns":3},{"damage":39,"enemies":"Masked Bandits","floor":22,"turns":4},{"damage":25,"enemies":"Slavers","floor":24,"turns":5},{"damage":28,"enemies":"Shelled Parasite and Fungi","floor":28,"turns":3},{"damage":3,"enemies":"Centurion and Healer","floor":30,"turns":3},{"damage":45,"enemies":"Gremlin Leader","floor":31,"turns":7},{"damage":23,"enemies":"Champ","floor":33,"turns":8},{"damage":11,"enemies":"Orb Walker","floor":35,"turns":3},{"damage":4,"enemies":"3 Shapes","floor":36,"turns":3},{"damage":1,"enemies":"Jaw Worm Horde","floor":37,"turns":3},{"damage":26,"enemies":"3 Darklings","floor":38,"turns":4},{"damage":0,"enemies":"Transient","floor":39,"turns":5},{"damage":44,"enemies":"Reptomancer","floor":40,"turns":4},{"damage":28,"enemies":"Maw","floor":42,"turns":6},{"damage":30,"enemies":"4 Shapes","floor":44,"turns":4},{"damage":8,"enemies":"Giant Head","floor":46,"turns":5},{"damage":7,"enemies":"Sphere and 2 Shapes","floor":47,"turns":2},{"damage":9,"enemies":"2 Orb Walkers","floor":48,"turns":2},{"damage":57,"enemies":"Awakened One","floor":50,"turns":6}],"seed_played":"-6477153504923430216","potions_obtained":[{"floor":3,"key":"SkillPotion"},{"floor":8,"key":"Swift Potion"},{"floor":13,"key":"BloodPotion"},{"floor":19,"key":"EntropicBrew"},{"floor":30,"key":"SkillPotion"},{"floor":31,"key":"SteroidPotion"},{"floor":33,"key":"Explosive Potion"},{"floor":36,"key":"PowerPotion"},{"floor":39,"key":"Energy Potion"},{"floor":44,"key":"SkillPotion"},{"floor":46,"key":"Poison Potion"}],"is_trial":false,"path_per_floor":["M","?","M","M","M","R","?","E","T","R","$","?","E","M","R","B",null,"M","M","?","?","?","R","E","$","T","R","M","R","M","E","R","B",null,"M","M","M","M","M","E","R","M","T","M","$","E","M","?","R","B",null],"character_chosen":"IRONCLAD","items_purchased":["Pen Nib","TheAbacus","Panacea","HandDrill","Battle Trance"],"campfire_rested":3,"item_purchase_floors":[11,25,25,45,45],"current_hp_per_floor":[78,78,80,80,66,66,66,38,38,62,62,46,24,21,21,19,67,55,56,56,56,37,37,29,29,29,29,23,41,48,38,56,57,60,64,64,67,47,61,42,42,43,43,62,62,70,69,70,70,70],"gold":131,"neow_bonus":"THREE_ENEMY_KILL","is_prod":false,"is_daily":false,"chose_seed":false,"campfire_upgraded":6,"win_rate":0,"timestamp":1563592239,"path_taken":["M","?","?","M","M","R","?","E","T","R","?","?","E","M","R","BOSS","M","M","?","?","?","R","E","$","T","R","M","R","M","E","R","BOSS","M","M","M","M","M","E","R","M","T","M","$","E","M","?","R","BOSS"],"build_version":"2019-07-17","purchased_purges":2,"victory":true,"max_hp_per_floor":[80,80,80,80,80,80,80,80,80,80,80,80,80,83,83,83,83,83,83,58,58,58,58,61,61,61,61,61,61,61,61,61,61,61,64,64,67,67,67,70,70,70,70,70,70,70,70,70,70,70],"card_choices":[{"not_picked":["Searing Blow","Sever Soul"],"picked":"Heavy Blade","floor":1},{"not_picked":["Shrug It Off","Clothesline"],"picked":"True Grit","floor":3},{"not_picked":["Cleave","Headbutt"],"picked":"Uppercut","floor":4},{"not_picked":["Cleave","Burning Pact","Dual Wield"],"picked":"SKIP","floor":5},{"not_picked":["Headbutt","Uppercut","Perfected Strike"],"picked":"SKIP","floor":8},{"not_picked":["Hemokinesis","Pommel Strike"],"picked":"Feed","floor":13},{"not_picked":["Thunderclap","Sentinel"],"picked":"Anger","floor":14},{"not_picked":["Double Tap","Exhume"],"picked":"Reaper","floor":16},{"not_picked":["Cleave+1","True Grit"],"picked":"Wild Strike+1","floor":18},{"not_picked":["Feel No Pain","Seeing Red"],"picked":"Twin Strike+1","floor":19},{"not_picked":["Twin Strike","Sentinel"],"picked":"Spot Weakness+1","floor":24},{"not_picked":["Clash","Heavy Blade","Body Slam"],"picked":"SKIP","floor":28},{"not_picked":["Offering","Power Through"],"picked":"Shrug It Off+1","floor":30},{"not_picked":["Pommel Strike","Battle Trance+1"],"picked":"Shockwave+1","floor":31},{"not_picked":["Impervious","Fiend Fire"],"picked":"Limit Break","floor":33},{"not_picked":["True Grit+1","Warcry+1"],"picked":"Feel No Pain+1","floor":35},{"not_picked":["True Grit","Clothesline+1"],"picked":"Rampage","floor":36},{"not_picked":["Thunderclap","Rage+1"],"picked":"Whirlwind+1","floor":37},{"not_picked":["Thunderclap","Headbutt+1"],"picked":"Flame Barrier","floor":38},{"not_picked":["Armaments+1","Cleave"],"picked":"Evolve+1","floor":39},{"not_picked":["Bloodletting","Anger"],"picked":"Reaper","floor":40},{"not_picked":["Anger","Shrug It Off"],"picked":"Havoc+1","floor":42},{"not_picked":["Headbutt","Heavy Blade+1"],"picked":"Inflame","floor":44},{"not_picked":["Clash+1","Flex"],"picked":"Pummel","floor":46},{"not_picked":["Wild Strike+1","Headbutt+1"],"picked":"Offering","floor":47}],"player_experience":359254,"relics_obtained":[{"floor":8,"key":"Juzu Bracelet"},{"floor":9,"key":"Potion Belt"},{"floor":13,"key":"Peace Pipe"},{"floor":22,"key":"Red Mask"},{"floor":24,"key":"Mercury Hourglass"},{"floor":26,"key":"Shuriken"},{"floor":31,"key":"Charon\u0027s Ashes"},{"floor":40,"key":"Bag of Marbles"},{"floor":43,"key":"Self Forming Clay"},{"floor":46,"key":"Oddly Smooth Stone"},{"floor":48,"key":"Pocketwatch"}],"event_choices":[{"damage_healed":0,"gold_gain":0,"player_choice":"Paid Gold","damage_taken":0,"relics_obtained":["Pantograph"],"max_hp_gain":0,"max_hp_loss":0,"event_name":"WeMeetAgain","floor":2,"gold_loss":80},{"damage_healed":0,"gold_gain":100,"player_choice":"Gold","damage_taken":0,"max_hp_gain":0,"max_hp_loss":0,"event_name":"Wheel of Change","floor":7,"gold_loss":0},{"damage_healed":0,"gold_gain":0,"player_choice":"Entered Light","damage_taken":16,"max_hp_gain":0,"max_hp_loss":0,"event_name":"Shining Light","floor":12,"gold_loss":0,"cards_upgraded":["Defend_R","Strike_R"]},{"damage_healed":0,"gold_gain":0,"player_choice":"Became a vampire","damage_taken":0,"max_hp_gain":0,"max_hp_loss":25,"event_name":"Vampires","floor":20,"gold_loss":0,"cards_obtained":["Bite","Bite","Bite","Bite","Bite"]},{"damage_healed":0,"gold_gain":0,"player_choice":"Simplicity","damage_taken":0,"max_hp_gain":0,"max_hp_loss":0,"event_name":"Back to Basics","floor":21,"gold_loss":0,"cards_upgraded":["Defend_R","Defend_R","Defend_R"]},{"damage_healed":0,"gold_gain":0,"player_choice":"Fought Bandits","damage_taken":0,"max_hp_gain":0,"max_hp_loss":0,"event_name":"Masked Bandits","floor":22,"gold_loss":0},{"damage_healed":0,"gold_gain":0,"player_choice":"Fight","damage_taken":0,"max_hp_gain":0,"max_hp_loss":0,"event_name":"Mysterious Sphere","floor":48,"gold_loss":0}],"is_beta":false,"boss_relics":[{"not_picked":["Pandora\u0027s Box","Black Blood"],"picked":"Philosopher\u0027s Stone"},{"not_picked":["Sozu","Astrolabe"],"picked":"Cursed Key"}],"items_purged_floors":[11,45],"is_endless":false,"potions_floor_spawned":[3,8,13,19,30,31,33,36,39,44,46],"ascension_level":8}