{"gold_per_floor":[15,29,29,47,116,151,151,484,557,607,623,340,365,381,381,483,483,493,458,508,521,28,57,67,117,144,162,288,288,316,334,334,429,429,446,458,45,148,198,223,223,256,256,256,132,142,29,45,45,45,45,45,24,51,51],"floor_reached":56,"playtime":5998,"items_purged":["Strike_B","Strike_B","Doubt"],"score":1663,"play_id":"86c027d7-3127-46c5-98fe-72c8ed56178c","local_time":"20190813211123","is_ascension_mode":true,"campfire_choices":[{"data":"Zap","floor":7.0,"key":"SMITH"},{"floor":15.0,"key":"REST"},{"data":"Echo Form","floor":29.0,"key":"SMITH"},{"data":"Defragment","floor":32.0,"key":"SMITH"},{"data":"Ghostly","floor":41.0,"key":"SMITH"},{"floor":44.0,"key":"RECALL"},{"data":"Seek","floor":49.0,"key":"SMITH"},{"data":"Go for the Eyes","floor":52.0,"key":"SMITH"}],"neow_cost":"NO_GOLD","seed_source_timestamp":0,"circlet_count":0,"master_deck":["Strike_B","Strike_B","Defend_B","Defend_B","Defend_B","Defend_B","Zap+1","Dualcast","Defragment+1","Coolheaded","Go for the Eyes+1","All For One","Glacier","Compile Driver","Echo Form+1","Gash","Coolheaded","Panacea","Loop+1","Ghostly","Ghostly","Ghostly","Ghostly","Ghostly+1","Machine Learning+1","Compile Driver+1","Defragment+1","Seek+1","Gash+1","Capacitor+1","Gash+1","Gash+1"],"special_seed":0,"relics":["FrozenCore","StoneCalendar","SsserpentHead","Blood Vial","Old Coin","Singing Bowl","Lantern","PreservedInsect","Meat on the Bone","Frozen Egg 2","Happy Flower","The Courier","Regal Pillow","Pear","Oddly Smooth Stone","Cursed Key","Membership Card","Bronze Scales","Strawberry","Prayer Wheel","Juzu Bracelet","Bottled Lightning","Anchor","OrangePellets"],"potions_floor_usage":[54,55,55],"damage_taken":[{"damage":7.0,"enemies":"Small Slimes","floor":1.0,"turns":4.0},{"damage":0.0,"enemies":"Cultist","floor":2.0,"turns":4.0},{"damage":12.0,"enemies":"Jaw Worm","floor":4.0,"turns":3.0},{"damage":3.0,"enemies":"Looter","floor":5.0,"turns":3.0},{"damage":22.0,"enemies":"3 Sentries","floor":6.0,"turns":7.0},{"damage":7.0,"enemies":"Lagavulin","floor":8.0,"turns":7.0},{"damage":6.0,"enemies":"Large Slime","floor":11.0,"turns":5.0},{"damage":4.0,"enemies":"Gremlin Nob","floor":13.0,"turns":5.0},{"damage":4.0,"enemies":"Blue Slaver","floor":14.0,"turns":3.0},{"damage":6.0,"enemies":"Slime Boss","floor":16.0,"turns":7.0},{"damage":7.0,"enemies":"Spheric Guardian","floor":18.0,"turns":7.0},{"damage":5.0,"enemies":"Chosen","floor":21.0,"turns":6.0},{"damage":32.0,"enemies":"Slavers","floor":23.0,"turns":6.0},{"damage":1.0,"enemies":"Snake Plant","floor":24.0,"turns":6.0},{"damage":0.0,"enemies":"3 Cultists","floor":27.0,"turns":7.0},{"damage":0.0,"enemies":"Gremlin Leader","floor":30.0,"turns":7.0},{"damage":0.0,"enemies":"Shelled Parasite and Fungi","floor":31.0,"turns":7.0},{"damage":16.0,"enemies":"Champ","floor":33.0,"turns":13.0},{"damage":0.0,"enemies":"Orb Walker","floor":35.0,"turns":7.0},{"damage":0.0,"enemies":"3 Darklings","floor":36.0,"turns":7.0},{"damage":24.0,"enemies":"2 Orb Walkers","floor":38.0,"turns":7.0},{"damage":0.0,"enemies":"Reptomancer","floor":40.0,"turns":7.0},{"damage":0.0,"enemies":"Nemesis","floor":42.0,"turns":7.0},{"damage":1.0,"enemies":"4 Shapes","floor":46.0,"turns":7.0},{"damage":0.0,"enemies":"Jaw Worm Horde","floor":48.0,"turns":7.0},{"damage":0.0,"enemies":"Awakened One","floor":50.0,"turns":10.0},{"damage":10,"enemies":"Shield and Spear","floor":54,"turns":7},{"damage":0,"enemies":"The Heart","floor":55,"turns":9}],"seed_played":"-8939589341276765891","potions_obtained":[{"floor":1.0,"key":"GamblersBrew"},{"floor":6.0,"key":"SpeedPotion"},{"floor":8.0,"key":"Fire Potion"},{"floor":13.0,"key":"AttackPotion"},{"floor":16.0,"key":"SmokeBomb"},{"floor":21.0,"key":"FearPotion"},{"floor":30.0,"key":"Explosive Potion"},{"floor":35.0,"key":"Dexterity Potion"},{"floor":40.0,"key":"Regen Potion"},{"floor":54,"key":"AttackPotion"}],"is_trial":false,"path_per_floor":["M","M","?","M","M","E","R","E","T","?","M","$","E","M","R","B",null,"M","?","?","M","$","E","M","?","T","M","T","R","E","M","R","B",null,"M","M","$","?","?","E","R","E","T","R","$","M","$","M","R","B",null,"R","$","E","B",null],"character_chosen":"DEFECT","items_purchased":["Lantern","Compile Driver","Frozen Egg 2","Happy Flower","Panacea","Membership Card","Bronze Scales","Defragment+1","Seek","Strawberry","Anchor","OrangePellets","Capacitor+1","SpeedPotion"],"campfire_rested":1,"item_purchase_floors":[12,12,22,22,22,37,37,37,37,37,45,47,47,53],"current_hp_per_floor":[68,68,68,56,53,31,31,26,26,26,24,24,24,24,48,44,81,74,74,74,71,71,43,44,41,41,41,51,51,53,55,55,41,57,59,59,66,44,44,46,46,65,65,65,65,70,70,72,72,74,74,74,74,66,68],"gold":51,"neow_bonus":"ONE_RARE_RELIC","is_prod":false,"is_daily":false,"chose_seed":false,"campfire_upgraded":6,"win_rate":0,"timestamp":1565719883,"path_taken":["M","M","?","M","?","E","R","E","T","?","M","$","E","M","R","BOSS","M","?","?","M","$","E","M","?","T","M","?","R","E","M","R","BOSS","M","M","$","?","?","E","R","E","T","R","$","M","$","M","R","BOSS","R","$","E","BOSS"],"build_version":"2019-07-17","purchased_purges":3,"victory":true,"max_hp_per_floor":[75,75,75,75,75,75,75,75,75,75,77,77,79,81,81,81,81,81,81,81,81,81,83,83,41,41,41,51,51,53,55,55,57,57,59,59,66,68,68,68,68,70,70,70,70,74,74,74,74,74,74,74,74,76,76],"card_choices":[{"not_picked":["Ball Lightning","Stack"],"picked":"Defragment","floor":1.0},{"not_picked":["Rebound","Scrape"],"picked":"Coolheaded","floor":2.0},{"not_picked":["Glacier","Rebound"],"picked":"Go for the Eyes","floor":4.0},{"not_picked":["Beam Cell","Hologram","Go for the Eyes"],"picked":"SKIP","floor":5.0},{"not_picked":["Consume","Rebound"],"picked":"All For One","floor":6.0},{"not_picked":["Streamline","Defragment"],"picked":"Glacier","floor":8.0},{"not_picked":["Blizzard","Streamline","Glacier"],"picked":"Singing Bowl","floor":11.0},{"not_picked":["Hologram","Tempest","Skim"],"picked":"Singing Bowl","floor":13.0},{"not_picked":["Conserve Battery","Cold Snap","Stack"],"picked":"Singing Bowl","floor":14.0},{"not_picked":["Core Surge","Hyperbeam"],"picked":"Echo Form","floor":16.0},{"not_picked":["Streamline","Tempest+1"],"picked":"Gash","floor":18.0},{"not_picked":["Leap","Go for the Eyes"],"picked":"Coolheaded","floor":21.0},{"not_picked":["Thunder Strike","Hologram","Turbo"],"picked":"Singing Bowl","floor":23.0},{"not_picked":["Gash","Beam Cell"],"picked":"Loop+1","floor":24.0},{"not_picked":["Tempest","Go for the Eyes"],"picked":"Machine Learning+1","floor":27.0},{"not_picked":["Glacier","Fusion","Go for the Eyes"],"picked":"Singing Bowl","floor":30.0},{"not_picked":["Doom and Gloom","Redo","Stack"],"picked":"Singing Bowl","floor":31.0},{"not_picked":["Machine Learning+1","Meteor Strike","Multi-Cast"],"picked":"Singing Bowl","floor":33.0},{"not_picked":["Redo","Double Energy","Barrage"],"picked":"Singing Bowl","floor":35.0},{"not_picked":["Steam","Cold Snap+1"],"picked":"Compile Driver+1","floor":36.0},{"not_picked":["Melter+1","Turbo","Fusion+1"],"picked":"Singing Bowl","floor":38.0},{"not_picked":["Static Discharge+1","Turbo+1"],"picked":"Gash+1","floor":40.0},{"not_picked":["Thunder Strike","Sweeping Beam+1","Conserve Battery"],"picked":"Singing Bowl","floor":42.0},{"not_picked":["Darkness","Scrape","Double Energy"],"picked":"Singing Bowl","floor":46.0},{"not_picked":["Go for the Eyes+1","Double Energy+1","Hologram"],"picked":"Singing Bowl","floor":46.0},{"not_picked":["Consume+1","Sweeping Beam+1"],"picked":"Gash+1","floor":48.0},{"not_picked":["Streamline+1","Redo+1"],"picked":"Gash+1","floor":48.0},{"not_picked":["Glacier+1","Aggregate+1","Cold Snap"],"picked":"Singing Bowl","floor":54}],"player_experience":189680,"relics_obtained":[{"floor":6.0,"key":"Blood Vial"},{"floor":8.0,"key":"Old Coin"},{"floor":9.0,"key":"Singing Bowl"},{"floor":13.0,"key":"PreservedInsect"},{"floor":23.0,"key":"The Courier"},{"floor":26.0,"key":"Regal Pillow"},{"floor":28.0,"key":"Pear"},{"floor":30.0,"key":"Oddly Smooth Stone"},{"floor":38.0,"key":"Prayer Wheel"},{"floor":40.0,"key":"Juzu Bracelet"},{"floor":42.0,"key":"Bottled Lightning"}],"event_choices":[{"damage_healed":0.0,"max_hp_gain":0.0,"max_hp_loss":0.0,"gold_gain":0.0,"event_name":"FaceTrader","player_choice":"Trade","floor":3.0,"gold_loss":0.0,"damage_taken":0.0,"relics_obtained":["SsserpentHead"]},{"damage_healed":0.0,"max_hp_gain":0.0,"max_hp_loss":0.0,"gold_gain":0.0,"event_name":"Shining Light","player_choice":"Ignored","floor":10.0,"gold_loss":0.0,"damage_taken":0.0},{"damage_healed":0.0,"max_hp_gain":0.0,"max_hp_loss":0.0,"gold_gain":0.0,"event_name":"Addict","player_choice":"Obtained Relic","floor":19.0,"gold_loss":85.0,"damage_taken":0.0,"relics_obtained":["Meat on the Bone"]},{"damage_healed":0.0,"max_hp_gain":0.0,"max_hp_loss":0.0,"gold_gain":0.0,"event_name":"Cursed Tome","player_choice":"Ignored","floor":20.0,"gold_loss":0.0,"damage_taken":0.0},{"damage_healed":0.0,"max_hp_gain":0.0,"max_hp_loss":42.0,"gold_gain":0.0,"event_name":"Ghosts","player_choice":"Became a Ghost","floor":25.0,"gold_loss":0.0,"damage_taken":0.0,"cards_obtained":["Ghostly","Ghostly","Ghostly","Ghostly","Ghostly"]},{"damage_healed":0.0,"max_hp_gain":0.0,"max_hp_loss":0.0,"gold_gain":0.0,"event_name":"Mysterious Sphere","player_choice":"Fight","floor":38.0,"gold_loss":0.0,"damage_taken":0.0},{"damage_healed":0.0,"max_hp_gain":0.0,"max_hp_loss":0.0,"gold_gain":0.0,"event_name":"Tomb of Lord Red Mask","player_choice":"Ignored","floor":39.0,"gold_loss":0.0,"damage_taken":0.0}],"is_beta":false,"boss_relics":[{"not_picked":["Pandora\u0027s Box","Ectoplasm"],"picked":"FrozenCore"},{"not_picked":["Astrolabe","Runic Dome"],"picked":"Cursed Key"}],"items_purged_floors":[12,37,45],"is_endless":false,"potions_floor_spawned":[1,6,8,13,16,21,27,30,31,35,40,54],"ascension_level":4}