{"gold_per_floor":[362,31,41,41,51,82,82,113,139,150,150,225,250,15,15,92,92,108,127,88,105,20,20,119,138,162,162,192,221,221,233,233,233],"floor_reached":33,"playtime":3190,"items_purged":["Pain"],"score":524,"play_id":"d7e24c1c-a119-4e47-bd1e-e933a9c5a68f","local_time":"20190330111544","is_ascension_mode":true,"campfire_choices":[{"data":"Neutralize","floor":7.0,"key":"SMITH"},{"data":"All Out Attack","floor":11.0,"key":"SMITH"},{"floor":15.0,"key":"REST"},{"floor":23.0,"key":"REST"},{"data":"After Image","floor":30,"key":"SMITH"},{"data":"Chrysalis","floor":32,"key":"SMITH"}],"neow_cost":"CURSE","seed_source_timestamp":0,"circlet_count":0,"master_deck":["AscendersBane","Survivor","Neutralize+1","Apotheosis+1","Unload","Bouncing Flask","All Out Attack+1","Deadly Poison","Deadly Poison","Footwork","Footwork","Malaise","Bane","Blade Dance","Flechettes","Blade Dance","Backstab","Dodge and Roll","Calculated Gamble","Acrobatics","Storm of Steel","Adrenaline","Backflip","Accuracy","After Image+1","Chrysalis+1","PiercingWail","Dodge and Roll+1"],"special_seed":0,"relics":["Ring of the Snake","Bronze Scales","Pen Nib","Anchor","Ornamental Fan","Membership Card","Pandora\u0027s Box","Smiling Mask","Red Mask","Blood Vial"],"potions_floor_usage":[28,29,33],"damage_taken":[{"damage":6.0,"enemies":"Cultist","floor":1.0,"turns":5.0},{"damage":1.0,"enemies":"Small Slimes","floor":3.0,"turns":5.0},{"damage":2.0,"enemies":"Jaw Worm","floor":5.0,"turns":3.0},{"damage":6.0,"enemies":"Gremlin Nob","floor":6.0,"turns":3.0},{"damage":10.0,"enemies":"3 Sentries","floor":8.0,"turns":6.0},{"damage":0.0,"enemies":"3 Louse","floor":10.0,"turns":2.0},{"damage":9.0,"enemies":"Gremlin Nob","floor":13.0,"turns":4.0},{"damage":8.0,"enemies":"Hexaghost","floor":16.0,"turns":8.0},{"damage":12.0,"enemies":"Shell Parasite","floor":18.0,"turns":4.0},{"damage":5.0,"enemies":"2 Thieves","floor":19.0,"turns":3.0},{"damage":0.0,"enemies":"Chosen and Byrds","floor":21.0,"turns":4.0},{"damage":9.0,"enemies":"Snecko","floor":25.0,"turns":5.0},{"damage":2,"enemies":"Masked Bandits","floor":28,"turns":4},{"damage":0,"enemies":"Gremlin Leader","floor":29,"turns":8},{"damage":0,"enemies":"Snake Plant","floor":31,"turns":5},{"damage":58,"enemies":"Collector","floor":33,"turns":6}],"seed_played":"-2514309955353766554","potions_obtained":[{"floor":3.0,"key":"GhostInAJar"},{"floor":5.0,"key":"Energy Potion"},{"floor":8.0,"key":"Block Potion"},{"floor":16.0,"key":"SpeedPotion"},{"floor":28,"key":"Fire Potion"},{"floor":31,"key":"Poison Potion"}],"is_trial":false,"path_per_floor":["M","$","M","?","M","E","R","E","T","M","R","?","E","$","R","B",null,"M","M","$","M","$","R","?","M","T","?","?","E","R","M","R","B"],"character_chosen":"THE_SILENT","items_purchased":["Apotheosis","Unload","Membership Card","Footwork","Accuracy","Chrysalis"],"campfire_rested":2,"item_purchase_floors":[2,2,14,14,20,22],"current_hp_per_floor":[53,53,52,52,50,44,44,34,34,34,34,23,14,14,33,25,56,44,39,39,39,39,58,58,49,49,49,47,47,47,49,49,0],"gold":233,"neow_bonus":"TWO_FIFTY_GOLD","is_prod":false,"is_daily":false,"chose_seed":false,"campfire_upgraded":4,"win_rate":0,"timestamp":1553958944,"path_taken":["M","$","M","?","M","E","R","E","T","M","R","?","E","?","R","BOSS","M","M","$","M","$","R","?","M","T","?","?","E","R","M","R","BOSS"],"build_version":"2019-01-23","purchased_purges":1,"victory":false,"max_hp_per_floor":[66,66,66,66,66,66,66,66,66,66,66,66,66,66,66,66,66,66,66,66,66,66,66,66,66,66,66,66,66,66,66,66,66],"card_choices":[{"not_picked":["Setup","Quick Slash"],"picked":"Bouncing Flask","floor":3.0},{"not_picked":["Expertise","Crippling Poison"],"picked":"All Out Attack","floor":5.0},{"not_picked":["Expertise","Leg Sweep"],"picked":"Deadly Poison","floor":6.0},{"not_picked":["Outmaneuver","Dagger Throw"],"picked":"Deadly Poison","floor":8.0},{"not_picked":["Riddle With Holes","Flying Knee","PiercingWail"],"picked":"SKIP","floor":10.0},{"not_picked":["Accuracy","Skewer"],"picked":"Footwork","floor":13.0},{"not_picked":["After Image","Die Die Die"],"picked":"Malaise","floor":16.0},{"not_picked":["Deflect","Prepared"],"picked":"Backflip","floor":18.0},{"not_picked":["Prepared","Bane","Deadly Poison"],"picked":"SKIP","floor":19.0},{"not_picked":["Prepared+1","Bane"],"picked":"After Image","floor":21.0},{"not_picked":["Catalyst","Endless Agony"],"picked":"PiercingWail","floor":25.0},{"not_picked":["Slice","Dagger Throw","Heel Hook"],"picked":"SKIP","floor":29},{"not_picked":["Endless Agony","Deadly Poison"],"picked":"Dodge and Roll+1","floor":31}],"player_experience":792046,"relics_obtained":[{"floor":6.0,"key":"Bronze Scales"},{"floor":8.0,"key":"Pen Nib"},{"floor":9.0,"key":"Anchor"},{"floor":13.0,"key":"Ornamental Fan"},{"floor":26.0,"key":"Smiling Mask"},{"floor":28,"key":"Red Mask"},{"floor":29,"key":"Blood Vial"}],"event_choices":[{"damage_healed":0.0,"max_hp_gain":0.0,"max_hp_loss":0.0,"gold_gain":0.0,"event_name":"Living Wall","player_choice":"Grow","floor":4.0,"gold_loss":0.0,"damage_taken":0.0,"cards_upgraded":["Apotheosis"]},{"damage_healed":0.0,"max_hp_gain":0.0,"max_hp_loss":0.0,"gold_gain":75.0,"event_name":"World of Goop","player_choice":"Gather Gold","floor":12.0,"gold_loss":0.0,"damage_taken":11.0},{"damage_healed":0.0,"max_hp_gain":0.0,"max_hp_loss":0.0,"gold_gain":99.0,"event_name":"Nest","player_choice":"Stole From Cult","floor":24.0,"gold_loss":0.0,"damage_taken":0.0},{"damage_healed":0.0,"max_hp_gain":0.0,"max_hp_loss":0.0,"gold_gain":0.0,"event_name":"Ghosts","player_choice":"Ignored","floor":27.0,"gold_loss":0.0,"damage_taken":0.0},{"damage_healed":0,"gold_gain":0,"player_choice":"Fought Bandits","damage_taken":0,"max_hp_gain":0,"max_hp_loss":0,"event_name":"Masked Bandits","floor":28,"gold_loss":0}],"is_beta":false,"boss_relics":[{"not_picked":["Astrolabe","Snecko Eye"],"picked":"Pandora\u0027s Box"}],"items_purged_floors":[2],"is_endless":false,"potions_floor_spawned":[3,5,8,10,16,18,19,28,31],"killed_by":"Collector","ascension_level":14}