{"path_per_floor":["M","M","$","?","?","R","E","R","T","R","$","M","R","E","R","B",null,"M","?","$","?","M","E","M","E","T","R","E","M","R","?","R"],"character_chosen":"IRONCLAD","items_purchased":["Omamori"],"gold_per_floor":[113,129,54,54,129,129,160,160,160,160,11,29,29,62,62,158,158,169,169,69,69,85,120,138,194,274,274,309,324,324,324,324],"floor_reached":33,"campfire_rested":2,"playtime":1469,"current_hp_per_floor":[72,72,72,65,54,54,44,44,44,44,44,46,46,17,38,33,62,56,56,56,56,58,52,54,47,47,47,54,56,56,56,79],"items_purged":["Strike_R","Defend_R"],"gold":324,"score":417,"play_id":"f3a0ac72-4322-4269-99c2-d9943db45840","is_prod":false,"is_daily":false,"is_ascension_mode":true,"campfire_upgraded":6,"path_taken":["M","M","$","?","?","R","E","R","T","R","$","M","R","E","R","BOSS","M","?","$","?","M","E","?","E","T","R","E","M","R","?","R","BOSS"],"build_version":"2018-02-15-PROD1","purchased_purges":2,"victory":false,"master_deck":["Strike_R","Defend_R+1","Defend_R+1","Defend_R+1","Bash+1","Rampage+1","Clash","Offering","Clash","Finesse+1","Writhe"],"max_hp_per_floor":[72,72,72,72,72,72,72,72,72,72,72,72,72,72,72,72,72,72,69,69,69,69,69,69,69,69,69,79,79,79,79,79],"relics":["Burning Blood","Gambling Chip","Omamori","Meat on the Bone","Calling Bell","Bag of Preparation","Ornamental Fan","Frozen Egg 2","Happy Flower","Tiny Chest","Smiling Mask","Pear","Bronze Scales"],"card_choices":[{"not_picked":["Burning Pact","Flex"],"picked":"Rampage"},{"not_picked":["Havoc","Anger"],"picked":"Clash"},{"not_picked":["Feed","Limit Break"],"picked":"Offering"},{"not_picked":["Uppercut","Shrug It Off"],"picked":"Clash"}],"player_experience":251039,"potions_floor_usage":[23,33],"damage_taken":[{"damage":4.0,"enemies":"2 Louse","floor":1.0,"turns":4.0},{"damage":6.0,"enemies":"Jaw Worm","floor":2.0,"turns":4.0},{"damage":16.0,"enemies":"Gremlin Nob","floor":7.0,"turns":3.0},{"damage":4,"enemies":"Small Slimes","floor":12,"turns":3},{"damage":35,"enemies":"3 Sentries","floor":14,"turns":12},{"damage":23,"enemies":"Hexaghost","floor":16,"turns":9},{"damage":12,"enemies":"Shell Parasite","floor":18,"turns":7},{"damage":4,"enemies":"2 Thieves","floor":22,"turns":4},{"damage":12,"enemies":"Book of Stabbing","floor":23,"turns":4},{"damage":4,"enemies":"Centurion and Healer","floor":24,"turns":3},{"damage":25,"enemies":"Gremlin Leader","floor":25,"turns":5},{"damage":9,"enemies":"Slavers","floor":28,"turns":6},{"damage":4,"enemies":"Snake Plant","floor":29,"turns":3},{"damage":102,"enemies":"Champ","floor":33,"turns":10}],"event_choices":[{"event_name":"Golden Wing","player_choice":"Card Removal","floor":4.0,"damage_taken":0.0},{"event_name":"World of Goop","player_choice":"Gather Gold","floor":5.0,"damage_taken":0.0},{"event_name":"Back to Basics","player_choice":"Elegance","floor":19,"damage_taken":0},{"event_name":"Match and Keep!","player_choice":"1 cards matched","floor":21,"damage_taken":0},{"event_name":"The Mausoleum","player_choice":"Yes","floor":31,"damage_taken":0}],"boss_relics":[{"not_picked":["Mark of Pain","White Beast Statue"],"picked":"Calling Bell"}],"potions_floor_spawned":[1,14,18,24,25],"seed_played":"7701291807604493042","killed_by":"Champ","ascension_level":7,"is_trial":false}