{"gold_per_floor":[116,129,129,58,71,71,83,83,151,26,41,76,96,106,106,207,207,226,141,41,59,59,91,125,143,143,93,93,21,21,40,40,145,145,158,158,158],"floor_reached":37,"playtime":3694,"items_purged":["Strike_G","Strike_G"],"score":409,"play_id":"aa687ea3-a69b-4738-8ce0-558921e8aa39","local_time":"20190302152241","is_ascension_mode":false,"campfire_choices":[{"data":"Finisher","floor":6.0,"key":"SMITH"},{"data":"Endless Agony","floor":8.0,"key":"SMITH"},{"floor":15.0,"key":"REST"},{"floor":30,"key":"REST"},{"floor":32,"key":"REST"}],"neow_cost":"NONE","seed_source_timestamp":0,"circlet_count":0,"master_deck":["Defend_G","Defend_G","Defend_G","Defend_G","Defend_G","Strike_G","Strike_G","Strike_G","Survivor","Neutralize","Blade Dance+1","Riddle With Holes","Finisher+1","Endless Agony+1","Backflip","Slice","Quick Slash","Flying Knee","Malaise","Doubt","Parasite","Infinite Blades","Blade Dance","Dodge and Roll","Prepared+1","Well Laid Plans","Infinite Blades+1","A Thousand Cuts"],"special_seed":0,"relics":["Ring of the Snake","Kunai","Juzu Bracelet","Calling Bell","WingedGreaves","Shuriken","Ancient Tea Set","Anchor","Nilry\u0027s Codex","Dream Catcher","Gremlin Horn","Meat on the Bone","Runic Pyramid"],"potions_floor_usage":[23,23,24,24],"damage_taken":[{"damage":0.0,"enemies":"2 Louse","floor":1.0,"turns":2.0},{"damage":0.0,"enemies":"Cultist","floor":2.0,"turns":4.0},{"damage":0.0,"enemies":"Jaw Worm","floor":5.0,"turns":3.0},{"damage":0.0,"enemies":"Blue Slaver","floor":7.0,"turns":1.0},{"damage":0.0,"enemies":"Looter","floor":11.0,"turns":3.0},{"damage":24.0,"enemies":"Lagavulin","floor":12.0,"turns":6.0},{"damage":19.0,"enemies":"Gremlin Gang","floor":13.0,"turns":3.0},{"damage":0.0,"enemies":"Large Slime","floor":14.0,"turns":3.0},{"damage":37.0,"enemies":"The Guardian","floor":16.0,"turns":10.0},{"damage":15.0,"enemies":"Shell Parasite","floor":18.0,"turns":5.0},{"damage":4,"enemies":"2 Thieves","floor":21,"turns":5},{"damage":1,"enemies":"Slavers","floor":23,"turns":5},{"damage":15,"enemies":"Book of Stabbing","floor":24,"turns":5},{"damage":22,"enemies":"3 Cultists","floor":25,"turns":5},{"damage":13,"enemies":"Chosen and Byrds","floor":31,"turns":5},{"damage":23,"enemies":"Champ","floor":33,"turns":8},{"damage":34,"enemies":"Orb Walker","floor":35,"turns":5},{"damage":45,"enemies":"3 Shapes","floor":37,"turns":6}],"seed_played":"8526728460664395575","potions_obtained":[{"floor":2.0,"key":"Energy Potion"},{"floor":5.0,"key":"SkillPotion"},{"floor":7.0,"key":"LiquidBronze"},{"floor":11.0,"key":"SkillPotion"},{"floor":18,"key":"Fire Potion"},{"floor":21,"key":"AttackPotion"},{"floor":23,"key":"GhostInAJar"}],"is_trial":false,"path_per_floor":["M","M","?","$","M","R","M","R","T","$","M","E","M","M","R","B",null,"M","?","$","M","?","E","E","M","T","?","?","$","R","M","R","B",null,"M","?","M"],"character_chosen":"THE_SILENT","items_purchased":["Finisher","Slice","Well Laid Plans"],"campfire_rested":3,"item_purchase_floors":[4,10,29],"current_hp_per_floor":[77,77,77,77,77,77,77,77,77,77,77,53,34,34,57,20,77,62,62,62,58,42,41,26,4,4,4,4,4,27,26,49,38,77,43,43,0],"gold":158,"neow_bonus":"TEN_PERCENT_HP_BONUS","is_prod":false,"is_daily":false,"chose_seed":false,"campfire_upgraded":2,"win_rate":0.0,"timestamp":1551568961,"path_taken":["M","M","?","$","M","R","M","R","T","?","?","E","M","M","R","BOSS","M","?","$","M","?","E","E","M","T","?","?","$","R","M","R","BOSS","M","?","M"],"build_version":"2019-01-23","purchased_purges":2,"victory":false,"max_hp_per_floor":[77,77,77,77,77,77,77,77,77,77,77,77,77,77,77,77,77,77,77,77,77,77,77,77,77,77,77,77,77,77,77,77,77,77,77,77,77],"card_choices":[{"not_picked":["Dodge and Roll","Outmaneuver"],"picked":"Blade Dance","floor":1.0},{"not_picked":["Eviscerate","Dash"],"picked":"Riddle With Holes","floor":2.0},{"not_picked":["Acrobatics","Sucker Punch"],"picked":"Endless Agony","floor":5.0},{"not_picked":["Deflect","Outmaneuver"],"picked":"Backflip","floor":7.0},{"not_picked":["Eviscerate","Dagger Throw"],"picked":"Quick Slash","floor":11.0},{"not_picked":["Dagger Spray","Dagger Throw","Backstab"],"picked":"SKIP","floor":12.0},{"not_picked":["Caltrops","Distraction","Deadly Poison"],"picked":"SKIP","floor":13.0},{"not_picked":["Backstab","Unload"],"picked":"Flying Knee","floor":14.0},{"not_picked":["Corpse Explosion","Bullet Time"],"picked":"Malaise","floor":16.0},{"not_picked":["PiercingWail","Outmaneuver"],"picked":"Infinite Blades","floor":18},{"not_picked":["Underhanded Strike","Quick Slash"],"picked":"Blade Dance","floor":21},{"not_picked":["Unload","Noxious Fumes+1","Choke+1"],"picked":"SKIP","floor":23},{"not_picked":["Outmaneuver","Endless Agony+1"],"picked":"Dodge and Roll","floor":24},{"not_picked":["Caltrops","Underhanded Strike+1"],"picked":"Prepared+1","floor":25},{"not_picked":["Poisoned Stab+1","PiercingWail"],"picked":"Infinite Blades+1","floor":30},{"not_picked":["Deadly Poison","Acrobatics","Backstab"],"picked":"SKIP","floor":31},{"not_picked":["Unload","Venomology"],"picked":"A Thousand Cuts","floor":33},{"not_picked":["Tactician","Predator+1","Masterful Stab+1"],"picked":"SKIP","floor":35}],"player_experience":41500,"relics_obtained":[{"floor":9.0,"key":"Kunai"},{"floor":12.0,"key":"Juzu Bracelet"},{"floor":17.0,"key":"WingedGreaves"},{"floor":17.0,"key":"Shuriken"},{"floor":17.0,"key":"Ancient Tea Set"},{"floor":22,"key":"Nilry\u0027s Codex"},{"floor":23,"key":"Dream Catcher"},{"floor":24,"key":"Gremlin Horn"},{"floor":26,"key":"Meat on the Bone"}],"event_choices":[{"damage_healed":0.0,"max_hp_gain":0.0,"max_hp_loss":0.0,"gold_gain":0.0,"event_name":"Upgrade Shrine","player_choice":"Upgraded","floor":3.0,"gold_loss":0.0,"damage_taken":0.0,"cards_upgraded":["Blade Dance"]},{"damage_healed":0,"gold_gain":0,"player_choice":"Obtained Relic","damage_taken":0,"relics_obtained":["Anchor"],"max_hp_gain":0,"max_hp_loss":0,"event_name":"Addict","floor":19,"gold_loss":85},{"damage_healed":0,"gold_gain":0,"player_choice":"Obtained Book","damage_taken":16,"max_hp_gain":0,"max_hp_loss":0,"event_name":"Cursed Tome","floor":22,"gold_loss":0},{"damage_healed":0,"gold_gain":0,"player_choice":"Bet on Owner","damage_taken":0,"max_hp_gain":0,"max_hp_loss":0,"event_name":"The Joust","floor":27,"gold_loss":50},{"damage_healed":0,"gold_gain":0,"player_choice":"Ignored","damage_taken":0,"max_hp_gain":0,"max_hp_loss":0,"event_name":"Vampires","floor":28,"gold_loss":0},{"cards_removed":["Injury"],"damage_healed":0,"gold_gain":0,"player_choice":"Purged","damage_taken":0,"max_hp_gain":0,"max_hp_loss":0,"event_name":"Purifier","floor":36,"gold_loss":0}],"is_beta":false,"boss_relics":[{"not_picked":["HoveringKite","Philosopher\u0027s Stone"],"picked":"Calling Bell"},{"not_picked":["Tiny House","Black Star"],"picked":"Runic Pyramid"}],"items_purged_floors":[10,20],"is_endless":false,"potions_floor_spawned":[2,5,7,11,18,21,23],"killed_by":"3 Shapes","ascension_level":0}