{"gold_per_floor":[109,34,46,60,60,60,88,88,88,88,98,112,128,128,128,223,223,234,234,234,234,247,247,247,260,284,294,294,194,211,243,243,342,342,359,264,309,321,331,331,357,357,357,357,372,146,146,146,146,146],"floor_reached":51,"playtime":4935,"items_purged":["Strike_R","Strike_R+1","Strike_R+1"],"score":838,"play_id":"86d39518-efa9-447e-9cb7-f8992cdcde57","local_time":"20180925174631","is_ascension_mode":true,"campfire_choices":[{"data":"Whirlwind","floor":6.0,"key":"SMITH"},{"data":"Body Slam","floor":8.0,"key":"SMITH"},{"data":"Spot Weakness","floor":10.0,"key":"SMITH"},{"data":"Body Slam","floor":15.0,"key":"SMITH"},{"floor":23,"key":"REST"},{"data":"Warcry","floor":28,"key":"SMITH"},{"data":"Bash","floor":32,"key":"SMITH"},{"data":"Limit Break","floor":40,"key":"SMITH"},{"data":"Dramatic Entrance","floor":42,"key":"SMITH"},{"data":"Battle Trance","floor":44,"key":"SMITH"},{"data":"Secret Technique","floor":49,"key":"SMITH"}],"neow_cost":"NONE","seed_source_timestamp":0,"circlet_count":0,"master_deck":["Strike_R+1","Strike_R+1","Defend_R+1","Defend_R+1","Defend_R+1","Defend_R+1","Bash+1","Whirlwind+1","Spot Weakness+1","Body Slam+1","Battle Trance+1","Body Slam+1","Headbutt","Feed","Warcry+1","Sword Boomerang+1","Spot Weakness+1","Burning Pact+1","Limit Break+1","Shrug It Off+1","Dramatic Entrance+1","Warcry+1","Flex+1","Whirlwind+1","Mind Blast","Secret Technique+1"],"special_seed":0,"relics":["Black Blood","Omamori","Kunai","Oddly Smooth Stone","Ornamental Fan","Runic Dome","Necronomicon","Magic Flower","Happy Flower","Bag of Marbles","Incense Burner","Lantern","Dodecahedron","Peace Pipe"],"potions_floor_usage":[30,31,45,47,50,50,50],"damage_taken":[{"damage":9.0,"enemies":"Jaw Worm","floor":1.0,"turns":3.0},{"damage":3.0,"enemies":"Small Slimes","floor":3.0,"turns":4.0},{"damage":0.0,"enemies":"2 Louse","floor":4.0,"turns":1.0},{"damage":43.0,"enemies":"Lagavulin","floor":7.0,"turns":6.0},{"damage":0.0,"enemies":"Large Slime","floor":11.0,"turns":3.0},{"damage":5.0,"enemies":"Looter","floor":12.0,"turns":3.0},{"damage":2.0,"enemies":"Blue Slaver","floor":13.0,"turns":2.0},{"damage":50.0,"enemies":"The Guardian","floor":16.0,"turns":10.0},{"damage":22,"enemies":"Spheric Guardian","floor":18,"turns":4},{"damage":8,"enemies":"Chosen","floor":22,"turns":2},{"damage":0,"enemies":"Centurion and Healer","floor":25,"turns":4},{"damage":8,"enemies":"Chosen and Byrds","floor":27,"turns":2},{"damage":0,"enemies":"3 Cultists","floor":30,"turns":3},{"damage":22,"enemies":"Book of Stabbing","floor":31,"turns":3},{"damage":12,"enemies":"Automaton","floor":33,"turns":5},{"damage":24,"enemies":"3 Shapes","floor":35,"turns":2},{"damage":3,"enemies":"Mysterious Sphere","floor":37,"turns":2},{"damage":0,"enemies":"Orb Walker","floor":38,"turns":1},{"damage":31,"enemies":"Spire Growth","floor":39,"turns":3},{"damage":0,"enemies":"Giant Head","floor":41,"turns":5},{"damage":0,"enemies":"Maw","floor":45,"turns":4},{"damage":0,"enemies":"Mind Bloom Boss Battle","floor":47,"turns":1},{"damage":42,"enemies":"Donu and Deca","floor":50,"turns":6}],"seed_played":"-6014020282316680630","potions_obtained":[{"floor":1.0,"key":"Block Potion"},{"floor":4.0,"key":"LiquidBronze"},{"floor":12.0,"key":"SteroidPotion"},{"floor":22,"key":"SkillPotion"},{"floor":25,"key":"Dexterity Potion"},{"floor":39,"key":"SteroidPotion"},{"floor":41,"key":"BloodPotion"},{"floor":45,"key":"AttackPotion"},{"floor":47,"key":"SpeedPotion"}],"is_trial":false,"path_per_floor":["M","$","M","M","?","R","E","R","T","R","M","M","M","?","R","B",null,"M","?","?","?","M","R","T","M","T","M","R","$","M","E","R","B",null,"M","$","?","M","M","R","E","R","T","R","M","$","?","?","R","B"],"character_chosen":"IRONCLAD","items_purchased":["Dramatic Entrance","Mind Blast"],"campfire_rested":1,"item_purchase_floors":[36,46],"current_hp_per_floor":[77,77,80,80,80,80,43,43,43,43,49,50,54,51,51,7,62,46,30,30,30,28,52,52,66,66,67,67,67,81,68,68,65,81,72,72,84,86,70,70,85,85,85,85,86,86,86,86,86,76],"gold":146,"neow_bonus":"RANDOM_COMMON_RELIC","is_prod":false,"is_daily":false,"chose_seed":false,"campfire_upgraded":10,"win_rate":0,"timestamp":1537911991,"path_taken":["M","$","M","M","?","R","E","R","T","R","M","M","M","?","R","BOSS","M","?","?","?","?","R","?","?","T","M","R","?","M","E","R","BOSS","M","$","?","M","M","R","E","R","T","R","M","$","?","?","R","BOSS"],"build_version":"2018-09-20","purchased_purges":3,"victory":true,"max_hp_per_floor":[80,80,80,80,80,80,80,80,80,80,80,80,80,80,80,80,80,80,80,80,80,80,80,80,83,83,83,83,83,86,86,86,86,86,86,86,86,86,86,86,86,86,86,86,86,86,86,86,86,89],"card_choices":[{"not_picked":["Bloodletting","Carnage"],"picked":"Whirlwind","floor":1.0},{"not_picked":["Clothesline","Havoc"],"picked":"Spot Weakness","floor":3.0},{"not_picked":["Wild Strike","Corruption"],"picked":"Body Slam","floor":7.0},{"not_picked":["Flex","Pommel Strike"],"picked":"Battle Trance","floor":11.0},{"not_picked":["Dual Wield","Power Through"],"picked":"Body Slam","floor":12.0},{"not_picked":["Blood for Blood","Flex"],"picked":"Headbutt","floor":13.0},{"not_picked":["Immolate","Exhume"],"picked":"Feed","floor":16.0},{"not_picked":["Rupture","Clothesline"],"picked":"Warcry","floor":18},{"not_picked":["Twin Strike+1","Body Slam"],"picked":"Sword Boomerang+1","floor":22},{"not_picked":["Perfected Strike","Anger","Heavy Blade"],"picked":"SKIP","floor":25},{"not_picked":["Evolve","Burning Pact"],"picked":"Spot Weakness+1","floor":27},{"not_picked":["Immolate","Perfected Strike","Thunderclap"],"picked":"SKIP","floor":30},{"not_picked":["Immolate","Perfected Strike","Thunderclap"],"picked":"SKIP","floor":30},{"not_picked":["Feel No Pain","Headbutt+1"],"picked":"Burning Pact+1","floor":31},{"not_picked":["Juggernaut","Impervious"],"picked":"Limit Break","floor":33},{"not_picked":["Pummel","Spot Weakness"],"picked":"Shrug It Off+1","floor":35},{"not_picked":["Corruption+1","Sentinel"],"picked":"Warcry+1","floor":37},{"not_picked":["Carnage","Corruption+1"],"picked":"Flex+1","floor":38},{"not_picked":["Rampage+1","Sword Boomerang+1","Shrug It Off+1"],"picked":"SKIP","floor":39},{"not_picked":["Clothesline+1","Brutality","Armaments"],"picked":"SKIP","floor":41},{"not_picked":["Perfected Strike+1","Metallicize"],"picked":"Whirlwind+1","floor":45},{"not_picked":["Metamorphosis","Apotheosis"],"picked":"Secret Technique","floor":48}],"player_experience":397460,"relics_obtained":[{"floor":7.0,"key":"Kunai"},{"floor":9.0,"key":"Oddly Smooth Stone"},{"floor":19,"key":"Necronomicon"},{"floor":24,"key":"Magic Flower"},{"floor":26,"key":"Happy Flower"},{"floor":31,"key":"Bag of Marbles"},{"floor":37,"key":"Incense Burner"},{"floor":41,"key":"Lantern"},{"floor":43,"key":"Dodecahedron"},{"floor":47,"key":"Peace Pipe"}],"event_choices":[{"event_name":"Liars Game","player_choice":"disagreed","floor":5.0,"damage_taken":0.0},{"event_name":"Scrap Ooze","player_choice":"success","floor":14.0,"damage_taken":3.0},{"event_name":"Cursed Tome","player_choice":"Obtained Book","floor":19,"damage_taken":0},{"event_name":"Back to Basics","player_choice":"Simplicity","floor":20,"damage_taken":0},{"event_name":"Forgotten Altar","player_choice":"Smashed Altar","floor":21,"damage_taken":0},{"event_name":"Mysterious Sphere","player_choice":"Fight","floor":37,"damage_taken":0},{"event_name":"MindBloom","player_choice":"Fight","floor":47,"damage_taken":0},{"event_name":"SensoryStone","player_choice":"Memory 1","floor":48,"damage_taken":0}],"is_beta":false,"boss_relics":[{"not_picked":["Pandora\u0027s Box","Tiny House"],"picked":"Runic Dome"},{"not_picked":["Runic Pyramid","White Beast Statue"],"picked":"Black Blood"}],"items_purged_floors":[2,29,46],"is_endless":false,"potions_floor_spawned":[1,4,12,22,25,39,41,45,47],"ascension_level":5}