{"gold_per_floor":[115,129,149,149,169,169,185,205,258,277,311,330,330,347,347,451,451,471,6,18,18,117,117,145,145],"floor_reached":25,"playtime":1769,"items_purged":["Strike_B"],"score":295,"play_id":"8783bda1-df18-4047-bad0-c87be6e32b50","local_time":"20190414002649","is_ascension_mode":true,"campfire_choices":[{"data":"Redo","floor":6,"key":"SMITH"},{"data":"Hologram","floor":13,"key":"SMITH"},{"data":"Hologram","floor":15,"key":"SMITH"},{"data":"Zap","floor":23,"key":"SMITH"}],"neow_cost":"NONE","seed_source_timestamp":333044373662295,"circlet_count":0,"master_deck":["Strike_B","Strike_B","Defend_B","Defend_B","Defend_B","Defend_B","Zap+1","Dualcast+1","Redo+1","Gash","Double Energy","BootSequence","Auto Shields","Hologram+1","Hologram+1","All For One","Scrape+1","Madness","Scrape"],"relics":["Cracked Core","Cables","Bronze Scales","Gremlin Horn","Runic Pyramid","Peace Pipe","Art of War"],"potions_floor_usage":[7,11,11,16,24],"damage_taken":[{"damage":2,"enemies":"Jaw Worm","floor":1,"turns":3},{"damage":1,"enemies":"Cultist","floor":2,"turns":4},{"damage":1,"enemies":"2 Louse","floor":3,"turns":2},{"damage":11,"enemies":"2 Fungi Beasts","floor":5,"turns":3},{"damage":4,"enemies":"Large Slime","floor":7,"turns":4},{"damage":2,"enemies":"3 Louse","floor":8,"turns":3},{"damage":2,"enemies":"Exordium Wildlife","floor":10,"turns":3},{"damage":20,"enemies":"Lagavulin","floor":11,"turns":6},{"damage":0,"enemies":"Red Slaver","floor":12,"turns":2},{"damage":0,"enemies":"Large Slime","floor":14,"turns":4},{"damage":14,"enemies":"The Guardian","floor":16,"turns":11},{"damage":0,"enemies":"3 Byrds","floor":18,"turns":2},{"damage":0,"enemies":"Shell Parasite","floor":20,"turns":3},{"damage":38,"enemies":"Slavers","floor":24,"turns":5},{"damage":37,"enemies":"Shelled Parasite and Fungi","floor":25,"turns":3}],"seed_played":"6755448572796499019","potions_obtained":[{"floor":2,"key":"Block Potion"},{"floor":7,"key":"FairyPotion"},{"floor":8,"key":"Poison Potion"},{"floor":10,"key":"GamblersBrew"},{"floor":11,"key":"FearPotion"},{"floor":18,"key":"SteroidPotion"},{"floor":20,"key":"Strength Potion"}],"is_trial":false,"path_per_floor":["M","M","M","?","M","R","M","M","T","M","E","M","R","M","R","B",null,"M","$","M","?","?","R","E","M"],"character_chosen":"DEFECT","items_purchased":["Peace Pipe","Madness"],"campfire_rested":0,"item_purchase_floors":[19,19],"current_hp_per_floor":[66,65,64,64,53,53,49,47,47,45,25,25,25,25,25,11,59,59,59,59,59,59,59,21,0],"gold":145,"neow_bonus":"UPGRADE_CARD","is_prod":false,"is_daily":false,"chose_seed":false,"campfire_upgraded":4,"win_rate":0,"timestamp":1555216009,"path_taken":["M","M","M","?","M","R","M","?","T","M","E","?","R","M","R","BOSS","M","$","M","?","?","R","E","M"],"build_version":"2019-04-04","purchased_purges":1,"victory":false,"max_hp_per_floor":[75,75,75,75,75,75,75,75,75,75,75,75,75,75,75,75,75,75,75,75,75,75,75,75,75],"card_choices":[{"not_picked":["Sweeping Beam","FTL","Ball Lightning"],"picked":"SKIP","floor":1},{"not_picked":["Heatsinks","Static Discharge"],"picked":"Redo","floor":2},{"not_picked":["Beam Cell","Tempest","Hologram"],"picked":"SKIP","floor":3},{"not_picked":["Streamline","Sweeping Beam","Meteor Strike"],"picked":"SKIP","floor":5},{"not_picked":["Rebound","Consume"],"picked":"Gash","floor":7},{"not_picked":["Auto Shields","Sunder"],"picked":"Double Energy","floor":8},{"not_picked":["Leap","FTL"],"picked":"BootSequence","floor":10},{"not_picked":["Steam Power","Ball Lightning"],"picked":"Auto Shields","floor":11},{"not_picked":["Consume","Doom and Gloom"],"picked":"Hologram","floor":12},{"not_picked":["Sweeping Beam","Beam Cell"],"picked":"Hologram","floor":14},{"not_picked":["Creative AI","Core Surge"],"picked":"All For One","floor":16},{"not_picked":["Double Energy","Hologram"],"picked":"Scrape+1","floor":18},{"not_picked":["Undo+1","Lockon","Ball Lightning"],"picked":"SKIP","floor":20},{"not_picked":["Core Surge","Ball Lightning"],"picked":"Scrape","floor":24}],"player_experience":611266,"relics_obtained":[{"floor":4,"key":"Cables"},{"floor":9,"key":"Bronze Scales"},{"floor":11,"key":"Gremlin Horn"},{"floor":24,"key":"Art of War"}],"event_choices":[{"damage_healed":0,"gold_gain":0,"player_choice":"Relic","damage_taken":0,"max_hp_gain":0,"max_hp_loss":0,"event_name":"Wheel of Change","floor":4,"gold_loss":0},{"cards_removed":["Strike_B"],"damage_healed":0,"gold_gain":0,"player_choice":"Elegance","damage_taken":0,"max_hp_gain":0,"max_hp_loss":0,"event_name":"Back to Basics","floor":21,"gold_loss":0},{"damage_healed":0,"gold_gain":99,"player_choice":"Stole From Cult","damage_taken":0,"max_hp_gain":0,"max_hp_loss":0,"event_name":"Nest","floor":22,"gold_loss":0}],"is_beta":true,"boss_relics":[{"not_picked":["FrozenCore","Pandora\u0027s Box"],"picked":"Runic Pyramid"}],"items_purged_floors":[19],"is_endless":false,"potions_floor_spawned":[2,7,8,10,11,18,20],"killed_by":"Shelled Parasite and Fungi","ascension_level":6}