{"gold_per_floor":[115,125,125,50,63,90,90,90,90,102,102,122,122,136,136,231,231,243,243,243,143,156,81,81,95,95,95,122,122,147,160,160,259,259,273,97,97,112,112,112,126,126,126,126,74,93,93],"floor_reached":47,"playtime":1810,"items_purged":["Defend_B","Defend_B","Thunder Strike+1"],"score":465,"play_id":"7b1a78ab-0acc-49cb-bfb8-d42110995076","local_time":"20190813214118","is_ascension_mode":false,"campfire_choices":[{"floor":7,"key":"REST"},{"data":"Conserve Battery","floor":11,"key":"SMITH"},{"data":"Dualcast","floor":13,"key":"SMITH"},{"floor":15,"key":"REST"},{"data":"Defend_B","floor":24,"key":"SMITH"},{"floor":32,"key":"REST"},{"floor":40,"key":"REST"}],"neow_cost":"NONE","seed_source_timestamp":13929613497135,"circlet_count":0,"master_deck":["Defend_B+1","Zap+1","Conserve Battery+1","Gash","Gash+1","Gash"],"relics":["Astrolabe","Gambling Chip","Shuriken","Meat on the Bone","Cursed Key","Nunchaku","Cables","Empty Cage"],"potions_floor_usage":[12,16,18,25,28,33,41,42,46,46,47,47],"damage_taken":[{"damage":9,"enemies":"2 Louse","floor":1,"turns":3},{"damage":2,"enemies":"Jaw Worm","floor":2,"turns":4},{"damage":1,"enemies":"Cultist","floor":5,"turns":3},{"damage":35,"enemies":"Gremlin Nob","floor":6,"turns":4},{"damage":0,"enemies":"Large Slime","floor":10,"turns":4},{"damage":3,"enemies":"3 Louse","floor":12,"turns":3},{"damage":1,"enemies":"2 Fungi Beasts","floor":14,"turns":3},{"damage":28,"enemies":"The Guardian","floor":16,"turns":7},{"damage":4,"enemies":"Chosen","floor":18,"turns":5},{"damage":5,"enemies":"Shell Parasite","floor":22,"turns":3},{"damage":10,"enemies":"Centurion and Healer","floor":25,"turns":5},{"damage":24,"enemies":"Slavers","floor":28,"turns":4},{"damage":21,"enemies":"Book of Stabbing","floor":30,"turns":4},{"damage":10,"enemies":"3 Cultists","floor":31,"turns":4},{"damage":32,"enemies":"Collector","floor":33,"turns":6},{"damage":41,"enemies":"3 Shapes","floor":35,"turns":4},{"damage":35,"enemies":"Orb Walker","floor":38,"turns":5},{"damage":9,"enemies":"Spire Growth","floor":41,"turns":4},{"damage":0,"enemies":"Writhing Mass","floor":42,"turns":1},{"damage":11,"enemies":"4 Shapes","floor":46,"turns":5},{"damage":50,"enemies":"Reptomancer","floor":47,"turns":4}],"seed_played":"6432814588752942949","potions_obtained":[{"floor":6,"key":"Fire Potion"},{"floor":10,"key":"Poison Potion"},{"floor":12,"key":"Ancient Potion"},{"floor":14,"key":"Strength Potion"},{"floor":25,"key":"PowerPotion"},{"floor":30,"key":"SpeedPotion"},{"floor":31,"key":"Regen Potion"},{"floor":33,"key":"EssenceOfSteel"},{"floor":35,"key":"SpeedPotion"},{"floor":39,"key":"SmokeBomb"},{"floor":41,"key":"AttackPotion"},{"floor":46,"key":"Weak Potion"}],"is_trial":false,"path_per_floor":["M","M","?","$","M","E","R","T","T","M","R","M","R","M","R","B",null,"M","?","?","$","M","?","R","M","T","$","E","$","E","M","R","B",null,"M","$","?","M","?","R","M","M","T","?","$","M","E"],"character_chosen":"DEFECT","items_purchased":["Gash","SteroidPotion"],"campfire_rested":4,"item_purchase_floors":[36,45],"current_hp_per_floor":[66,64,49,49,48,13,35,35,35,47,47,44,44,43,65,49,75,71,71,71,71,66,66,66,56,56,56,44,44,35,37,59,42,75,46,46,46,23,23,45,48,48,48,48,48,49,0],"gold":93,"neow_bonus":"BOSS_RELIC","is_prod":false,"is_daily":false,"chose_seed":false,"campfire_upgraded":3,"win_rate":0,"timestamp":1565757678,"path_taken":["M","M","?","$","M","E","R","?","T","?","R","M","R","M","R","BOSS","M","?","?","$","M","?","R","M","T","$","E","$","E","M","R","BOSS","M","$","?","M","?","R","M","?","T","?","$","?","E"],"build_version":"2019-07-17","purchased_purges":3,"victory":false,"max_hp_per_floor":[75,75,75,75,75,75,75,75,75,75,75,75,75,75,75,75,75,75,75,75,75,75,75,75,75,75,75,75,75,75,75,75,75,75,75,75,75,75,75,75,75,75,75,75,75,75,75],"card_choices":[{"not_picked":["Sweeping Beam","Hologram"],"picked":"Conserve Battery","floor":1},{"not_picked":["Conserve Battery","Streamline","Coolheaded"],"picked":"SKIP","floor":2},{"not_picked":["Tempest","Stack","Streamline"],"picked":"SKIP","floor":5},{"not_picked":["Loop","Coolheaded","Conserve Battery"],"picked":"SKIP","floor":6},{"not_picked":["Recycle","Redo","Go for the Eyes"],"picked":"SKIP","floor":10},{"not_picked":["Barrage","Ball Lightning","Beam Cell"],"picked":"SKIP","floor":12},{"not_picked":["Auto Shields","Meteor Strike","Static Discharge"],"picked":"SKIP","floor":14},{"not_picked":["Barrage+1","Reinforced Body","Rebound"],"picked":"SKIP","floor":18},{"not_picked":["Reinforced Body","Doom and Gloom","White Noise"],"picked":"SKIP","floor":22},{"not_picked":["Redo+1","Reinforced Body"],"picked":"Gash+1","floor":25},{"not_picked":["Coolheaded","Streamline","Capacitor+1"],"picked":"SKIP","floor":28},{"not_picked":["Coolheaded","Streamline","Capacitor+1"],"picked":"SKIP","floor":28},{"not_picked":["Rebound","Hyperbeam","Steam"],"picked":"SKIP","floor":30},{"not_picked":["Ball Lightning","Redo+1","Beam Cell"],"picked":"SKIP","floor":31},{"not_picked":["Sweeping Beam","Hologram+1","Stack"],"picked":"SKIP","floor":35},{"not_picked":["Steam","Rebound+1","Tempest+1"],"picked":"SKIP","floor":38},{"not_picked":["Leap","Ball Lightning+1","Double Energy+1"],"picked":"SKIP","floor":41},{"not_picked":["Rebound+1","Skim+1","Double Energy"],"picked":"SKIP","floor":46}],"player_experience":590414,"relics_obtained":[{"floor":6,"key":"Gambling Chip"},{"floor":8,"key":"Shuriken"},{"floor":9,"key":"Meat on the Bone"},{"floor":28,"key":"Nunchaku"},{"floor":30,"key":"Cables"}],"event_choices":[{"damage_healed":0,"gold_gain":0,"player_choice":"Entered Light","damage_taken":15,"max_hp_gain":0,"max_hp_loss":0,"event_name":"Shining Light","floor":3,"gold_loss":0,"cards_upgraded":["Zap","Strike_B"]},{"cards_removed":["Strike_B"],"damage_healed":0,"gold_gain":0,"player_choice":"Elegance","damage_taken":0,"max_hp_gain":0,"max_hp_loss":0,"event_name":"Back to Basics","floor":19,"gold_loss":0},{"damage_healed":0,"gold_gain":0,"player_choice":"Read","damage_taken":0,"max_hp_gain":0,"max_hp_loss":0,"event_name":"The Library","floor":20,"gold_loss":0,"cards_obtained":["Gash"]},{"cards_removed":["Strike_B"],"damage_healed":0,"gold_gain":0,"player_choice":"Gave Gold","damage_taken":0,"max_hp_gain":0,"max_hp_loss":0,"event_name":"Beggar","floor":23,"gold_loss":75},{"cards_removed":["Static Discharge"],"damage_healed":0,"gold_gain":0,"player_choice":"Removed Power","damage_taken":0,"max_hp_gain":0,"max_hp_loss":0,"event_name":"Falling","floor":37,"gold_loss":0},{"damage_healed":0,"gold_gain":0,"player_choice":"Got Potions","damage_taken":0,"max_hp_gain":0,"max_hp_loss":0,"event_name":"Lab","floor":39,"gold_loss":0},{"damage_healed":0,"gold_gain":0,"player_choice":"0 cards matched","damage_taken":0,"max_hp_gain":0,"max_hp_loss":0,"event_name":"Match and Keep!","floor":44,"gold_loss":0,"cards_obtained":[]}],"is_beta":false,"boss_relics":[{"not_picked":["Coffee Dripper","Busted Crown"],"picked":"Cursed Key"},{"not_picked":["Orrery","Pandora\u0027s Box"],"picked":"Empty Cage"}],"items_purged_floors":[4,21,36],"is_endless":false,"potions_floor_spawned":[6,10,12,14,25,30,31,33,35,41,42,46],"killed_by":"Reptomancer","ascension_level":0}