{"path_per_floor":["M","M","?","M","M","E","?","?","T","E","$","R","$","M","R","B",null,"M","M","?","T","?","R","E","R","T","M","E","M","T","?","R","B",null,"M","$","M","?","$","R","E","?","T","?","M","M"],"character_chosen":"IRONCLAD","items_purchased":["Offering","Shrug It Off","Mercury Hourglass"],"gold_per_floor":[112,128,128,140,151,180,180,204,204,232,71,71,17,32,32,136,136,149,164,164,164,164,164,199,199,279,296,326,345,345,345,345,443,443,456,381,401,401,46,46,78,78,78,78,95,108],"floor_reached":47,"campfire_rested":1,"playtime":5465,"current_hp_per_floor":[80,79,63,69,72,47,47,37,37,34,34,34,34,36,36,20,80,77,80,80,94,94,94,78,78,78,79,58,47,47,32,76,39,99,89,89,80,80,80,80,57,57,57,47,25,11],"items_purged":["Bash","Iron Wave"],"gold":108,"play_id":"7d7435af-c76d-4183-a078-9070f570638f","is_prod":false,"is_daily":false,"campfire_rituals":0,"campfire_upgraded":5,"is_hardmode":false,"path_taken":["M","M","?","M","M","E","?","?","T","E","$","R","$","M","R","BOSS","M","M","?","?","?","R","E","R","T","M","E","?","?","?","R","BOSS","M","$","M","?","$","R","E","?","T","?","M","?","?"],"build_version":"2018-01-18-PROD2","purchased_purges":2,"victory":false,"master_deck":["Strike_R","Strike_R","Strike_R","Strike_R","Defend_R","Defend_R","Defend_R","Rampage","Armaments","Pommel Strike","Seeing Red","Reckless Charge","Clash","Offering","Shrug It Off","Heavy Blade","Impervious","Headbutt","Seeing Red","Fire Breathing","Disarm","Limit Break","Cleave","Fire Breathing","Madness","Madness","Clash"],"max_hp_per_floor":[80,80,80,80,80,80,80,80,80,80,80,80,80,80,80,80,80,80,80,80,94,94,94,94,94,94,94,94,94,94,99,99,99,99,99,99,99,99,99,99,99,99,99,99,99,99],"relics":["Burning Blood","Red Skull","Odd Mushroom","Ancient Tea Set","Bronze Scales","Lizard Tail","Regal Pillow","Mango","Self Forming Clay","Bottled Flame","Champion Belt","Calipers","White Beast Statue","Mercury Hourglass","Whetstone","Frozen Egg"],"campfire_meditates":0,"card_choices":[{"not_picked":["Iron Wave","Shrug It Off"],"picked":"Rampage"},{"not_picked":["Second Wind","Thunderclap"],"picked":"Iron Wave"},{"not_picked":["Clothesline","Fire Breathing"],"picked":"Armaments"},{"not_picked":["Hemokinesis","Shrug It Off"],"picked":"Pommel Strike"},{"not_picked":["Dual Wield","Body Slam"],"picked":"Seeing Red"},{"not_picked":["Power Through","Berserk"],"picked":"Clash"},{"not_picked":["Perfected Strike","Thunderclap"],"picked":"Sword Boomerang"},{"not_picked":["True Grit","Hemokinesis"],"picked":"Heavy Blade"},{"not_picked":["Demon Form","Barricade"],"picked":"Impervious"},{"not_picked":["Rupture","Intimidate"],"picked":"Headbutt"},{"not_picked":["Anger","Whirlwind"],"picked":"Seeing Red"},{"not_picked":["Headbutt","Flex"],"picked":"Fire Breathing"},{"not_picked":["Rage","Rupture"],"picked":"Disarm"},{"not_picked":["Barricade","Dark Embrace"],"picked":"Limit Break"},{"not_picked":["Iron Wave","Headbutt"],"picked":"Cleave"},{"not_picked":["Body Slam","Feed"],"picked":"Fire Breathing"},{"not_picked":["Rage","Body Slam"],"picked":"Clash"}],"player_experience":9562,"potions_floor_usage":[41,45,45,46,46],"damage_taken":[{"damage":3.0,"enemies":"Small Slimes","floor":1.0,"turns":3.0},{"damage":7.0,"enemies":"2 Louse","floor":2.0,"turns":3.0},{"damage":0.0,"enemies":"Cultist","floor":4.0,"turns":3.0},{"damage":3.0,"enemies":"Large Slime","floor":5.0,"turns":4.0},{"damage":31.0,"enemies":"Lagavulin","floor":6.0,"turns":5.0},{"damage":16.0,"enemies":"The Mushroom Lair","floor":8.0,"turns":4.0},{"damage":9.0,"enemies":"3 Sentries","floor":10.0,"turns":4.0},{"damage":4.0,"enemies":"Looter","floor":14.0,"turns":1.0},{"damage":22.0,"enemies":"Hexaghost","floor":16.0,"turns":4.0},{"damage":9.0,"enemies":"Chosen","floor":18.0,"turns":4.0},{"damage":1.0,"enemies":"3 Byrds","floor":19.0,"turns":3.0},{"damage":22.0,"enemies":"Slavers","floor":24.0,"turns":5.0},{"damage":5.0,"enemies":"Snecko","floor":27.0,"turns":4.0},{"damage":27.0,"enemies":"Book of Stabbing","floor":28.0,"turns":4.0},{"damage":17.0,"enemies":"Snake Plant","floor":29.0,"turns":3.0},{"damage":106.0,"enemies":"Automaton","floor":33.0,"turns":12.0},{"damage":16,"enemies":"Orb Walker","floor":35,"turns":5},{"damage":15,"enemies":"3 Darklings","floor":37,"turns":5},{"damage":29,"enemies":"2 Orb Walkers","floor":41,"turns":5},{"damage":28,"enemies":"Sphere and 2 Shapes","floor":45,"turns":3},{"damage":20,"enemies":"4 Shapes","floor":46,"turns":3},{"damage":16,"enemies":"3 Darklings","floor":47,"turns":2}],"event_choices":[{"event_name":"Shining Light","player_choice":"Entered Light","floor":3.0,"damage_taken":0.0},{"event_name":"Living Wall","player_choice":"Change","floor":7.0,"damage_taken":0.0},{"event_name":"Mushrooms","player_choice":"Fought Mushrooms","floor":8.0,"damage_taken":0.0},{"event_name":"Wheel of Change","player_choice":"Relic","floor":20.0,"damage_taken":0.0},{"event_name":"Back to Basics","player_choice":"Simplicity","floor":22.0,"damage_taken":0.0},{"event_name":"Forgotten Altar","player_choice":"Shed Blood","floor":31.0,"damage_taken":0.0},{"event_name":"Tomb of Lord Red Mask","player_choice":"Ignored","floor":38,"damage_taken":0},{"event_name":"Winding Halls","player_choice":"Embrace Madness","floor":44,"damage_taken":0}],"boss_relics":[{"not_picked":["Orrery","Runic Dome"],"picked":"White Beast Statue"}],"potions_floor_spawned":[4,6,10,16,24,28,33,35,37,41,45,46],"seed_played":"8386773960282796311","killed_by":"3 Darklings","is_trial":false}