{"gold_per_floor":[118,43,43,62,62,62,8,51,51,92,108,108,58,58,58,186,249,273,287,311,72,72,72],"floor_reached":23,"playtime":1424,"items_purged":["Strike_R"],"score":236,"play_id":"a0620247-7ccc-4dc7-98a6-ed53f69a7246","local_time":"20190707141104","is_ascension_mode":true,"campfire_choices":[{"data":"Iron Wave","floor":6,"key":"SMITH"},{"data":"Blood for Blood","floor":12,"key":"SMITH"},{"floor":15,"key":"REST"}],"neow_cost":"NONE","seed_source_timestamp":163084162260203,"circlet_count":0,"master_deck":["Strike_R","Strike_R","Defend_R+1","Defend_R+1","Defend_R","Defend_R","Bash+1","Pummel","Iron Wave+1","Shrug It Off","Blood for Blood+1","Bloodletting+1","Armaments+1","Bludgeon","Armaments+1","Sentinel+1","Ghostly Armor+1","Good Instincts+1"],"relics":["Sozu","Golden Idol","Orichalcum","Toxic Egg 2","Unceasing Top","Tiny House","Blood Vial","MutagenicStrength"],"potions_floor_usage":[],"damage_taken":[{"damage":0,"enemies":"2 Louse","floor":1,"turns":3},{"damage":7,"enemies":"Jaw Worm","floor":4,"turns":3},{"damage":16,"enemies":"Lagavulin","floor":8,"turns":10},{"damage":10,"enemies":"Gremlin Nob","floor":10,"turns":3},{"damage":0,"enemies":"Cultist","floor":11,"turns":2},{"damage":26,"enemies":"Hexaghost","floor":16,"turns":10},{"damage":4,"enemies":"Shell Parasite","floor":18,"turns":5},{"damage":0,"enemies":"Chosen","floor":19,"turns":4},{"damage":6,"enemies":"3 Cultists","floor":20,"turns":6},{"damage":100,"enemies":"Gremlin Leader","floor":23,"turns":11}],"seed_played":"-931222038785090434","potions_obtained":[],"is_trial":false,"path_per_floor":["M","$","?","M","?","R","$","E","T","E","M","R","?","?","R","B",null,"M","M","M","$","?","E"],"character_chosen":"IRONCLAD","items_purchased":["Shrug It Off","Blood Vial","Good Instincts+1"],"campfire_rested":1,"item_purchase_floors":[7,21,21],"current_hp_per_floor":[80,80,60,53,46,46,46,30,30,20,20,20,20,4,28,2,85,81,81,75,75,75,0],"gold":72,"neow_bonus":"BOSS_RELIC","is_prod":false,"is_daily":false,"chose_seed":false,"campfire_upgraded":2,"win_rate":0,"timestamp":1562533864,"path_taken":["M","$","?","M","?","R","$","E","T","E","M","R","?","?","R","BOSS","M","M","M","$","?","E"],"build_version":"2019-07-05","purchased_purges":1,"victory":false,"max_hp_per_floor":[80,80,80,80,80,80,80,80,80,80,80,80,80,80,80,80,85,85,85,85,85,85,85],"card_choices":[{"not_picked":["Anger","Headbutt"],"picked":"Pummel","floor":1},{"not_picked":["Clothesline","Body Slam"],"picked":"Iron Wave","floor":4},{"not_picked":["Exhume","Sword Boomerang"],"picked":"Blood for Blood","floor":8},{"not_picked":["Headbutt","Anger"],"picked":"Bloodletting+1","floor":10},{"not_picked":["Sentinel+1","Whirlwind"],"picked":"Armaments+1","floor":11},{"not_picked":["Offering+1","Exhume+1"],"picked":"Bludgeon","floor":16},{"not_picked":["Shrug It Off+1","Perfected Strike"],"picked":"Armaments+1","floor":17},{"not_picked":["Burning Pact+1","Clothesline","Twin Strike"],"picked":"SKIP","floor":18},{"not_picked":["Perfected Strike+1","Headbutt+1"],"picked":"Sentinel+1","floor":19},{"not_picked":["Fire Breathing","Whirlwind"],"picked":"Ghostly Armor+1","floor":20}],"player_experience":223325,"relics_obtained":[{"floor":8,"key":"Orichalcum"},{"floor":9,"key":"Toxic Egg 2"},{"floor":10,"key":"Unceasing Top"}],"event_choices":[{"damage_healed":0,"gold_gain":0,"player_choice":"Take Damage","damage_taken":20,"relics_obtained":["Golden Idol"],"max_hp_gain":0,"max_hp_loss":0,"event_name":"Golden Idol","floor":3,"gold_loss":0},{"cards_removed":["Strike_R"],"damage_healed":0,"gold_gain":0,"player_choice":"Card Removal","damage_taken":7,"max_hp_gain":0,"max_hp_loss":0,"event_name":"Golden Wing","floor":5,"gold_loss":0},{"cards_removed":["Strike_R"],"damage_healed":0,"gold_gain":0,"player_choice":"Card Removal","damage_taken":0,"max_hp_gain":0,"max_hp_loss":0,"event_name":"The Cleric","floor":13,"gold_loss":50},{"damage_healed":0,"gold_gain":0,"player_choice":"Entered Light","damage_taken":16,"max_hp_gain":0,"max_hp_loss":0,"event_name":"Shining Light","floor":14,"gold_loss":0,"cards_upgraded":["Defend_R","Defend_R"]},{"damage_healed":0,"gold_gain":0,"player_choice":"Inject Mutagens","damage_taken":0,"relics_obtained":["MutagenicStrength"],"max_hp_gain":0,"max_hp_loss":0,"event_name":"Drug Dealer","floor":22,"gold_loss":0}],"is_beta":false,"boss_relics":[{"not_picked":["Astrolabe","Runic Pyramid"],"picked":"Tiny House"}],"items_purged_floors":[2],"is_endless":false,"potions_floor_spawned":[10,19],"killed_by":"Gremlin Leader","ascension_level":4}