{"gold_per_floor":[118,133,152,152,77,77,133,133,158,158,190,265,265,142,142,214,214,169,116,116,116,116,116,116,116,116,116,116,116,116,116,116,116,116,116,116,116,116,116,116,116,116,116,116,116,116,116,116,116,116],"floor_reached":51,"playtime":2956,"items_purged":["Strike_R","Strike_R"],"score":1283,"play_id":"3e62f94d-a79f-46da-bc96-4dc866e24d60","local_time":"20181008052405","is_ascension_mode":true,"campfire_choices":[{"data":"Whirlwind","floor":6.0,"key":"SMITH"},{"data":"Body Slam","floor":8.0,"key":"SMITH"},{"data":"Bash","floor":13.0,"key":"SMITH"},{"floor":15.0,"key":"REST"},{"data":"Battle Trance","floor":24.0,"key":"SMITH"},{"floor":29.0,"key":"REST"},{"data":"Barricade","floor":32.0,"key":"SMITH"},{"floor":40.0,"key":"REST"},{"floor":47,"key":"REST"},{"floor":49,"key":"REST"}],"neow_cost":"NONE","seed_source_timestamp":2289656164244478,"circlet_count":0,"master_deck":["Strike_R+1","Strike_R+1","Defend_R+1","Defend_R+1","Defend_R+1","Defend_R+1","Bash+1","AscendersBane","Battle Trance+1","Whirlwind+1","Body Slam+1","Shrug It Off+1","Feed+1","Shrug It Off+1","Flex+1","Barricade+1","Warcry+1","True Grit+1","Spot Weakness+1","Entrench+1"],"special_seed":0,"relics":["Burning Blood","Tiny Chest","Pen Nib","Mercury Hourglass","Toxic Egg 2","Ectoplasm","Whetstone","Strawberry","StoneCalendar","Blood Vial","White Beast Statue","WingedGreaves","Bottled Tornado"],"potions_floor_usage":[45,46,48,50,50],"damage_taken":[{"damage":2.0,"enemies":"Jaw Worm","floor":1.0,"turns":3.0},{"damage":4.0,"enemies":"2 Louse","floor":2.0,"turns":6.0},{"damage":4.0,"enemies":"Small Slimes","floor":3.0,"turns":4.0},{"damage":23.0,"enemies":"Gremlin Nob","floor":7.0,"turns":4.0},{"damage":15.0,"enemies":"3 Sentries","floor":11.0,"turns":4.0},{"damage":2.0,"enemies":"Slime Boss","floor":16.0,"turns":7.0},{"damage":3.0,"enemies":"2 Thieves","floor":18.0,"turns":3.0},{"damage":13.0,"enemies":"Slavers","floor":23.0,"turns":4.0},{"damage":0.0,"enemies":"Chosen","floor":25.0,"turns":3.0},{"damage":1.0,"enemies":"Book of Stabbing","floor":27.0,"turns":5.0},{"damage":4.0,"enemies":"Centurion and Healer","floor":28.0,"turns":4.0},{"damage":0.0,"enemies":"Chosen and Byrds","floor":30.0,"turns":4.0},{"damage":1.0,"enemies":"Gremlin Leader","floor":31.0,"turns":4.0},{"damage":13.0,"enemies":"Collector","floor":33.0,"turns":8.0},{"damage":0.0,"enemies":"Orb Walker","floor":35.0,"turns":3.0},{"damage":17.0,"enemies":"3 Shapes","floor":36.0,"turns":2.0},{"damage":22.0,"enemies":"Transient","floor":37.0,"turns":5.0},{"damage":8.0,"enemies":"Sphere and 2 Shapes","floor":39.0,"turns":7.0},{"damage":13.0,"enemies":"Mind Bloom Boss Battle","floor":41.0,"turns":5.0},{"damage":16,"enemies":"4 Shapes","floor":44,"turns":2},{"damage":21,"enemies":"Transient","floor":45,"turns":5},{"damage":2,"enemies":"Spire Growth","floor":46,"turns":6},{"damage":4,"enemies":"Sphere and 2 Shapes","floor":48,"turns":4},{"damage":70,"enemies":"Donu and Deca","floor":50,"turns":13}],"seed_played":"-3257573933565771868","potions_obtained":[{"floor":0.0,"key":"Strength Potion"},{"floor":0.0,"key":"Weak Potion"},{"floor":0.0,"key":"SpeedPotion"},{"floor":11.0,"key":"GamblersBrew"},{"floor":22.0,"key":"SpeedPotion"},{"floor":33.0,"key":"EssenceOfSteel"},{"floor":35.0,"key":"Swift Potion"},{"floor":36.0,"key":"Weak Potion"},{"floor":37.0,"key":"Swift Potion"},{"floor":39.0,"key":"Fruit Juice"},{"floor":41.0,"key":"SpeedPotion"},{"floor":44,"key":"Poison Potion"},{"floor":45,"key":"Poison Potion"},{"floor":46,"key":"Swift Potion"},{"floor":48,"key":"AttackPotion"}],"is_trial":false,"path_per_floor":["M","M","M","?","$","R","E","R","T","?","E","T","R","$","R","B",null,"M","$","?","?","?","E","R","M","T","E","M","R","M","E","R","B",null,"M","M","M","?","M","R","?","$","T","M","M","M","R","M","R","B"],"character_chosen":"IRONCLAD","items_purchased":["Shrug It Off+1","Flex+1"],"campfire_rested":5,"item_purchase_floors":[14,19],"current_hp_per_floor":[72,74,75,68,68,68,51,51,51,51,42,42,42,42,64,68,73,78,78,78,78,78,74,74,84,91,96,100,100,100,100,100,93,98,100,93,79,79,83,108,106,106,106,98,85,91,113,113,113,49],"gold":116,"neow_bonus":"THREE_SMALL_POTIONS","is_prod":false,"is_daily":false,"chose_seed":false,"campfire_upgraded":5,"win_rate":0,"timestamp":1538990645,"path_taken":["M","M","M","?","$","R","E","R","T","?","E","?","R","$","R","BOSS","M","$","?","?","?","E","R","M","T","E","?","R","?","E","R","BOSS","M","M","M","?","M","R","?","?","T","M","?","?","R","M","R","BOSS"],"build_version":"2018-10-04v2","purchased_purges":2,"victory":true,"max_hp_per_floor":[75,75,75,75,75,75,75,75,75,75,75,75,75,75,75,75,75,78,78,78,78,78,81,81,85,92,96,100,100,100,100,100,100,100,100,104,104,104,108,108,113,113,113,113,113,113,113,113,113,113],"card_choices":[{"not_picked":["Infernal Blade","Corruption"],"picked":"Battle Trance","floor":1.0},{"not_picked":["Inflame","Clothesline"],"picked":"Whirlwind","floor":2.0},{"not_picked":["Flex","Whirlwind","Clothesline"],"picked":"SKIP","floor":3.0},{"not_picked":["Twin Strike","Feel No Pain"],"picked":"Body Slam","floor":7.0},{"not_picked":["Immolate","Wild Strike","Pummel"],"picked":"SKIP","floor":11.0},{"not_picked":["Fiend Fire","Bludgeon"],"picked":"Feed","floor":16.0},{"not_picked":["Sentinel+1","Iron Wave"],"picked":"Shrug It Off+1","floor":18.0},{"not_picked":["Heavy Blade","Iron Wave","Havoc+1"],"picked":"SKIP","floor":23.0},{"not_picked":["Bloodletting+1","Uppercut","Armaments+1"],"picked":"SKIP","floor":25.0},{"not_picked":["Heavy Blade","Impervious+1","Flex+1"],"picked":"SKIP","floor":27.0},{"not_picked":["Havoc+1","Carnage","Battle Trance+1"],"picked":"SKIP","floor":28.0},{"not_picked":["Twin Strike","Pommel Strike","Headbutt+1"],"picked":"SKIP","floor":30.0},{"not_picked":["Twin Strike","Spot Weakness+1"],"picked":"Barricade","floor":31.0},{"not_picked":["Reckless Charge","Havoc+1","Headbutt"],"picked":"SKIP","floor":35.0},{"not_picked":["Armaments+1","Flex+1"],"picked":"Warcry+1","floor":36.0},{"not_picked":["Sever Soul+1","Havoc+1"],"picked":"True Grit+1","floor":37.0},{"not_picked":["Dropkick+1","Sever Soul","Sword Boomerang"],"picked":"SKIP","floor":39.0},{"not_picked":["Body Slam","Pommel Strike"],"picked":"Spot Weakness+1","floor":41.0},{"not_picked":["Cleave","Anger","Iron Wave+1"],"picked":"SKIP","floor":44},{"not_picked":["Cleave","Anger","Iron Wave+1"],"picked":"SKIP","floor":44},{"not_picked":["Feel No Pain","Clothesline","Exhume+1"],"picked":"SKIP","floor":45},{"not_picked":["Sword Boomerang","Body Slam"],"picked":"Entrench+1","floor":46},{"not_picked":["Flame Barrier+1","Armaments+1","Body Slam"],"picked":"SKIP","floor":48}],"player_experience":467412,"relics_obtained":[{"floor":7.0,"key":"Tiny Chest"},{"floor":9.0,"key":"Pen Nib"},{"floor":11.0,"key":"Mercury Hourglass"},{"floor":12.0,"key":"Toxic Egg 2"},{"floor":23.0,"key":"Whetstone"},{"floor":26.0,"key":"Strawberry"},{"floor":27.0,"key":"StoneCalendar"},{"floor":31.0,"key":"Blood Vial"},{"floor":41.0,"key":"WingedGreaves"},{"floor":43.0,"key":"Bottled Tornado"}],"event_choices":[{"event_name":"Golden Wing","player_choice":"Card Removal","floor":4.0,"damage_taken":0.0},{"event_name":"Match and Keep!","player_choice":"0 cards matched","floor":10.0,"damage_taken":0.0},{"event_name":"Match and Keep!","player_choice":"0 cards matched","floor":10.0,"damage_taken":0.0},{"event_name":"Back to Basics","player_choice":"Simplicity","floor":20.0,"damage_taken":0.0},{"event_name":"Nest","player_choice":"Stole From Cult","floor":21.0,"damage_taken":0.0},{"event_name":"The Lab","player_choice":"Got Potions","floor":22.0,"damage_taken":0.0},{"event_name":"Tomb of Lord Red Mask","player_choice":"Ignored","floor":38.0,"damage_taken":0.0},{"event_name":"MindBloom","player_choice":"Fight","floor":41.0,"damage_taken":0.0}],"is_beta":false,"boss_relics":[{"not_picked":["Empty Cage","Black Star"],"picked":"Ectoplasm"},{"not_picked":["Pandora\u0027s Box","Black Blood"],"picked":"White Beast Statue"}],"items_purged_floors":[5,14],"is_endless":false,"potions_floor_spawned":[1,7,11,23,25,33,35,36,37,39,41,44,45,46,48],"ascension_level":15}