{"gold_per_floor":[111,129,147,322,335,360,360,76,154,154,154],"floor_reached":11,"playtime":514,"items_purged":["Doubt"],"score":91,"play_id":"93cc4305-6d0a-4874-a06b-3243f991ca23","local_time":"20190715215113","is_ascension_mode":true,"campfire_choices":[{"floor":7,"key":"REST"},{"floor":10,"key":"DIG"}],"neow_cost":"PERCENT_DAMAGE","seed_source_timestamp":623189619235659,"circlet_count":0,"master_deck":["Strike_R","Strike_R","Strike_R","Strike_R","Strike_R","Defend_R","Defend_R","Defend_R","Defend_R","Bash","Bludgeon","Uppercut","Cleave","Anger","Sentinel","Dropkick"],"relics":["Burning Blood","Shovel","Medical Kit","The Courier","Lantern"],"potions_floor_usage":[6,6],"damage_taken":[{"damage":0,"enemies":"Cultist","floor":1,"turns":2},{"damage":0,"enemies":"Small Slimes","floor":2,"turns":2},{"damage":0,"enemies":"2 Louse","floor":3,"turns":2},{"damage":19,"enemies":"Exordium Wildlife","floor":5,"turns":4},{"damage":45,"enemies":"3 Sentries","floor":6,"turns":8},{"damage":46,"enemies":"Lagavulin","floor":11,"turns":6}],"seed_played":"4536726173993694447","potions_obtained":[{"floor":1,"key":"SpeedPotion"},{"floor":3,"key":"GamblersBrew"}],"is_trial":false,"path_per_floor":["M","M","M","?","M","E","R","$","T","R","E"],"character_chosen":"IRONCLAD","items_purchased":["Medical Kit"],"campfire_rested":1,"item_purchase_floors":[8],"current_hp_per_floor":[62,68,74,74,61,22,46,46,46,46,0],"gold":154,"neow_bonus":"THREE_RARE_CARDS","is_prod":false,"is_daily":false,"chose_seed":false,"campfire_upgraded":0,"win_rate":0,"timestamp":1563252673,"path_taken":["M","M","M","?","M","E","R","$","T","R","E"],"build_version":"2019-07-05","purchased_purges":1,"victory":false,"max_hp_per_floor":[80,80,80,80,80,80,80,80,80,80,80],"card_choices":[{"not_picked":["Double Tap","Limit Break"],"picked":"Bludgeon","floor":0},{"not_picked":["Bloodletting","Twin Strike"],"picked":"Uppercut","floor":1},{"not_picked":["Heavy Blade","Pommel Strike"],"picked":"Cleave","floor":2},{"not_picked":["Twin Strike","Clash"],"picked":"Anger","floor":3},{"not_picked":["Clash","Hemokinesis"],"picked":"Sentinel","floor":5},{"not_picked":["Rampage","Warcry"],"picked":"Dropkick","floor":6}],"player_experience":327295,"relics_obtained":[{"floor":6,"key":"Shovel"},{"floor":9,"key":"The Courier"},{"floor":10,"key":"Lantern"}],"event_choices":[{"damage_healed":0,"gold_gain":175,"player_choice":"AGREE","damage_taken":0,"max_hp_gain":0,"max_hp_loss":0,"event_name":"Liars Game","floor":4,"gold_loss":0,"cards_obtained":["Doubt"]}],"is_beta":false,"boss_relics":[],"items_purged_floors":[8],"is_endless":false,"potions_floor_spawned":[1,3],"killed_by":"Lagavulin","ascension_level":5}