{"gold_per_floor":[116,18,18,93,103,103,103,438,438,438,438,452,402,414,414,509,509,520,486,401,401,401],"floor_reached":22,"playtime":1556,"items_purged":[],"score":273,"play_id":"6324fbc5-1a21-42d6-a234-4853b41073b7","local_time":"20190811194746","is_ascension_mode":true,"campfire_choices":[{"floor":6.0,"key":"REST"},{"floor":10.0,"key":"REST"},{"data":"Neutralize","floor":15.0,"key":"SMITH"}],"neow_cost":"PERCENT_DAMAGE","seed_source_timestamp":557100667007450,"circlet_count":0,"master_deck":["AscendersBane","Strike_G","Strike_G","Strike_G+1","Defend_G+1","Defend_G+1","Defend_G+1","Defend_G","Defend_G","Survivor","Neutralize+1","Madness","Panacea","Outmaneuver","Panacea","Dash","Accuracy+1","Endless Agony","Dagger Throw","PiercingWail","Storm of Steel","Dagger Throw+1","Caltrops+1"],"special_seed":0,"relics":["Ring of the Snake","War Paint","Old Coin","Pantograph","Philosopher\u0027s Stone","Art of War"],"potions_floor_usage":[16,16,22],"damage_taken":[{"damage":0.0,"enemies":"2 Louse","floor":1.0,"turns":4.0},{"damage":0.0,"enemies":"Jaw Worm","floor":5.0,"turns":6.0},{"damage":35.0,"enemies":"3 Sentries","floor":8.0,"turns":13.0},{"damage":0.0,"enemies":"Small Slimes","floor":12.0,"turns":4.0},{"damage":8.0,"enemies":"Blue Slaver","floor":14.0,"turns":4.0},{"damage":18,"enemies":"Slime Boss","floor":16,"turns":12},{"damage":33,"enemies":"Spheric Guardian","floor":18,"turns":8},{"damage":14,"enemies":"2 Thieves","floor":19,"turns":5},{"damage":33,"enemies":"Centurion and Healer","floor":22,"turns":6}],"seed_played":"-2732657801307631405","potions_obtained":[{"floor":1.0,"key":"Weak Potion"},{"floor":8.0,"key":"FearPotion"},{"floor":14.0,"key":"PowerPotion"},{"floor":18,"key":"Ancient Potion"},{"floor":19,"key":"Regen Potion"}],"is_trial":false,"path_per_floor":["M","$","?","?","M","R","?","E","T","R","?","M","?","M","R","B",null,"M","M","?","?","M"],"character_chosen":"THE_SILENT","items_purchased":["Panacea"],"campfire_rested":2,"item_purchase_floors":[2],"current_hp_per_floor":[45,45,31,20,20,41,38,3,3,24,24,24,24,16,16,23,58,25,11,11,11,0],"gold":401,"neow_bonus":"RANDOM_COLORLESS_2","is_prod":false,"is_daily":false,"chose_seed":false,"campfire_upgraded":1,"win_rate":0,"timestamp":1565578066,"path_taken":["M","$","?","?","M","R","?","E","T","R","?","?","?","M","R","BOSS","M","M","?","?","M"],"build_version":"2019-07-17","purchased_purges":0,"victory":false,"max_hp_per_floor":[70,70,70,70,70,70,70,70,70,70,70,70,70,70,70,70,70,70,70,70,70,70],"card_choices":[{"not_picked":["Bane","Concentrate"],"picked":"Outmaneuver","floor":1.0},{"not_picked":["Backflip","Dodge and Roll"],"picked":"Dash","floor":5.0},{"not_picked":["Backflip","Cloak And Dagger"],"picked":"Accuracy","floor":8.0},{"not_picked":["Prepared","Bane"],"picked":"Dagger Throw","floor":12.0},{"not_picked":["Masterful Stab","Acrobatics"],"picked":"PiercingWail","floor":14.0},{"not_picked":["Unload","Wraith Form v2"],"picked":"Storm of Steel","floor":16},{"not_picked":["Accuracy","Bane"],"picked":"Dagger Throw+1","floor":18},{"not_picked":["Distraction","Dash"],"picked":"Caltrops+1","floor":19}],"player_experience":569990,"relics_obtained":[{"floor":8.0,"key":"Old Coin"},{"floor":9.0,"key":"Pantograph"}],"event_choices":[{"damage_healed":0.0,"max_hp_gain":0.0,"max_hp_loss":0.0,"gold_gain":0.0,"event_name":"Shining Light","player_choice":"Entered Light","floor":3.0,"gold_loss":0.0,"damage_taken":14.0,"cards_upgraded":["Strike_G","Defend_G"]},{"damage_healed":0.0,"max_hp_gain":0.0,"max_hp_loss":0.0,"gold_gain":75.0,"event_name":"World of Goop","player_choice":"Gather Gold","floor":4.0,"gold_loss":0.0,"damage_taken":11.0},{"damage_healed":0.0,"max_hp_gain":0.0,"max_hp_loss":0.0,"gold_gain":0.0,"event_name":"Scrap Ooze","player_choice":"Success","floor":7.0,"gold_loss":0.0,"damage_taken":3.0,"relics_obtained":["War Paint"]},{"damage_healed":0.0,"max_hp_gain":0.0,"max_hp_loss":0.0,"gold_gain":0.0,"cards_transformed":["Strike_G"],"event_name":"Living Wall","player_choice":"Change","floor":11.0,"gold_loss":0.0,"damage_taken":0.0,"cards_obtained":["Endless Agony"]},{"cards_removed":["Strike_G"],"damage_healed":0.0,"max_hp_gain":0.0,"max_hp_loss":0.0,"gold_gain":0.0,"event_name":"The Cleric","player_choice":"Card Removal","floor":13.0,"gold_loss":50.0,"damage_taken":0.0},{"damage_healed":0,"gold_gain":0,"player_choice":"Obtained Relic","damage_taken":0,"relics_obtained":["Art of War"],"max_hp_gain":0,"max_hp_loss":0,"event_name":"Addict","floor":20,"gold_loss":85},{"damage_healed":0,"gold_gain":0,"player_choice":"Upgraded","damage_taken":0,"max_hp_gain":0,"max_hp_loss":0,"event_name":"Upgrade Shrine","floor":21,"gold_loss":0,"cards_upgraded":["Accuracy"]}],"is_beta":false,"boss_relics":[{"not_picked":["Busted Crown","Astrolabe"],"picked":"Philosopher\u0027s Stone"}],"items_purged_floors":[],"is_endless":false,"potions_floor_spawned":[1,8,14,18,19],"killed_by":"Centurion and Healer","ascension_level":10}