{"gold_per_floor":[114,134,84,97,116,116,179,214,239,239,249,269,269,295,295,397,397,407,419,434,311,311,311,326,357,383,383,409,409,423,423,423,423],"floor_reached":33,"playtime":2511,"items_purged":["Strike_B"],"score":322,"play_id":"f5cbffd6-40d7-448b-aeb2-024abadb21f5","local_time":"20181130215620","is_ascension_mode":false,"campfire_choices":[{"data":"Zap","floor":6.0,"key":"SMITH"},{"data":"Beam Cell","floor":10,"key":"SMITH"},{"data":"Lockon","floor":13,"key":"SMITH"},{"data":"Hyperbeam","floor":15,"key":"SMITH"},{"data":"Reprogram","floor":23,"key":"SMITH"},{"data":"Fission","floor":29,"key":"SMITH"},{"data":"Reinforced Body","floor":32,"key":"SMITH"}],"neow_cost":"NONE","seed_source_timestamp":0,"circlet_count":0,"master_deck":["Strike_B","Strike_B","Defend_B","Defend_B","Defend_B+1","Defend_B","Zap+1","Dualcast+1","Ball Lightning","Gash","Reinforced Body","Beam Cell+1","Rebound","Lockon+1","Hyperbeam+1","Meteor Strike","Gash","Reprogram+1","Self Repair+1","Reinforced Body+1","Ghostly","Ghostly","Ghostly","Ghostly","Ghostly","Fission+1","Reinforced Body"],"special_seed":0,"relics":["Philosopher\u0027s Stone","Oddly Smooth Stone","Blood Vial","War Paint","The Courier","Nuclear Battery","Juzu Bracelet","Ancient Tea Set","Smiling Mask"],"potions_floor_usage":[8,8,14,20,30,30],"damage_taken":[{"damage":6.0,"enemies":"Jaw Worm","floor":1.0,"turns":3.0},{"damage":5.0,"enemies":"2 Louse","floor":2.0,"turns":3.0},{"damage":1.0,"enemies":"Small Slimes","floor":4.0,"turns":4.0},{"damage":14.0,"enemies":"Exordium Wildlife","floor":5.0,"turns":5.0},{"damage":12.0,"enemies":"Lagavulin Event","floor":7.0,"turns":5.0},{"damage":2,"enemies":"3 Sentries","floor":8,"turns":5},{"damage":0,"enemies":"2 Fungi Beasts","floor":11,"turns":2},{"damage":5,"enemies":"3 Louse","floor":12,"turns":3},{"damage":15,"enemies":"Gremlin Nob","floor":14,"turns":3},{"damage":10,"enemies":"The Guardian","floor":16,"turns":8},{"damage":6,"enemies":"Chosen","floor":18,"turns":2},{"damage":8,"enemies":"Shell Parasite","floor":19,"turns":3},{"damage":0,"enemies":"Snecko","floor":20,"turns":3},{"damage":2,"enemies":"Shelled Parasite and Fungi","floor":24,"turns":5},{"damage":17,"enemies":"Gremlin Leader","floor":25,"turns":7},{"damage":1,"enemies":"Book of Stabbing","floor":28,"turns":5},{"damage":3,"enemies":"Snake Plant","floor":30,"turns":3},{"damage":44,"enemies":"Champ","floor":33,"turns":11}],"seed_played":"6538523914631149915","potions_obtained":[{"floor":2.0,"key":"Swift Potion"},{"floor":5.0,"key":"Swift Potion"},{"floor":7.0,"key":"Strength Potion"},{"floor":8,"key":"Strength Potion"},{"floor":19,"key":"Poison Potion"},{"floor":20,"key":"LiquidBronze"},{"floor":28,"key":"Swift Potion"}],"is_trial":false,"path_per_floor":["M","M","?","M","M","R","?","E","T","R","M","M","R","E","R","B",null,"M","M","M","$","?","R","M","E","T","?","E","R","M","?","R","B"],"character_chosen":"DEFECT","items_purchased":["Reinforced Body"],"campfire_rested":0,"item_purchase_floors":[21],"current_hp_per_floor":[69,64,64,63,49,49,37,35,35,35,37,34,34,21,21,13,75,69,63,65,65,37,37,37,30,30,26,37,37,42,42,42,0],"gold":423,"neow_bonus":"BOSS_RELIC","is_prod":false,"is_daily":false,"chose_seed":false,"campfire_upgraded":7,"win_rate":0,"timestamp":1543632980,"path_taken":["M","M","?","M","M","R","?","E","T","R","M","M","R","E","R","BOSS","M","M","M","$","?","R","M","E","T","?","E","R","M","?","R","BOSS"],"build_version":"2018-11-15","purchased_purges":1,"victory":false,"max_hp_per_floor":[75,75,75,75,75,75,75,75,75,75,75,75,75,75,75,75,75,75,75,75,75,37,37,37,37,37,42,42,42,42,42,42,42],"card_choices":[{"not_picked":["Barrage","Stack"],"picked":"Ball Lightning","floor":1.0},{"not_picked":["Storm","Barrage"],"picked":"Gash","floor":2.0},{"not_picked":["Force Field","Amplify"],"picked":"Reinforced Body","floor":4.0},{"not_picked":["Redo","Leap"],"picked":"Beam Cell","floor":5.0},{"not_picked":["Beam Cell","Go for the Eyes"],"picked":"Rebound","floor":7.0},{"not_picked":["Rebound","Capacitor","Conserve Battery"],"picked":"SKIP","floor":8},{"not_picked":["Redo","Chaos"],"picked":"Lockon","floor":11},{"not_picked":["Redo","Steam","Turbo"],"picked":"SKIP","floor":12},{"not_picked":["Genetic Algorithm","Leap"],"picked":"Hyperbeam","floor":14},{"not_picked":["All For One","Hyperbeam"],"picked":"Meteor Strike","floor":16},{"not_picked":["Steam+1","Loop+1"],"picked":"Gash","floor":18},{"not_picked":["Steam","Go for the Eyes"],"picked":"Reprogram","floor":19},{"not_picked":["Coolheaded","Conserve Battery+1"],"picked":"Self Repair+1","floor":20},{"not_picked":["Consume","Cold Snap+1","Sunder"],"picked":"SKIP","floor":24},{"not_picked":["Blizzard+1","Gash"],"picked":"Fission","floor":25},{"not_picked":["Leap","Tempest","Capacitor"],"picked":"SKIP","floor":28},{"not_picked":["Streamline","Sunder","Leap"],"picked":"SKIP","floor":30}],"player_experience":580558,"relics_obtained":[{"floor":7.0,"key":"Oddly Smooth Stone"},{"floor":8,"key":"Blood Vial"},{"floor":9,"key":"War Paint"},{"floor":14,"key":"The Courier"},{"floor":25,"key":"Juzu Bracelet"},{"floor":26,"key":"Ancient Tea Set"},{"floor":28,"key":"Smiling Mask"}],"event_choices":[{"cards_removed":["Strike_B"],"damage_healed":0.0,"max_hp_gain":0.0,"max_hp_loss":0.0,"gold_gain":0.0,"event_name":"The Cleric","player_choice":"Card Removal","floor":3.0,"gold_loss":50.0,"damage_taken":0.0},{"damage_healed":0.0,"max_hp_gain":0.0,"max_hp_loss":0.0,"gold_gain":30.0,"event_name":"Dead Adventurer","player_choice":"Searched \u00272\u0027 times","floor":7.0,"gold_loss":0.0,"damage_taken":0.0},{"damage_healed":0,"gold_gain":0,"player_choice":"Became a Ghost","damage_taken":0,"max_hp_gain":0,"max_hp_loss":38,"event_name":"Ghosts","floor":22,"gold_loss":0,"cards_obtained":["Ghostly","Ghostly","Ghostly","Ghostly","Ghostly"]},{"damage_healed":0,"gold_gain":0,"player_choice":"Shed Blood","damage_taken":9,"max_hp_gain":5,"max_hp_loss":0,"event_name":"Forgotten Altar","floor":27,"gold_loss":0},{"damage_healed":0,"gold_gain":0,"player_choice":"Read","damage_taken":0,"max_hp_gain":0,"max_hp_loss":0,"event_name":"The Library","floor":31,"gold_loss":0,"cards_obtained":["Reinforced Body"]}],"is_beta":false,"boss_relics":[{"not_picked":["White Beast Statue","Orrery"],"picked":"Nuclear Battery"}],"items_purged_floors":[21],"is_endless":false,"potions_floor_spawned":[2,5,7,8,19,20,28],"killed_by":"Champ","ascension_level":0}