{"gold_per_floor":[113,41,61,61,136,136,191,206,230,230,257,257,257,8,8,113,113,132,152,36,53,53,53,85,85,85,85,96,8,28,28,28,130,130,142,142,187,16,31,51,51,66,92,92,92,21,21],"floor_reached":47,"playtime":6069,"items_purged":[],"score":489,"play_id":"b41548b7-48a3-4d23-9066-87563403b6ba","local_time":"20190812001940","is_ascension_mode":false,"campfire_choices":[{"floor":6,"key":"REST"},{"floor":10,"key":"REST"},{"floor":15,"key":"REST"},{"data":"Enlightenment","floor":23,"key":"SMITH"},{"floor":25,"key":"REST"},{"data":"Dramatic Entrance","floor":27,"key":"SMITH"},{"data":"Searing Blow","floor":32,"key":"SMITH"},{"floor":41,"key":"REST"}],"neow_cost":"NONE","seed_source_timestamp":2523226070356800,"circlet_count":0,"master_deck":["Defend_R","Defend_R","Defend_R","Defend_R","Bash","Pommel Strike","Dark Embrace","Infernal Blade","Second Wind+1","Twin Strike","Iron Wave","Parasite","Enlightenment+1","Barricade","Uppercut+1","Rage","Perfected Strike","Dramatic Entrance+1","Pommel Strike+1","Writhe","Hemokinesis+1","Heavy Blade+1","Fire Breathing","True Grit","Searing Blow+1","Bite","Bite","Bite","Bite","Bite+1","Feed","Fire Breathing+1","Uppercut+1","PanicButton","Thunderclap","Armaments","Cleave+1","Parasite","Perfected Strike+1","Intimidate+1","Discovery","Cleave","Armaments"],"relics":["Burning Blood","Letter Opener","Gambling Chip","Juzu Bracelet","Vajra","Ancient Tea Set","Snecko Eye","Self Forming Clay","Bird Faced Urn","Velvet Choker","Ginger","Whetstone"],"potions_floor_usage":[11,19,24,28,33,40,42,47],"damage_taken":[{"damage":8,"enemies":"Cultist","floor":1,"turns":6},{"damage":6,"enemies":"Jaw Worm","floor":3,"turns":3},{"damage":51,"enemies":"Lagavulin Event","floor":7,"turns":8},{"damage":6,"enemies":"2 Louse","floor":8,"turns":4},{"damage":30,"enemies":"3 Sentries","floor":11,"turns":7},{"damage":67,"enemies":"Slime Boss","floor":16,"turns":17},{"damage":11,"enemies":"3 Byrds","floor":18,"turns":5},{"damage":6,"enemies":"2 Thieves","floor":19,"turns":3},{"damage":18,"enemies":"Snake Plant","floor":21,"turns":3},{"damage":25,"enemies":"Gremlin Leader","floor":24,"turns":7},{"damage":4,"enemies":"Chosen and Byrds","floor":28,"turns":4},{"damage":0,"enemies":"Snecko","floor":30,"turns":3},{"damage":53,"enemies":"Automaton","floor":33,"turns":10},{"damage":19,"enemies":"3 Shapes","floor":35,"turns":4},{"damage":26,"enemies":"2 Orb Walkers","floor":37,"turns":5},{"damage":12,"enemies":"Orb Walker","floor":39,"turns":3},{"damage":73,"enemies":"Writhing Mass","floor":40,"turns":8},{"damage":27,"enemies":"Maw","floor":42,"turns":5},{"damage":156,"enemies":"Giant Head","floor":47,"turns":10}],"seed_played":"-3430580931905239901","potions_obtained":[{"floor":7,"key":"LiquidBronze"},{"floor":11,"key":"FairyPotion"},{"floor":16,"key":"BloodPotion"},{"floor":18,"key":"PowerPotion"},{"floor":19,"key":"Energy Potion"},{"floor":24,"key":"LiquidBronze"},{"floor":30,"key":"Strength Potion"},{"floor":37,"key":"GamblersBrew"},{"floor":40,"key":"LiquidBronze"}],"is_trial":false,"path_per_floor":["M","$","M","?","?","R","?","M","T","R","E","?","?","$","R","B",null,"M","M","$","M","?","R","E","R","T","R","M","$","M","?","R","B",null,"M","?","?","$","M","M","R","M","T","?","?","$","E"],"character_chosen":"IRONCLAD","items_purchased":["Dark Embrace","Enlightenment","Ancient Tea Set","Perfected Strike","Dramatic Entrance","Fire Breathing","True Grit","PanicButton","Thunderclap","Armaments","Cleave","Armaments"],"campfire_rested":5,"item_purchase_floors":[2,14,14,20,20,29,29,38,38,38,46,46],"current_hp_per_floor":[86,86,86,74,63,88,43,43,43,69,45,45,67,67,88,27,88,83,83,83,71,71,71,52,78,78,78,86,86,88,88,88,55,88,84,84,80,80,82,27,54,43,43,43,80,80,0],"gold":21,"neow_bonus":"TEN_PERCENT_HP_BONUS","is_prod":false,"is_daily":false,"chose_seed":false,"campfire_upgraded":3,"win_rate":0,"timestamp":1565594380,"path_taken":["M","$","M","?","?","R","?","M","T","R","E","?","?","$","R","BOSS","M","M","$","M","?","R","E","R","T","R","M","$","M","?","R","BOSS","M","?","?","$","M","M","R","M","T","?","?","$","E"],"build_version":"2019-07-17","purchased_purges":0,"victory":false,"max_hp_per_floor":[88,88,88,88,88,88,88,88,88,88,88,88,88,88,88,88,88,88,88,88,88,88,88,88,88,88,88,88,88,88,88,88,88,88,91,91,91,91,91,91,91,91,91,91,80,80,80],"card_choices":[{"not_picked":["Clothesline","Heavy Blade"],"picked":"Pommel Strike","floor":1},{"not_picked":["Pommel Strike","Iron Wave"],"picked":"Infernal Blade","floor":3},{"not_picked":["Metallicize","Body Slam"],"picked":"Second Wind","floor":7},{"not_picked":["Feel No Pain","Intimidate"],"picked":"Twin Strike","floor":8},{"not_picked":["Dropkick","True Grit"],"picked":"Iron Wave","floor":11},{"not_picked":["Reaper","Impervious"],"picked":"Barricade","floor":16},{"not_picked":["Flex","Pommel Strike+1"],"picked":"Uppercut","floor":18},{"not_picked":["Bloodletting","Perfected Strike"],"picked":"Rage","floor":19},{"not_picked":["Clash","Feel No Pain"],"picked":"Pommel Strike+1","floor":21},{"not_picked":["Rage","Perfected Strike"],"picked":"Hemokinesis+1","floor":24},{"not_picked":["Entrench","Anger"],"picked":"Heavy Blade+1","floor":28},{"not_picked":["Thunderclap","Metallicize"],"picked":"Searing Blow","floor":30},{"not_picked":["Offering","Juggernaut"],"picked":"Feed","floor":33},{"not_picked":["Searing Blow","Clash+1"],"picked":"Fire Breathing+1","floor":35},{"not_picked":["Clash+1","Heavy Blade+1"],"picked":"Uppercut+1","floor":37},{"not_picked":["Shrug It Off","Combust+1"],"picked":"Cleave+1","floor":39},{"not_picked":["Sever Soul","Warcry+1"],"picked":"Perfected Strike+1","floor":40},{"not_picked":["Twin Strike","Sword Boomerang"],"picked":"Intimidate+1","floor":42},{"not_picked":["Trip","Panacea"],"picked":"Discovery","floor":44}],"player_experience":50707,"relics_obtained":[{"floor":7,"key":"Gambling Chip"},{"floor":9,"key":"Juzu Bracelet"},{"floor":11,"key":"Vajra"},{"floor":24,"key":"Bird Faced Urn"},{"floor":26,"key":"Blood Vial"},{"floor":37,"key":"Ginger"},{"floor":43,"key":"Whetstone"}],"event_choices":[{"damage_healed":0,"gold_gain":0,"player_choice":"Success","damage_taken":12,"relics_obtained":["Letter Opener"],"max_hp_gain":0,"max_hp_loss":0,"event_name":"Scrap Ooze","floor":4,"gold_loss":0},{"damage_healed":0,"gold_gain":75,"player_choice":"Gather Gold","damage_taken":11,"max_hp_gain":0,"max_hp_loss":0,"event_name":"World of Goop","floor":5,"gold_loss":0},{"damage_healed":0,"gold_gain":30,"player_choice":"Searched \u00272\u0027 times","damage_taken":0,"max_hp_gain":0,"max_hp_loss":0,"event_name":"Dead Adventurer","floor":7,"gold_loss":0},{"damage_healed":0,"gold_gain":0,"player_choice":"Grow","damage_taken":0,"max_hp_gain":0,"max_hp_loss":0,"event_name":"Living Wall","floor":12,"gold_loss":0,"cards_upgraded":["Second Wind"]},{"damage_healed":22,"gold_gain":0,"player_choice":"Healed and dodged fight","damage_taken":0,"max_hp_gain":0,"max_hp_loss":0,"event_name":"Mushrooms","floor":13,"gold_loss":0,"cards_obtained":["Parasite"]},{"damage_healed":0,"gold_gain":0,"player_choice":"Opened","damage_taken":0,"relics_obtained":["Self Forming Clay"],"max_hp_gain":0,"max_hp_loss":0,"event_name":"The Mausoleum","floor":22,"gold_loss":0,"cards_obtained":["Writhe"]},{"damage_healed":0,"gold_gain":0,"player_choice":"Became a vampire (Vial)","damage_taken":0,"max_hp_gain":0,"max_hp_loss":0,"event_name":"Vampires","floor":31,"relics_lost":["Blood Vial"],"gold_loss":0,"cards_obtained":["Bite","Bite","Bite","Bite","Bite"]},{"damage_healed":0,"gold_gain":0,"player_choice":"Ignored","damage_taken":0,"max_hp_gain":0,"max_hp_loss":0,"event_name":"Tomb of Lord Red Mask","floor":36,"gold_loss":0},{"damage_healed":0,"gold_gain":0,"player_choice":"Fight","damage_taken":0,"max_hp_gain":0,"max_hp_loss":0,"event_name":"Mysterious Sphere","floor":37,"gold_loss":0},{"damage_healed":0,"gold_gain":0,"player_choice":"Memory 1","damage_taken":0,"max_hp_gain":0,"max_hp_loss":0,"event_name":"SensoryStone","floor":44,"gold_loss":0},{"damage_healed":80,"gold_gain":0,"player_choice":"Heal","damage_taken":0,"max_hp_gain":0,"max_hp_loss":11,"event_name":"The Moai Head","floor":45,"gold_loss":0}],"is_beta":false,"boss_relics":[{"not_picked":["Eternal Feather","Tiny House"],"picked":"Snecko Eye"},{"not_picked":["Runic Cube","White Beast Statue"],"picked":"Velvet Choker"}],"items_purged_floors":[],"is_endless":false,"potions_floor_spawned":[7,11,16,18,19,24,30,37,40],"killed_by":"Giant Head","ascension_level":0}