{"gold_per_floor":[116,41,41,55,6,6,33,33,33,33,68,68,86,122,122,250,250,250,220,66,66,66,66,66,66,66,66,66,66,66,66,66,66,66,66,66,66,66,66,66,66,66,66,66,66,0,0,0,0,0],"floor_reached":50,"playtime":5628,"items_purged":["Normality"],"score":1038,"play_id":"3ea0919f-c1f8-4798-86db-913a8a1936c7","local_time":"20190804100223","is_ascension_mode":true,"campfire_choices":[{"data":"Headbutt","floor":6,"key":"SMITH"},{"data":"Sentinel","floor":10,"key":"SMITH"},{"data":"Havoc","floor":12,"key":"SMITH"},{"data":"True Grit","floor":15,"key":"SMITH"},{"data":"Bludgeon","floor":24,"key":"SMITH"},{"data":"Blood for Blood","floor":30,"key":"SMITH"},{"data":"Reaper","floor":32,"key":"SMITH"},{"data":"Spot Weakness","floor":41,"key":"SMITH"},{"floor":45,"key":"REST"},{"data":"Heavy Blade","floor":47,"key":"SMITH"},{"data":"Cleave","floor":49,"key":"SMITH"}],"neow_cost":"CURSE","seed_source_timestamp":955125868447721,"circlet_count":0,"master_deck":["AscendersBane","Strike_R","Strike_R","Strike_R","Defend_R","Defend_R","Defend_R","Defend_R","Bash","Reaper+1","Headbutt+1","Burning Pact","Sentinel+1","Bludgeon+1","Havoc+1","True Grit+1","Demon Form+1","Thunderclap","Heavy Blade+1","Anger","Cleave+1","Corruption+1","Blood for Blood+1","Feed","Infernal Blade+1","Fire Breathing+1","Combust+1","Reaper","Thunderclap+1","Spot Weakness+1","Carnage+1","Inflame+1","Feel No Pain+1","Seeing Red"],"relics":["Burning Blood","Blue Candle","Meat on the Bone","Bottled Flame","Frozen Egg 2","Ectoplasm","Potion Belt","Orichalcum","WingedGreaves","Mercury Hourglass","Anchor","Champion Belt","White Beast Statue","Ice Cream","Vajra","Dodecahedron","Regal Pillow","Omamori","Red Mask"],"potions_floor_usage":[4,7,14,21,23,28,33,38,38,39,39,40,42,48,50,50],"damage_taken":[{"damage":4,"enemies":"Jaw Worm","floor":1,"turns":6},{"damage":1,"enemies":"Cultist","floor":4,"turns":4},{"damage":35,"enemies":"3 Sentries","floor":7,"turns":12},{"damage":32,"enemies":"Gremlin Nob","floor":11,"turns":4},{"damage":0,"enemies":"2 Louse","floor":13,"turns":2},{"damage":21,"enemies":"3 Sentries","floor":14,"turns":7},{"damage":49,"enemies":"The Guardian","floor":16,"turns":13},{"damage":15,"enemies":"Shell Parasite","floor":18,"turns":6},{"damage":11,"enemies":"2 Thieves","floor":19,"turns":3},{"damage":23,"enemies":"Chosen and Byrds","floor":21,"turns":6},{"damage":24,"enemies":"3 Cultists","floor":22,"turns":4},{"damage":45,"enemies":"Slavers","floor":23,"turns":6},{"damage":21,"enemies":"Gremlin Leader","floor":25,"turns":7},{"damage":23,"enemies":"Slavers","floor":28,"turns":5},{"damage":4,"enemies":"Gremlin Leader","floor":29,"turns":4},{"damage":24,"enemies":"Sentry and Sphere","floor":31,"turns":4},{"damage":15,"enemies":"Champ","floor":33,"turns":7},{"damage":23,"enemies":"3 Darklings","floor":35,"turns":5},{"damage":34,"enemies":"3 Shapes","floor":37,"turns":7},{"damage":33,"enemies":"3 Darklings","floor":38,"turns":4},{"damage":22,"enemies":"Mind Bloom Boss Battle","floor":39,"turns":6},{"damage":29,"enemies":"Giant Head","floor":40,"turns":6},{"damage":48,"enemies":"Reptomancer","floor":42,"turns":5},{"damage":62,"enemies":"Giant Head","floor":44,"turns":7},{"damage":26,"enemies":"4 Shapes","floor":48,"turns":4},{"damage":101,"enemies":"Awakened One","floor":50,"turns":6}],"seed_played":"6709055300247271903","potions_obtained":[{"floor":1,"key":"Energy Potion"},{"floor":7,"key":"Ancient Potion"},{"floor":13,"key":"Energy Potion"},{"floor":19,"key":"Regen Potion"},{"floor":21,"key":"Ancient Potion"},{"floor":29,"key":"Poison Potion"},{"floor":33,"key":"Energy Potion"},{"floor":35,"key":"PowerPotion"},{"floor":37,"key":"Strength Potion"},{"floor":38,"key":"Block Potion"},{"floor":39,"key":"Weak Potion"},{"floor":40,"key":"AttackPotion"},{"floor":42,"key":"Explosive Potion"},{"floor":44,"key":"Dexterity Potion"},{"floor":48,"key":"Strength Potion"}],"is_trial":false,"path_per_floor":["M","$","?","M","$","R","E","?","T","R","E","R","M","E","R","B",null,"M","M","$","M","M","E","R","E","T","?","E","E","R","M","R","B",null,"M","?","M","M","?","E","R","E","T","E","R","?","R","M","R","B"],"character_chosen":"IRONCLAD","items_purchased":["Strength Potion","Potion Belt"],"campfire_rested":1,"item_purchase_floors":[5,20],"current_hp_per_floor":[74,74,74,80,80,80,63,43,43,43,33,33,51,48,48,21,65,56,51,51,49,65,52,52,52,52,52,57,69,69,51,51,58,77,60,60,54,48,56,54,54,56,56,20,60,60,60,61,61,0],"gold":0,"neow_bonus":"THREE_RARE_CARDS","is_prod":false,"is_daily":false,"chose_seed":false,"campfire_upgraded":10,"win_rate":0,"timestamp":1564938143,"path_taken":["M","$","?","?","?","R","E","?","T","R","E","R","M","E","R","BOSS","M","M","$","M","M","E","R","E","T","?","E","E","R","?","R","BOSS","M","?","M","M","?","E","R","E","T","E","R","?","R","M","R","BOSS"],"build_version":"2019-07-17","purchased_purges":1,"victory":false,"max_hp_per_floor":[80,80,80,80,80,80,80,80,80,80,80,80,80,80,80,80,80,80,80,80,80,80,80,80,80,80,80,83,83,83,83,83,83,83,83,83,83,83,86,86,86,86,86,86,86,86,86,89,89,89],"card_choices":[{"not_picked":["Fiend Fire","Double Tap"],"picked":"Reaper","floor":0},{"not_picked":["Havoc","Heavy Blade"],"picked":"Headbutt","floor":1},{"not_picked":["Heavy Blade","Burning Pact"],"picked":"Sentinel","floor":4},{"not_picked":["Anger","Feel No Pain"],"picked":"Bludgeon","floor":7},{"not_picked":["Body Slam","Cleave"],"picked":"Havoc","floor":11},{"not_picked":["Rupture","Uppercut"],"picked":"True Grit","floor":13},{"not_picked":["Perfected Strike","Searing Blow","Wild Strike"],"picked":"SKIP","floor":14},{"not_picked":["Brutality+1","Feed"],"picked":"Demon Form+1","floor":16},{"not_picked":["Pommel Strike","Reckless Charge"],"picked":"Thunderclap","floor":18},{"not_picked":["Headbutt+1","Wild Strike"],"picked":"Heavy Blade","floor":19},{"not_picked":["Armaments","Body Slam"],"picked":"Anger","floor":21},{"not_picked":["Sword Boomerang","Reaper"],"picked":"Cleave","floor":22},{"not_picked":["Combust+1","Warcry"],"picked":"Corruption+1","floor":23},{"not_picked":["Wild Strike","Bloodletting"],"picked":"Blood for Blood","floor":25},{"not_picked":["Clothesline","Havoc"],"picked":"Infernal Blade+1","floor":28},{"not_picked":["Reckless Charge","Evolve+1"],"picked":"Fire Breathing+1","floor":29},{"not_picked":["Wild Strike","Havoc"],"picked":"Combust+1","floor":31},{"not_picked":["Impervious","Brutality+1"],"picked":"Reaper","floor":33},{"not_picked":["Armaments","Clash"],"picked":"Thunderclap+1","floor":35},{"not_picked":["Heavy Blade","Wild Strike","Sword Boomerang+1"],"picked":"SKIP","floor":37},{"not_picked":["Cleave","Twin Strike+1","Sword Boomerang"],"picked":"SKIP","floor":38},{"not_picked":["Body Slam","Wild Strike"],"picked":"Spot Weakness","floor":39},{"not_picked":["Searing Blow","Rage+1"],"picked":"Carnage+1","floor":40},{"not_picked":["Reaper","Cleave"],"picked":"Inflame+1","floor":42},{"not_picked":["Seeing Red","Power Through+1"],"picked":"Feel No Pain+1","floor":44},{"not_picked":["Thunderclap","Clothesline"],"picked":"Seeing Red","floor":48}],"player_experience":449493,"relics_obtained":[{"floor":7,"key":"Blue Candle"},{"floor":9,"key":"Meat on the Bone"},{"floor":11,"key":"Bottled Flame"},{"floor":14,"key":"Frozen Egg 2"},{"floor":23,"key":"Orichalcum"},{"floor":25,"key":"WingedGreaves"},{"floor":26,"key":"Mercury Hourglass"},{"floor":28,"key":"Anchor"},{"floor":29,"key":"Champion Belt"},{"floor":39,"key":"Ice Cream"},{"floor":40,"key":"Vajra"},{"floor":42,"key":"Dodecahedron"},{"floor":43,"key":"Regal Pillow"},{"floor":44,"key":"Omamori"}],"event_choices":[{"damage_healed":0,"gold_gain":0,"cards_transformed":["Strike_R"],"player_choice":"Transformed","damage_taken":0,"max_hp_gain":0,"max_hp_loss":0,"event_name":"Transmorgrifier","floor":3,"gold_loss":0,"cards_obtained":["Burning Pact"]},{"damage_healed":0,"gold_gain":0,"player_choice":"Take Damage","damage_taken":20,"relics_obtained":["Golden Idol"],"max_hp_gain":0,"max_hp_loss":0,"event_name":"Golden Idol","floor":8,"gold_loss":0},{"damage_healed":0,"gold_gain":0,"cards_transformed":["Strike_R"],"player_choice":"Transformed","damage_taken":0,"max_hp_gain":0,"max_hp_loss":0,"event_name":"Transmorgrifier","floor":27,"gold_loss":0,"cards_obtained":["Feed"]},{"damage_healed":0,"gold_gain":333,"player_choice":"Gave Idol","damage_taken":0,"max_hp_gain":0,"max_hp_loss":0,"event_name":"The Moai Head","floor":36,"relics_lost":["Golden Idol"],"gold_loss":0},{"damage_healed":0,"gold_gain":0,"player_choice":"Fight","damage_taken":0,"max_hp_gain":0,"max_hp_loss":0,"event_name":"MindBloom","floor":39,"gold_loss":0},{"damage_healed":0,"gold_gain":0,"player_choice":"Paid","damage_taken":0,"relics_obtained":["Red Mask"],"max_hp_gain":0,"max_hp_loss":0,"event_name":"Tomb of Lord Red Mask","floor":46,"gold_loss":66}],"is_beta":false,"boss_relics":[{"not_picked":["Runic Dome","Eternal Feather"],"picked":"Ectoplasm"},{"not_picked":["Pandora\u0027s Box","Tiny House"],"picked":"White Beast Statue"}],"items_purged_floors":[2],"is_endless":false,"potions_floor_spawned":[1,7,13,19,21,29,33,35,37,38,39,40,42,44,48],"killed_by":"Awakened One","ascension_level":12}