{"gold_per_floor":[112,128,53,53,68,68,68,78,78,111,111,127,127,27,27,27],"floor_reached":16,"playtime":398,"items_purged":["Strike_R","Strike_R"],"score":195,"play_id":"2697b8e2-8197-4412-bf9c-e1fc39107c3e","local_time":"20190101215020","is_ascension_mode":true,"campfire_choices":[{"floor":6,"key":"REST"},{"floor":13,"key":"REST"},{"floor":15,"key":"REST"}],"neow_cost":"NONE","seed_source_timestamp":562388731198251,"circlet_count":0,"master_deck":["AscendersBane","Strike_R","Strike_R","Strike_R","Defend_R","Defend_R","Defend_R","Defend_R","Bash","Flex","Twin Strike","Ghostly Armor","Fiend Fire","Cleave"],"special_seed":0,"relics":["Fusion Hammer","NlothsMask","Pear","Golden Idol"],"potions_floor_usage":[12],"damage_taken":[{"damage":4.0,"enemies":"Small Slimes","floor":1.0,"turns":4.0},{"damage":0.0,"enemies":"Cultist","floor":2.0,"turns":3.0},{"damage":0,"enemies":"Jaw Worm","floor":5,"turns":3},{"damage":21,"enemies":"Large Slime","floor":8,"turns":6},{"damage":36,"enemies":"Gremlin Nob","floor":10,"turns":4},{"damage":9,"enemies":"Blue Slaver","floor":12,"turns":3},{"damage":67,"enemies":"The Guardian","floor":16,"turns":11}],"seed_played":"-7603505412276695717","potions_obtained":[{"floor":2,"key":"SkillPotion"},{"floor":10,"key":"Energy Potion"}],"is_trial":false,"path_per_floor":["M","M","M","$","?","M","R","?","M","T","E","?","M","R","$","R","B"],"character_chosen":"IRONCLAD","items_purchased":[],"campfire_rested":3,"item_purchase_floors":[],"current_hp_per_floor":[64,64,64,64,64,75,75,54,54,28,28,19,42,42,65,0],"gold":27,"neow_bonus":"BOSS_RELIC","is_prod":false,"is_daily":false,"chose_seed":false,"campfire_upgraded":0,"win_rate":0,"timestamp":1546397420,"path_taken":["M","M","$","?","?","R","?","M","T","E","?","M","R","?","R","BOSS"],"build_version":"2018-12-20","purchased_purges":2,"victory":false,"max_hp_per_floor":[75,75,75,75,75,75,75,75,75,85,77,77,77,77,77,77],"card_choices":[{"not_picked":["Clothesline","Combust","Sentinel"],"picked":"SKIP","floor":1.0},{"not_picked":["Rupture","Body Slam"],"picked":"Flex","floor":2},{"not_picked":["Brutality","Power Through"],"picked":"Twin Strike","floor":5},{"not_picked":["Flex","Rampage"],"picked":"Ghostly Armor","floor":8},{"not_picked":["Shockwave","Pommel Strike"],"picked":"Fiend Fire","floor":10},{"not_picked":["Pommel Strike","Iron Wave"],"picked":"Cleave","floor":12}],"player_experience":656510,"relics_obtained":[{"floor":10,"key":"Pear"}],"event_choices":[{"damage_healed":0,"gold_gain":0,"player_choice":"Trade","damage_taken":0,"relics_obtained":["NlothsMask"],"max_hp_gain":0,"max_hp_loss":0,"event_name":"FaceTrader","floor":4,"gold_loss":0},{"damage_healed":0,"gold_gain":0,"player_choice":"Searched \u00270\u0027 times","damage_taken":0,"max_hp_gain":0,"max_hp_loss":0,"event_name":"Dead Adventurer","floor":7,"gold_loss":0},{"damage_healed":0,"gold_gain":0,"player_choice":"Lose Max HP","damage_taken":0,"relics_obtained":["Golden Idol"],"max_hp_gain":0,"max_hp_loss":8,"event_name":"Golden Idol","floor":11,"gold_loss":0}],"is_beta":false,"boss_relics":[],"items_purged_floors":[3,14],"is_endless":false,"potions_floor_spawned":[2,10],"killed_by":"The Guardian","ascension_level":19}