{"gold_per_floor":[117,117,192,65,82,114,132,132,155,155,168,178,204,266,266,266],"floor_reached":16,"playtime":1112,"items_purged":["Strike_R"],"score":143,"play_id":"fd86be2b-ae40-4130-9c57-5a097751ddcb","local_time":"20180925184823","is_ascension_mode":true,"campfire_choices":[{"floor":8,"key":"REST"},{"data":"Inflame","floor":10,"key":"SMITH"},{"data":"Warcry","floor":15,"key":"SMITH"}],"neow_cost":"NONE","seed_source_timestamp":1216742047105545,"circlet_count":0,"master_deck":["Strike_R","Strike_R","Strike_R","Strike_R","Defend_R","Defend_R","Defend_R","Defend_R","Bash+1","Iron Wave","Pommel Strike","Clothesline","Inflame+1","Warcry+1","Body Slam","Body Slam","Iron Wave"],"relics":["Burning Blood","Blood Vial","Anchor","Potion Belt","PreservedInsect"],"potions_floor_usage":[11,13,16,16],"damage_taken":[{"damage":1,"enemies":"2 Louse","floor":1,"turns":3},{"damage":7,"enemies":"Small Slimes","floor":5,"turns":3},{"damage":42,"enemies":"Lagavulin","floor":6,"turns":8},{"damage":4,"enemies":"Jaw Worm","floor":7,"turns":3},{"damage":6,"enemies":"Lots of Slimes","floor":11,"turns":4},{"damage":12,"enemies":"Exordium Wildlife","floor":12,"turns":5},{"damage":19,"enemies":"Gremlin Nob","floor":13,"turns":4},{"damage":28,"enemies":"Gremlin Nob","floor":14,"turns":5},{"damage":40,"enemies":"Hexaghost","floor":16,"turns":9}],"seed_played":"-8812608826931641346","potions_obtained":[{"floor":5,"key":"Fire Potion"},{"floor":12,"key":"Regen Potion"},{"floor":13,"key":"GamblersBrew"},{"floor":14,"key":"Block Potion"}],"is_trial":false,"path_per_floor":["M","$","?","$","M","E","M","R","T","R","M","M","E","?","R"],"character_chosen":"IRONCLAD","items_purchased":["Pommel Strike"],"campfire_rested":1,"item_purchase_floors":[4],"current_hp_per_floor":[77,77,66,66,65,29,33,57,57,57,59,55,56,36,36,0],"gold":266,"neow_bonus":"UPGRADE_CARD","is_prod":false,"is_daily":false,"chose_seed":false,"campfire_upgraded":2,"win_rate":0,"timestamp":1537915703,"path_taken":["M","$","?","$","M","E","M","R","T","R","?","M","E","?","R","BOSS"],"build_version":"2018-09-20","purchased_purges":1,"victory":false,"max_hp_per_floor":[80,80,80,80,80,80,80,80,80,80,80,80,80,80,80,80],"card_choices":[{"not_picked":["Anger","Second Wind"],"picked":"Iron Wave","floor":1},{"not_picked":["Infernal Blade","Disarm"],"picked":"Clothesline","floor":5},{"not_picked":["Shockwave","Sword Boomerang"],"picked":"Inflame","floor":6},{"not_picked":["Perfected Strike","Flex","Combust"],"picked":"SKIP","floor":7},{"not_picked":["Flex","Intimidate"],"picked":"Warcry","floor":11},{"not_picked":["Twin Strike","True Grit"],"picked":"Body Slam","floor":12},{"not_picked":["Hemokinesis","Offering"],"picked":"Body Slam","floor":13},{"not_picked":["Armaments","Feel No Pain"],"picked":"Iron Wave","floor":14}],"player_experience":402395,"relics_obtained":[{"floor":6,"key":"Blood Vial"},{"floor":9,"key":"Anchor"},{"floor":13,"key":"Potion Belt"},{"floor":14,"key":"PreservedInsect"}],"event_choices":[{"event_name":"World of Goop","player_choice":"Gather Gold","floor":3,"damage_taken":0},{"event_name":"Dead Adventurer","player_choice":"Searched \u00272\u0027 times","floor":14,"damage_taken":0}],"is_beta":false,"boss_relics":[],"items_purged_floors":[4],"is_endless":false,"potions_floor_spawned":[5,12,13,14],"killed_by":"Hexaghost","ascension_level":6}