{"gold_per_floor":[215,215,231,231,32,32,42,42,42,56,87,87,100,116,116,217,217,227,177,177,189,208,208,133,148,148,148,148,182,182,182],"floor_reached":31,"playtime":1409,"items_purged":["Strike_B"],"score":395,"play_id":"9f633d84-ca6a-43d0-a039-d082ed52ed25","local_time":"20181016151609","is_ascension_mode":true,"campfire_choices":[{"data":"Pain","floor":6,"key":"PURGE"},{"data":"Apotheosis","floor":8,"key":"SMITH"},{"data":"Strike_B","floor":12,"key":"PURGE"},{"data":"Strike_B","floor":15,"key":"PURGE"},{"floor":23,"key":"REST"},{"data":"Strike_B","floor":27,"key":"PURGE"},{"data":"Defend_B","floor":30,"key":"PURGE"}],"neow_cost":"NONE","seed_source_timestamp":274421058502012,"circlet_count":0,"master_deck":["Defend_B","Defend_B","Defend_B","Zap","AscendersBane","Defragment","Apotheosis+1","Sweeping Beam","Reboot","Tempest","Sunder+1","Sweeping Beam+1","Buffer","Leap","Ball Lightning+1"],"relics":["Cracked Core","WarpedTongs","Peace Pipe","Meat on the Bone","Molten Egg 2","Busted Crown","Darkstone Periapt","Mango"],"potions_floor_usage":[10,11,22,29,29],"damage_taken":[{"damage":1,"enemies":"Cultist","floor":1,"turns":4},{"damage":10,"enemies":"2 Louse","floor":3,"turns":3},{"damage":9,"enemies":"Jaw Worm","floor":7,"turns":3},{"damage":1,"enemies":"Exordium Wildlife","floor":10,"turns":3},{"damage":6,"enemies":"3 Sentries","floor":11,"turns":5},{"damage":22,"enemies":"Gremlin Gang","floor":13,"turns":4},{"damage":3,"enemies":"Looter","floor":14,"turns":2},{"damage":25,"enemies":"The Guardian","floor":16,"turns":9},{"damage":6,"enemies":"Chosen","floor":18,"turns":4},{"damage":14,"enemies":"2 Thieves","floor":21,"turns":3},{"damage":40,"enemies":"Snake Plant","floor":22,"turns":3},{"damage":12,"enemies":"Shelled Parasite and Fungi","floor":25,"turns":4},{"damage":38,"enemies":"Slavers","floor":29,"turns":4},{"damage":32,"enemies":"Book of Stabbing","floor":31,"turns":5}],"seed_played":"-5617814547916912903","potions_obtained":[{"floor":1,"key":"Block Potion"},{"floor":7,"key":"SpeedPotion"},{"floor":16,"key":"Explosive Potion"},{"floor":18,"key":"Strength Potion"},{"floor":25,"key":"SkillPotion"}],"is_trial":false,"path_per_floor":["M","?","M","T","$","R","M","R","T","M","E","R","M","M","R","B",null,"M","?","?","M","M","R","$","M","T","R","?","E","R"],"character_chosen":"DEFECT","items_purchased":["Apotheosis"],"campfire_rested":1,"item_purchase_floors":[5],"current_hp_per_floor":[67,67,57,57,57,57,48,48,48,47,41,41,31,40,40,27,63,57,57,50,48,20,42,42,42,42,42,42,30,30,0],"gold":182,"neow_bonus":"HUNDRED_GOLD","is_prod":false,"is_daily":false,"chose_seed":false,"campfire_upgraded":1,"win_rate":0,"timestamp":1539717369,"path_taken":["M","?","M","?","?","R","M","R","T","?","E","R","M","M","R","BOSS","M","?","?","M","?","R","?","M","T","R","?","E","R","E"],"build_version":"2018-10-11","purchased_purges":1,"victory":false,"max_hp_per_floor":[75,75,75,75,75,75,75,75,75,75,75,75,75,75,75,75,75,75,75,75,75,75,75,75,75,75,75,75,89,89,89],"card_choices":[{"not_picked":["Reprogram","Beam Cell","Barrage"],"picked":"SKIP","floor":1},{"not_picked":["Hologram","Steam"],"picked":"Defragment","floor":3},{"not_picked":["Meteor Strike","Conserve Battery"],"picked":"Sweeping Beam","floor":7},{"not_picked":["Rebound","Reinforced Body"],"picked":"Reboot","floor":10},{"not_picked":["Skim","Compile Driver"],"picked":"Tempest","floor":11},{"not_picked":["Hologram","Capacitor"],"picked":"Sunder+1","floor":13},{"not_picked":["Redo","Go for the Eyes+1"],"picked":"Sweeping Beam+1","floor":14},{"not_picked":["Reboot","Fission"],"picked":"Buffer","floor":16},{"not_picked":["Doom and Gloom+1"],"picked":"SKIP","floor":18},{"not_picked":["Stack"],"picked":"SKIP","floor":21},{"not_picked":[],"picked":"Leap","floor":22},{"not_picked":["Turbo+1"],"picked":"SKIP","floor":25},{"not_picked":["Barrage+1"],"picked":"SKIP","floor":29}],"player_experience":505474,"relics_obtained":[{"floor":4,"key":"Peace Pipe"},{"floor":9,"key":"Meat on the Bone"},{"floor":11,"key":"Molten Egg 2"},{"floor":26,"key":"Darkstone Periapt"},{"floor":29,"key":"Mango"}],"event_choices":[{"event_name":"Accursed Blacksmith","player_choice":"Rummage","floor":2,"damage_taken":0},{"event_name":"The Joust","player_choice":"Bet on Murderer","floor":19,"damage_taken":0},{"event_name":"Knowing Skull","player_choice":"","floor":20,"damage_taken":0},{"event_name":"Transmorgrifier","player_choice":"Transform","floor":28,"damage_taken":0}],"is_beta":false,"boss_relics":[{"not_picked":["Coffee Dripper","Eternal Feather"],"picked":"Busted Crown"}],"items_purged_floors":[24],"is_endless":false,"potions_floor_spawned":[1,7,16,18,25],"killed_by":"Book of Stabbing","ascension_level":11}