{"path_per_floor":["M","?","?","M","M","R","$","?","T","R","?","M","M","?","R","B",null,"M","$","M","M","M"],"character_chosen":"IRONCLAD","items_purchased":["Whetstone"],"gold_per_floor":[111,186,186,200,220,220,70,70,70,70,70,83,101,101,101,204,204,216,141,152,166,180],"floor_reached":23,"campfire_rested":0,"playtime":465,"current_hp_per_floor":[80,69,74,78,73,73,73,56,56,56,63,68,74,74,74,26,92,72,72,70,55,47],"items_purged":["Warcry"],"gold":180,"score":183,"play_id":"c732cb73-7d15-4537-ab98-8791b3e89d9a","is_prod":false,"is_daily":false,"is_ascension_mode":false,"campfire_upgraded":3,"path_taken":["M","?","?","?","M","R","$","?","T","R","?","?","M","?","R","BOSS","M","$","?","M","M","E"],"build_version":"2018-02-22-PROD2","purchased_purges":1,"victory":false,"master_deck":["Bash+1","Flex+1","Clash+1","Demon Form+1","Cleave+1","Limit Break","Heavy Blade","Body Slam","Anger","Metallicize","Cleave","Thunderclap","Flame Barrier","Sword Boomerang+1","Clash"],"max_hp_per_floor":[80,80,85,85,85,85,85,85,85,85,92,92,92,92,92,92,92,92,92,92,92,92],"relics":["Burning Blood","Whetstone","Bird Faced Urn","Strawberry","Pandora\u0027s Box"],"card_choices":[{"not_picked":["Thunderclap","Iron Wave"],"picked":"Flex"},{"not_picked":["Sever Soul","Warcry"],"picked":"Clash"},{"not_picked":["Blood for Blood","Second Wind"],"picked":"Demon Form"},{"not_picked":["Disarm","Feel No Pain"],"picked":"Cleave"},{"not_picked":["Barricade","Double Tap"],"picked":"Limit Break"},{"not_picked":["Hemokinesis","Clash"],"picked":"Sword Boomerang"},{"not_picked":["Body Slam","Warcry"],"picked":"Clash"}],"player_experience":348971,"potions_floor_usage":[22,23,23],"damage_taken":[{"damage":0,"enemies":"Small Slimes","floor":1,"turns":4},{"damage":2,"enemies":"2 Louse","floor":4,"turns":4},{"damage":11,"enemies":"Jaw Worm","floor":5,"turns":2},{"damage":1,"enemies":"Exordium Thugs","floor":12,"turns":3},{"damage":0,"enemies":"3 Louse","floor":13,"turns":2},{"damage":56,"enemies":"Hexaghost","floor":16,"turns":8},{"damage":26,"enemies":"Chosen","floor":18,"turns":5},{"damage":10,"enemies":"Spheric Guardian","floor":20,"turns":3},{"damage":21,"enemies":"Snake Plant","floor":21,"turns":2},{"damage":16,"enemies":"Slaver and Parasite","floor":22,"turns":3},{"damage":51,"enemies":"Book of Stabbing","floor":23,"turns":5}],"event_choices":[{"event_name":"World of Goop","player_choice":"Gather Gold","floor":2,"damage_taken":0},{"event_name":"Big Fish","player_choice":"Donut","floor":3,"damage_taken":0},{"event_name":"Shining Light","player_choice":"Entered Light","floor":8,"damage_taken":0},{"event_name":"Dead Adventurer","player_choice":"Searched \u00272\u0027 times","floor":11,"damage_taken":0},{"event_name":"Liars Game","player_choice":"disagreed","floor":14,"damage_taken":0}],"boss_relics":[{"not_picked":["Orrery","Snecko Eye"],"picked":"Pandora\u0027s Box"}],"potions_floor_spawned":[12,16,20,22],"seed_played":"588455057000045769","killed_by":"Book of Stabbing","ascension_level":0,"is_trial":false}