{"gold_per_floor":[119,44,44,60,60,86,86,161,184,184,184],"floor_reached":11,"playtime":339,"items_purged":["Strike_R"],"score":179,"play_id":"862d7147-9d4a-423b-9264-5d8b13635e51","local_time":"20181231172444","is_ascension_mode":true,"campfire_choices":[{"data":"Body Slam","floor":10,"key":"SMITH"}],"neow_cost":"NONE","seed_source_timestamp":460135069472027,"circlet_count":0,"master_deck":["AscendersBane","Strike_R+1","Strike_R","Strike_R","Strike_R","Defend_R","Defend_R","Defend_R","Defend_R","Bash","Thunderclap+1","Evolve","Body Slam+1"],"relics":["Burning Blood","NeowsBlessing","Pen Nib","Smiling Mask"],"potions_floor_usage":[],"damage_taken":[{"damage":0,"enemies":"Small Slimes","floor":1,"turns":1},{"damage":0,"enemies":"Jaw Worm","floor":4,"turns":1},{"damage":0,"enemies":"Lagavulin","floor":6,"turns":1},{"damage":56,"enemies":"3 Sentries","floor":11,"turns":7}],"seed_played":"-3889486559851441211","potions_obtained":[{"floor":1,"key":"Ancient Potion"}],"is_trial":false,"path_per_floor":["M","$","?","M","$","E","?","?","T","R","E"],"character_chosen":"IRONCLAD","items_purchased":[],"campfire_rested":0,"item_purchase_floors":[],"current_hp_per_floor":[74,74,79,80,80,80,56,45,45,45,0],"gold":184,"neow_bonus":"THREE_ENEMY_KILL","is_prod":false,"is_daily":false,"chose_seed":false,"campfire_upgraded":1,"win_rate":0,"timestamp":1546295084,"path_taken":["M","$","?","M","$","E","?","?","T","R","E"],"build_version":"2018-12-20","purchased_purges":1,"victory":false,"max_hp_per_floor":[75,75,80,80,80,80,80,80,80,80,80],"card_choices":[{"not_picked":["Uppercut","Metallicize"],"picked":"Thunderclap","floor":1},{"not_picked":["Anger","Pommel Strike"],"picked":"Evolve","floor":4},{"not_picked":["Sentinel","Perfected Strike"],"picked":"Body Slam","floor":6}],"player_experience":651183,"relics_obtained":[{"floor":6,"key":"Pen Nib"},{"floor":9,"key":"Smiling Mask"}],"event_choices":[{"damage_healed":0,"gold_gain":0,"player_choice":"Donut","damage_taken":0,"max_hp_gain":5,"max_hp_loss":0,"event_name":"Big Fish","floor":3,"gold_loss":0},{"damage_healed":0,"gold_gain":0,"player_choice":"Entered Light","damage_taken":24,"max_hp_gain":0,"max_hp_loss":0,"event_name":"Shining Light","floor":7,"gold_loss":0,"cards_upgraded":["Thunderclap","Strike_R"]},{"damage_healed":0,"gold_gain":75,"player_choice":"Gather Gold","damage_taken":11,"max_hp_gain":0,"max_hp_loss":0,"event_name":"World of Goop","floor":8,"gold_loss":0}],"is_beta":false,"boss_relics":[],"items_purged_floors":[2],"is_endless":false,"potions_floor_spawned":[1],"killed_by":"3 Sentries","ascension_level":18}