{"gold_per_floor":[112,126,25,25,39,39,54,69,123,123,139,39,54,54],"floor_reached":14,"playtime":519,"items_purged":["Strike_B","Strike_B"],"score":164,"play_id":"fc038b8e-ed97-441a-8051-f8d777a750d3","local_time":"20190723113401","is_ascension_mode":true,"campfire_choices":[{"data":"Redo","floor":6,"key":"SMITH"},{"data":"Redo","floor":10,"key":"SMITH"}],"neow_cost":"NONE","seed_source_timestamp":85411609965342,"circlet_count":0,"master_deck":["AscendersBane","Strike_B","Defend_B","Defend_B","Defend_B","Defend_B","Zap","Dualcast","Thunder Strike","Rebound","Redo+1","Redo+1","Ball Lightning","Sweeping Beam","Defragment","Rebound","Lockon"],"relics":["Cracked Core","Tiny Chest"],"potions_floor_usage":[7,7,14],"damage_taken":[{"damage":0,"enemies":"Cultist","floor":1,"turns":3},{"damage":9,"enemies":"Jaw Worm","floor":2,"turns":3},{"damage":8,"enemies":"2 Louse","floor":5,"turns":2},{"damage":9,"enemies":"Large Slime","floor":7,"turns":4},{"damage":22,"enemies":"Exordium Wildlife","floor":8,"turns":6},{"damage":3,"enemies":"Blue Slaver","floor":11,"turns":3},{"damage":12,"enemies":"Looter","floor":13,"turns":3},{"damage":6,"enemies":"Exordium Thugs","floor":14,"turns":2}],"seed_played":"989614861397755665","potions_obtained":[{"floor":2,"key":"Regen Potion"},{"floor":5,"key":"PowerPotion"},{"floor":11,"key":"Explosive Potion"}],"is_trial":false,"path_per_floor":["M","M","$","?","M","R","M","M","T","R","M","$","M","M"],"character_chosen":"DEFECT","items_purchased":["Redo"],"campfire_rested":0,"item_purchase_floors":[3],"current_hp_per_floor":[64,55,55,48,40,40,43,21,21,21,18,18,6,0],"gold":54,"neow_bonus":"ONE_RANDOM_RARE_CARD","is_prod":false,"is_daily":false,"chose_seed":false,"campfire_upgraded":2,"win_rate":0,"timestamp":1563896041,"path_taken":["M","?","?","?","M","R","M","M","T","R","M","?","M","M"],"build_version":"2019-07-17","purchased_purges":2,"victory":false,"max_hp_per_floor":[71,71,71,71,71,71,71,71,71,71,71,71,71,71],"card_choices":[{"not_picked":["Streamline","Capacitor"],"picked":"Rebound","floor":1},{"not_picked":["Conserve Battery","Hello World"],"picked":"Redo","floor":2},{"not_picked":["Sweeping Beam","Stack"],"picked":"Ball Lightning","floor":5},{"not_picked":["Undo","Streamline"],"picked":"Sweeping Beam","floor":7},{"not_picked":["Gash","Double Energy"],"picked":"Defragment","floor":8},{"not_picked":["Beam Cell","Hologram"],"picked":"Rebound","floor":11},{"not_picked":["Streamline","Storm"],"picked":"Lockon","floor":13}],"player_experience":913151,"relics_obtained":[{"floor":9,"key":"Tiny Chest"}],"event_choices":[{"cards_removed":["Strike_B"],"damage_healed":0,"gold_gain":0,"player_choice":"Card Removal","damage_taken":7,"max_hp_gain":0,"max_hp_loss":0,"event_name":"Golden Wing","floor":4,"gold_loss":0}],"is_beta":false,"boss_relics":[],"items_purged_floors":[3,12],"is_endless":false,"potions_floor_spawned":[2,5,11],"killed_by":"Exordium Thugs","ascension_level":19}