{"gold_per_floor":[118,118,118,129,141,153,153,184,184,184,109,140,140,175,175,280,280,294,219,13,13,32,65,65,90,90,123,141,141,155,174,174,277,277,289,303,303,303,159,159],"floor_reached":40,"playtime":3460,"items_purged":["Strike_R"],"score":462,"play_id":"c8845f6c-994b-4c2a-a94b-8b84063df7c1","local_time":"20190302000959","is_ascension_mode":false,"campfire_choices":[{"data":"Pommel Strike","floor":7,"key":"SMITH"},{"data":"Disarm","floor":10,"key":"SMITH"},{"floor":13,"key":"REST"},{"data":"Spot Weakness","floor":15,"key":"SMITH"},{"floor":24,"key":"REST"},{"floor":32,"key":"REST"}],"neow_cost":"NONE","seed_source_timestamp":72505669668756,"circlet_count":0,"master_deck":["Strike_R+1","Defend_R","Defend_R","Uppercut+1","Cleave","Pommel Strike+1","Disarm+1","Spot Weakness+1","Armaments","Impervious","Juggernaut+1","Disarm+1","Metallicize","Poisoned Stab+1","Streamline+1","Rampage","Master of Strategy","Phantasmal Killer","Infinite Blades"],"relics":["Burning Blood","Red Skull","Potion Belt","Meat on the Bone","Vajra","Astrolabe","PrismaticShard","Nunchaku","Bag of Marbles","Bottled Flame","Self Forming Clay","Black Star","Regal Pillow"],"potions_floor_usage":[27],"damage_taken":[{"damage":2,"enemies":"2 Louse","floor":1,"turns":4},{"damage":4,"enemies":"Cultist","floor":4,"turns":3},{"damage":1,"enemies":"Jaw Worm","floor":5,"turns":3},{"damage":7,"enemies":"Exordium Wildlife","floor":6,"turns":3},{"damage":21,"enemies":"Lagavulin","floor":8,"turns":5},{"damage":22,"enemies":"3 Sentries","floor":12,"turns":5},{"damage":27,"enemies":"Gremlin Nob","floor":14,"turns":5},{"damage":40,"enemies":"Slime Boss","floor":16,"turns":9},{"damage":44,"enemies":"Spheric Guardian","floor":18,"turns":6},{"damage":25,"enemies":"3 Byrds","floor":22,"turns":8},{"damage":42,"enemies":"Slavers","floor":23,"turns":8},{"damage":37,"enemies":"Gremlin Leader","floor":25,"turns":7},{"damage":46,"enemies":"Slavers","floor":27,"turns":7},{"damage":11,"enemies":"3 Cultists","floor":28,"turns":4},{"damage":6,"enemies":"Centurion and Healer","floor":30,"turns":4},{"damage":12,"enemies":"Cultist and Chosen","floor":31,"turns":5},{"damage":45,"enemies":"Champ","floor":33,"turns":13},{"damage":34,"enemies":"3 Darklings","floor":35,"turns":5},{"damage":20,"enemies":"Orb Walker","floor":36,"turns":4},{"damage":59,"enemies":"Giant Head","floor":40,"turns":7}],"seed_played":"-3214902849669998906","potions_obtained":[{"floor":1,"key":"Ancient Potion"},{"floor":4,"key":"Regen Potion"},{"floor":12,"key":"FearPotion"},{"floor":14,"key":"SteroidPotion"},{"floor":18,"key":"Weak Potion"},{"floor":30,"key":"Weak Potion"},{"floor":33,"key":"LiquidBronze"}],"is_trial":false,"path_per_floor":["M","?","?","M","M","M","R","E","T","R","$","E","R","E","R","B",null,"M","?","$","?","M","E","R","E","T","E","M","?","M","M","R","B",null,"M","M","?","?","$","E"],"character_chosen":"IRONCLAD","items_purchased":["PrismaticShard","Regal Pillow"],"campfire_rested":3,"item_purchase_floors":[20,39],"current_hp_per_floor":[88,70,70,72,77,76,76,61,61,61,61,45,71,62,62,40,88,62,62,62,62,55,31,57,38,38,24,31,31,43,49,75,48,88,60,58,58,58,58,0],"gold":159,"neow_bonus":"TEN_PERCENT_HP_BONUS","is_prod":false,"is_daily":false,"chose_seed":false,"campfire_upgraded":3,"win_rate":0.0,"timestamp":1551514199,"path_taken":["M","?","?","?","M","M","R","E","T","R","$","E","R","E","R","BOSS","M","?","$","?","?","E","R","E","T","E","M","?","M","M","R","BOSS","M","M","?","?","$","E"],"build_version":"2019-01-23","purchased_purges":1,"victory":false,"max_hp_per_floor":[88,88,88,88,88,88,88,88,88,88,88,88,88,88,88,88,88,88,88,88,88,88,88,88,88,88,88,88,88,88,88,88,88,88,88,88,84,84,84,84],"card_choices":[{"not_picked":["Dual Wield","Flex"],"picked":"Uppercut","floor":1},{"not_picked":["Heavy Blade","Clothesline","Sever Soul"],"picked":"SKIP","floor":4},{"not_picked":["Burning Pact","Clash"],"picked":"Cleave","floor":5},{"not_picked":["Twin Strike","Headbutt"],"picked":"Pommel Strike","floor":6},{"not_picked":["Clash","Feel No Pain"],"picked":"Disarm","floor":8},{"not_picked":["Perfected Strike","Flame Barrier"],"picked":"Spot Weakness","floor":12},{"not_picked":["Entrench","Seeing Red"],"picked":"Armaments","floor":14},{"not_picked":["Bludgeon","Reaper"],"picked":"Impervious","floor":16},{"not_picked":["Pommel Strike+1","Flex"],"picked":"Metallicize","floor":18},{"not_picked":["Combust","Warcry"],"picked":"Poisoned Stab+1","floor":22},{"not_picked":["Blind","Rainbow"],"picked":"Streamline+1","floor":23},{"not_picked":["Heavy Blade","Pommel Strike","Bludgeon"],"picked":"SKIP","floor":25},{"not_picked":["Blind","Chaos+1","Prepared"],"picked":"SKIP","floor":27},{"not_picked":["Anger","Streamline","Searing Blow+1"],"picked":"SKIP","floor":28},{"not_picked":["Infernal Blade","Shrug It Off","Pommel Strike"],"picked":"SKIP","floor":30},{"not_picked":["Dagger Throw","Headbutt"],"picked":"Master of Strategy","floor":31},{"not_picked":["Brutality","A Thousand Cuts"],"picked":"Phantasmal Killer","floor":33},{"not_picked":["Acrobatics","Pommel Strike+1"],"picked":"Infinite Blades","floor":35},{"not_picked":["Compile Driver+1","Anger","Chill+1"],"picked":"SKIP","floor":36}],"player_experience":22202,"relics_obtained":[{"floor":8,"key":"Red Skull"},{"floor":9,"key":"Potion Belt"},{"floor":12,"key":"Meat on the Bone"},{"floor":14,"key":"Vajra"},{"floor":23,"key":"Nunchaku"},{"floor":25,"key":"Bag of Marbles"},{"floor":26,"key":"Bottled Flame"},{"floor":27,"key":"Self Forming Clay"}],"event_choices":[{"damage_healed":0,"gold_gain":0,"player_choice":"Entered Light","damage_taken":18,"max_hp_gain":0,"max_hp_loss":0,"event_name":"Shining Light","floor":2,"gold_loss":0,"cards_upgraded":["Strike_R","Uppercut"]},{"damage_healed":0,"gold_gain":0,"player_choice":"0 cards matched","damage_taken":0,"max_hp_gain":0,"max_hp_loss":0,"event_name":"Match and Keep!","floor":3,"gold_loss":0,"cards_obtained":[]},{"cards_removed":["Hemokinesis"],"damage_healed":0,"gold_gain":0,"player_choice":"Gave Gold","damage_taken":0,"max_hp_gain":0,"max_hp_loss":0,"event_name":"Beggar","floor":19,"gold_loss":75},{"cards_removed":["Defend_R"],"damage_healed":0,"gold_gain":0,"player_choice":"Card Removal","damage_taken":0,"max_hp_gain":0,"max_hp_loss":0,"event_name":"Wheel of Change","floor":21,"gold_loss":0},{"damage_healed":0,"gold_gain":0,"cards_transformed":["Strike_R"],"player_choice":"Transformed","damage_taken":0,"max_hp_gain":0,"max_hp_loss":0,"event_name":"Transmorgrifier","floor":29,"gold_loss":0,"cards_obtained":["Rampage"]},{"damage_healed":0,"gold_gain":0,"player_choice":"Max HP","damage_taken":0,"max_hp_gain":0,"max_hp_loss":4,"event_name":"Winding Halls","floor":37,"gold_loss":0},{"cards_removed":["Bash"],"damage_healed":0,"gold_gain":0,"player_choice":"Removed Attack","damage_taken":0,"max_hp_gain":0,"max_hp_loss":0,"event_name":"Falling","floor":38,"gold_loss":0}],"is_beta":false,"boss_relics":[{"not_picked":["Snecko Eye","Velvet Choker"],"picked":"Astrolabe"},{"not_picked":["White Beast Statue","Calling Bell"],"picked":"Black Star"}],"items_purged_floors":[11],"is_endless":false,"potions_floor_spawned":[1,4,12,14,18,23,25,30,33,36],"killed_by":"Giant Head","ascension_level":0}