{"gold_per_floor":[114,134,145,70,82,82,96,96,96,110,110,110,185,165],"floor_reached":14,"playtime":2153,"items_purged":["Strike_R"],"score":156,"play_id":"6ce01244-d62d-4c33-abb3-16660c9a4d71","local_time":"20181229170709","is_ascension_mode":true,"campfire_choices":[{"data":"Pummel","floor":6.0,"key":"SMITH"},{"data":"Demon Form","floor":8.0,"key":"SMITH"},{"data":"Bash","floor":11.0,"key":"SMITH"}],"neow_cost":"NONE","seed_source_timestamp":284411017534040,"circlet_count":0,"master_deck":["AscendersBane","Strike_R","Strike_R","Strike_R","Defend_R","Defend_R","Defend_R","Defend_R","Bash+1","Demon Form+1","Pummel+1"],"special_seed":0,"relics":["Burning Blood","StoneCalendar"],"potions_floor_usage":[],"damage_taken":[{"damage":22.0,"enemies":"Cultist","floor":1.0,"turns":5.0},{"damage":3.0,"enemies":"Small Slimes","floor":2.0,"turns":4.0},{"damage":6.0,"enemies":"Jaw Worm","floor":3.0,"turns":6.0},{"damage":16.0,"enemies":"Looter","floor":5.0,"turns":5.0},{"damage":12.0,"enemies":"2 Fungi Beasts","floor":7.0,"turns":3.0},{"damage":5.0,"enemies":"Gremlin Gang","floor":10.0,"turns":3.0},{"damage":19,"enemies":"Exordium Thugs","floor":14,"turns":2}],"seed_played":"1801477269840565173","potions_obtained":[{"floor":1.0,"key":"LiquidBronze"},{"floor":7.0,"key":"Explosive Potion"}],"is_trial":false,"path_per_floor":["M","M","M","$","M","R","M","R","T","M","R","?","?","M"],"character_chosen":"IRONCLAD","items_purchased":[],"campfire_rested":0,"item_purchase_floors":[],"current_hp_per_floor":[52,55,55,55,45,45,39,39,39,40,40,33,22,3],"gold":165,"neow_bonus":"ONE_RANDOM_RARE_CARD","is_prod":false,"is_daily":false,"chose_seed":false,"campfire_upgraded":3,"win_rate":0,"timestamp":1546121229,"path_taken":["M","?","M","$","M","R","?","R","T","M","R","?","?","M"],"build_version":"2018-12-20","purchased_purges":1,"victory":false,"max_hp_per_floor":[75,75,75,75,75,75,75,75,75,75,75,75,75,75],"card_choices":[{"not_picked":["Searing Blow","Dropkick","Havoc"],"picked":"SKIP","floor":1.0},{"not_picked":["Warcry","Clothesline","Pommel Strike"],"picked":"SKIP","floor":2.0},{"not_picked":["Flex","Anger","Sword Boomerang"],"picked":"SKIP","floor":3.0},{"not_picked":["Thunderclap","Inflame"],"picked":"Pummel","floor":5.0},{"not_picked":["Feel No Pain","Intimidate","Hemokinesis"],"picked":"SKIP","floor":7.0},{"not_picked":["Clothesline","Wild Strike","Headbutt"],"picked":"SKIP","floor":10.0}],"player_experience":644915,"relics_obtained":[{"floor":9.0,"key":"StoneCalendar"}],"event_choices":[{"cards_removed":["Strike_R"],"damage_healed":0.0,"max_hp_gain":0.0,"max_hp_loss":0.0,"gold_gain":0.0,"event_name":"Golden Wing","player_choice":"Card Removal","floor":12.0,"gold_loss":0.0,"damage_taken":7.0},{"damage_healed":0.0,"max_hp_gain":0.0,"max_hp_loss":0.0,"gold_gain":75.0,"event_name":"World of Goop","player_choice":"Gather Gold","floor":13.0,"gold_loss":0.0,"damage_taken":11.0}],"is_beta":false,"boss_relics":[],"items_purged_floors":[4],"is_endless":false,"potions_floor_spawned":[1,7],"killed_by":"Exordium Thugs","ascension_level":18}