{"gold_per_floor":[10,26,26,45,120,120,155,155,155,155,168,168,168,180,180,280,280,299,312,323,342,342,342,342],"floor_reached":24,"playtime":1084,"items_purged":[],"score":302,"play_id":"35ce625a-a921-499d-b7c9-a950d6d9a970","local_time":"20190419110554","is_ascension_mode":true,"campfire_choices":[{"data":"Zap","floor":6,"key":"SMITH"},{"floor":8,"key":"DIG"},{"floor":10,"key":"DIG"},{"floor":13,"key":"DIG"},{"floor":15,"key":"REST"},{"floor":23,"key":"DIG"}],"neow_cost":"NO_GOLD","seed_source_timestamp":338579946234868,"circlet_count":0,"master_deck":["Strike_B","Strike_B","Strike_B","Strike_B","Defend_B","Defend_B","Defend_B","Defend_B","Zap+1","Ball Lightning","Auto Shields","Capacitor","Go for the Eyes","Consume","Conserve Battery","Echo Form","Doom and Gloom+1","Hologram","Steam","Ghostly","Ghostly","Ghostly","Ghostly","Ghostly"],"relics":["Cracked Core","Shovel","FossilizedHelix","Emotion Chip","StoneCalendar","Du-Vu Doll","Meat on the Bone","Dream Catcher","Sozu","Bag of Marbles"],"potions_floor_usage":[7,16,20],"damage_taken":[{"damage":4,"enemies":"Jaw Worm","floor":1,"turns":4},{"damage":7,"enemies":"Small Slimes","floor":2,"turns":3},{"damage":0,"enemies":"2 Louse","floor":4,"turns":4},{"damage":5,"enemies":"Lagavulin","floor":7,"turns":7},{"damage":0,"enemies":"Exordium Wildlife","floor":11,"turns":4},{"damage":0,"enemies":"3 Louse","floor":14,"turns":3},{"damage":30,"enemies":"Hexaghost","floor":16,"turns":7},{"damage":0,"enemies":"Spheric Guardian","floor":18,"turns":3},{"damage":4,"enemies":"Shell Parasite","floor":19,"turns":6},{"damage":32,"enemies":"Centurion and Healer","floor":20,"turns":3},{"damage":31,"enemies":"3 Cultists","floor":21,"turns":5},{"damage":28,"enemies":"Slavers","floor":24,"turns":2}],"seed_played":"6483501238708716920","potions_obtained":[{"floor":4,"key":"Weak Potion"},{"floor":14,"key":"Strength Potion"},{"floor":16,"key":"PowerPotion"}],"is_trial":false,"path_per_floor":["M","M","?","M","?","R","E","R","T","R","M","?","R","M","R","B",null,"M","M","M","M","?","R","E"],"character_chosen":"DEFECT","items_purchased":[],"campfire_rested":1,"item_purchase_floors":[],"current_hp_per_floor":[64,57,50,50,39,39,34,34,34,34,34,31,31,43,65,47,68,68,64,44,25,25,25,0],"gold":342,"neow_bonus":"ONE_RARE_RELIC","is_prod":false,"is_daily":false,"chose_seed":false,"campfire_upgraded":1,"win_rate":0,"timestamp":1555686354,"path_taken":["M","M","?","M","?","R","E","R","T","R","M","?","R","?","R","BOSS","M","M","M","M","?","R","E"],"build_version":"2019-04-04","purchased_purges":0,"victory":false,"max_hp_per_floor":[75,75,75,75,75,75,75,75,75,75,75,75,75,75,75,75,75,75,75,75,75,37,37,37],"card_choices":[{"not_picked":["Leap","Sweeping Beam"],"picked":"Ball Lightning","floor":1},{"not_picked":["Leap","Steam"],"picked":"Auto Shields","floor":2},{"not_picked":["Stack","Cold Snap"],"picked":"Capacitor","floor":4},{"not_picked":["Static Discharge","Thunder Strike","Recycle"],"picked":"SKIP","floor":7},{"not_picked":["Sweeping Beam","Hello World"],"picked":"Go for the Eyes","floor":11},{"not_picked":["Rebound","Gash"],"picked":"Consume","floor":14},{"not_picked":["Double Energy","Leap"],"picked":"Conserve Battery","floor":15},{"not_picked":["Biased Cognition","All For One"],"picked":"Echo Form","floor":16},{"not_picked":["Barrage","Steam"],"picked":"Doom and Gloom+1","floor":18},{"not_picked":["Beam Cell","Compile Driver"],"picked":"Hologram","floor":19},{"not_picked":["Stack","Rebound","Turbo"],"picked":"SKIP","floor":20},{"not_picked":["Go for the Eyes+1","Hologram"],"picked":"Steam","floor":21}],"player_experience":768183,"relics_obtained":[{"floor":7,"key":"FossilizedHelix"},{"floor":8,"key":"Emotion Chip"},{"floor":9,"key":"StoneCalendar"},{"floor":10,"key":"Du-Vu Doll"},{"floor":13,"key":"Dream Catcher"},{"floor":23,"key":"Bag of Marbles"}],"event_choices":[{"cards_removed":["Dualcast"],"damage_healed":0,"gold_gain":0,"player_choice":"Card Removal","damage_taken":7,"max_hp_gain":0,"max_hp_loss":0,"event_name":"Golden Wing","floor":3,"gold_loss":0},{"damage_healed":0,"gold_gain":75,"player_choice":"Gather Gold","damage_taken":11,"max_hp_gain":0,"max_hp_loss":0,"event_name":"World of Goop","floor":5,"gold_loss":0},{"damage_healed":0,"gold_gain":0,"player_choice":"Success","damage_taken":3,"relics_obtained":["Meat on the Bone"],"max_hp_gain":0,"max_hp_loss":0,"event_name":"Scrap Ooze","floor":12,"gold_loss":0},{"damage_healed":0,"gold_gain":0,"player_choice":"Became a Ghost","damage_taken":0,"max_hp_gain":0,"max_hp_loss":38,"event_name":"Ghosts","floor":22,"gold_loss":0,"cards_obtained":["Ghostly","Ghostly","Ghostly","Ghostly","Ghostly"]}],"is_beta":true,"boss_relics":[{"not_picked":["Orrery","FrozenCore"],"picked":"Sozu"}],"items_purged_floors":[],"is_endless":false,"potions_floor_spawned":[4,14,16,18,20,21],"killed_by":"Slavers","ascension_level":8}