{"path_per_floor":["M","M","M","M","M","R","E","M","T","$","?","E","M","$","R","B",null,"M","?","M","$","M","R","M","R","T","R","?","M","R","?","R","B",null,"M","?","?","M","?","R","M","E","T","M","M","R","E","$","R","B"],"character_chosen":"IRONCLAD","items_purchased":["Clash","Whirlwind","Blind"],"gold_per_floor":[116,132,150,164,179,179,206,224,248,61,61,92,102,2,2,100,100,115,115,125,0,13,13,26,26,52,52,52,68,68,68,68,166,166,183,183,228,248,248,248,259,288,288,302,313,313,346,90,90,90],"floor_reached":51,"campfire_rested":3,"playtime":4433,"current_hp_per_floor":[73,67,72,78,76,76,65,66,66,66,66,63,65,65,65,38,80,79,89,70,70,72,72,59,59,59,59,50,56,56,41,69,38,95,95,95,55,61,61,61,59,41,41,40,46,74,14,14,42,12],"items_purged":["Strike_R","Regret","Writhe","Injury"],"gold":90,"play_id":"45054dc8-8fca-41c3-9be0-06bd740a8d7b","is_prod":false,"is_daily":false,"campfire_rituals":0,"campfire_upgraded":7,"is_hardmode":false,"path_taken":["M","M","?","M","?","R","E","M","T","$","?","E","M","?","R","BOSS","M","?","?","$","M","R","M","R","T","R","?","M","R","?","R","BOSS","M","?","?","M","?","R","M","E","T","M","M","R","E","?","R","BOSS"],"build_version":"2018-01-18-PROD4","purchased_purges":4,"victory":true,"master_deck":["Strike_R","Strike_R","Strike_R","Defend_R","Defend_R","Defend_R","Defend_R","Bash","Clash","Rampage","Clash","Body Slam","Pommel Strike","Clash","Whirlwind","Pommel Strike","Impervious","True Grit","Spot Weakness","Pommel Strike","Impervious","Metallicize","Armaments","Seeing Red","Flex","Blind"],"max_hp_per_floor":[80,80,80,80,80,80,80,80,80,80,80,80,80,80,80,80,80,80,90,90,90,90,90,90,90,90,90,90,90,90,95,95,95,95,95,95,95,95,95,95,95,95,95,95,95,95,95,95,95,95],"relics":["Burning Blood","Toolbox","Prayer Wheel","Sundial","Mercury Hourglass","Lizard Tail","Pear","Vajra","Sozu","Red Skull","Bag of Preparation","Bottled Flame","Blood Vial"],"campfire_meditates":0,"card_choices":[{"not_picked":["Anger","Feel No Pain"],"picked":"Flex"},{"not_picked":["Pummel","Hemokinesis"],"picked":"Clash"},{"not_picked":["Heavy Blade","Dropkick"],"picked":"Rampage"},{"not_picked":["Perfected Strike","Anger"],"picked":"Clash"},{"not_picked":["Clothesline","Dropkick"],"picked":"Body Slam"},{"not_picked":["Demon Form","Warcry"],"picked":"Pommel Strike"},{"not_picked":["Power Through","Twin Strike"],"picked":"Pommel Strike"},{"not_picked":["Feed","Fiend Fire"],"picked":"Impervious"},{"not_picked":["Heavy Blade","Perfected Strike"],"picked":"True Grit"},{"not_picked":["Inflame","Rampage"],"picked":"Spot Weakness"},{"not_picked":["Battle Trance","Twin Strike"],"picked":"Pommel Strike"},{"not_picked":["Limit Break","Reaper"],"picked":"Impervious"},{"not_picked":["Burning Pact","Bloodletting"],"picked":"Metallicize"},{"not_picked":["Heavy Blade","Dual Wield"],"picked":"Armaments"},{"not_picked":["Juggernaut","Power Through"],"picked":"Seeing Red"},{"not_picked":["Sever Soul","Sword Boomerang"],"picked":"Flex"}],"player_experience":29679,"potions_floor_usage":[],"damage_taken":[{"damage":13.0,"enemies":"Blue Slaver","floor":1.0,"turns":5.0},{"damage":12.0,"enemies":"Small Slimes","floor":2.0,"turns":4.0},{"damage":1.0,"enemies":"Cultist","floor":3.0,"turns":3.0},{"damage":0.0,"enemies":"Exordium Wildlife","floor":4.0,"turns":3.0},{"damage":8.0,"enemies":"Exordium Thugs","floor":5.0,"turns":4.0},{"damage":17.0,"enemies":"3 Sentries","floor":7.0,"turns":4.0},{"damage":5.0,"enemies":"Looter","floor":8.0,"turns":2.0},{"damage":9.0,"enemies":"Gremlin Nob","floor":12.0,"turns":3.0},{"damage":4.0,"enemies":"Large Slime","floor":13.0,"turns":3.0},{"damage":33.0,"enemies":"The Guardian","floor":16.0,"turns":7.0},{"damage":7.0,"enemies":"Shell Parasite","floor":18.0,"turns":4.0},{"damage":25.0,"enemies":"2 Thieves","floor":20.0,"turns":4.0},{"damage":4.0,"enemies":"Centurion and Healer","floor":22.0,"turns":5.0},{"damage":19.0,"enemies":"Chosen and Byrds","floor":24.0,"turns":5.0},{"damage":9.0,"enemies":"3 Cultists","floor":29.0,"turns":4.0},{"damage":37.0,"enemies":"Collector","floor":33.0,"turns":8.0},{"damage":0.0,"enemies":"3 Darklings","floor":35.0,"turns":2.0},{"damage":46.0,"enemies":"Mysterious Sphere","floor":37.0,"turns":4.0},{"damage":0.0,"enemies":"Orb Walker","floor":38.0,"turns":2.0},{"damage":8.0,"enemies":"Maw","floor":41.0,"turns":7.0},{"damage":103.0,"enemies":"Giant Head","floor":42.0,"turns":11.0},{"damage":7.0,"enemies":"4 Shapes","floor":44.0,"turns":5.0},{"damage":0.0,"enemies":"3 Darklings","floor":45.0,"turns":4.0},{"damage":66.0,"enemies":"Nemesis","floor":47.0,"turns":10.0},{"damage":38,"enemies":"Time Eater","floor":50,"turns":9}],"event_choices":[{"event_name":"Big Fish","player_choice":"Box","floor":11.0,"damage_taken":0.0},{"event_name":"The Mausoleum","player_choice":"Yes","floor":19.0,"damage_taken":0.0},{"event_name":"Cursed Tome","player_choice":"Stopped","floor":28.0,"damage_taken":0.0},{"event_name":"Forgotten Altar","player_choice":"Shed Blood","floor":31.0,"damage_taken":0.0},{"event_name":"Purifier","player_choice":"One Purge","floor":36.0,"damage_taken":0.0},{"event_name":"Mysterious Sphere","player_choice":"Fight","floor":37.0,"damage_taken":0.0},{"event_name":"Accursed Blacksmith","player_choice":"Forge","floor":39.0,"damage_taken":0.0}],"boss_relics":[],"potions_floor_spawned":[1,2,12,16,20,24,33,35,42,44],"seed_played":"-4739524690773819662","is_trial":false}