{"gold_per_floor":[360,24,37,37,37,37,70,70,70,70,108,150,162,193,205,341,353,389,415,443,455],"floor_reached":21,"playtime":1762,"items_purged":["Strike_G"],"score":341,"play_id":"8981c4e7-d71a-4f59-a97b-ea52e956d8c4","local_time":"20190807145856","is_ascension_mode":true,"campfire_choices":[{"floor":6,"key":"REST"},{"floor":10,"key":"REST"},{"floor":13,"key":"REST"},{"data":"Doppelganger","floor":15,"key":"SMITH"}],"neow_cost":"PERCENT_DAMAGE","seed_source_timestamp":145411339206819,"circlet_count":0,"master_deck":["Strike_G","Strike_G","Strike_G","Defend_G","Defend_G","Defend_G","Defend_G","Survivor","Neutralize","Outmaneuver","Noxious Fumes","Poisoned Stab","Footwork","Doppelganger+1","Acrobatics","Dagger Spray","Corpse Explosion","Blur","Escape Plan"],"relics":["Ring of the Snake","Toolbox","Potion Belt","Thread and Needle","Golden Idol","Ninja Scroll","MawBank","Odd Mushroom","Empty Cage"],"potions_floor_usage":[16,20,20],"damage_taken":[{"damage":0,"enemies":"2 Louse","floor":1,"turns":3},{"damage":1,"enemies":"Jaw Worm","floor":3,"turns":4},{"damage":30,"enemies":"Gremlin Nob","floor":7,"turns":4},{"damage":12,"enemies":"Lagavulin","floor":11,"turns":8},{"damage":4,"enemies":"The Mushroom Lair","floor":12,"turns":5},{"damage":0,"enemies":"Small Slimes","floor":14,"turns":3},{"damage":0,"enemies":"The Guardian","floor":16,"turns":13},{"damage":0,"enemies":"3 Byrds","floor":18,"turns":3},{"damage":1,"enemies":"Chosen","floor":19,"turns":7},{"damage":38,"enemies":"Centurion and Healer","floor":20,"turns":7},{"damage":29,"enemies":"Snake Plant","floor":21,"turns":4}],"seed_played":"2204854312569626260","potions_obtained":[{"floor":3,"key":"FairyPotion"},{"floor":12,"key":"PowerPotion"},{"floor":14,"key":"Weak Potion"},{"floor":16,"key":"FearPotion"},{"floor":18,"key":"SneckoOil"}],"is_trial":false,"path_per_floor":["M","$","M","?","$","R","E","?","T","R","E","?","R","M","R","B",null,"M","M","M","M"],"character_chosen":"THE_SILENT","items_purchased":["Noxious Fumes","Toolbox"],"campfire_rested":3,"item_purchase_floors":[2,2],"current_hp_per_floor":[45,45,44,26,26,47,17,17,17,36,24,20,39,39,39,39,59,59,58,20,0],"gold":455,"neow_bonus":"TWO_FIFTY_GOLD","is_prod":false,"is_daily":false,"chose_seed":false,"campfire_upgraded":1,"win_rate":0,"timestamp":1565215136,"path_taken":["M","$","M","?","$","R","E","?","T","R","E","?","R","?","R","BOSS","M","M","?","M"],"build_version":"2019-07-17","purchased_purges":1,"victory":false,"max_hp_per_floor":[70,70,70,70,70,70,70,65,65,65,65,65,65,65,65,65,65,65,65,65,65],"card_choices":[{"not_picked":["Blade Dance","Poisoned Stab"],"picked":"Outmaneuver","floor":1},{"not_picked":["Caltrops","Blade Dance"],"picked":"Poisoned Stab","floor":3},{"not_picked":["Blade Dance","Expertise"],"picked":"Footwork","floor":7},{"not_picked":["Riddle With Holes","Endless Agony"],"picked":"Doppelganger","floor":11},{"not_picked":["Caltrops","PiercingWail"],"picked":"Acrobatics","floor":12},{"not_picked":["Deflect","Blade Dance"],"picked":"Dagger Spray","floor":14},{"not_picked":["Burst","Grand Finale"],"picked":"Corpse Explosion","floor":16},{"not_picked":["Deflect","Deadly Poison"],"picked":"Blur","floor":18},{"not_picked":["Bane","Accuracy+1","Dagger Throw"],"picked":"SKIP","floor":19},{"not_picked":["Bane","Endless Agony"],"picked":"Escape Plan","floor":20}],"player_experience":213045,"relics_obtained":[{"floor":7,"key":"Thread and Needle"},{"floor":9,"key":"Ninja Scroll"},{"floor":11,"key":"MawBank"},{"floor":12,"key":"Odd Mushroom"}],"event_choices":[{"damage_healed":0,"gold_gain":0,"player_choice":"Success","damage_taken":18,"relics_obtained":["Potion Belt"],"max_hp_gain":0,"max_hp_loss":0,"event_name":"Scrap Ooze","floor":4,"gold_loss":0},{"damage_healed":0,"gold_gain":0,"player_choice":"Lose Max HP","damage_taken":0,"relics_obtained":["Golden Idol"],"max_hp_gain":0,"max_hp_loss":5,"event_name":"Golden Idol","floor":8,"gold_loss":0},{"damage_healed":0,"gold_gain":0,"player_choice":"Fought Mushrooms","damage_taken":0,"max_hp_gain":0,"max_hp_loss":0,"event_name":"Mushrooms","floor":12,"gold_loss":0}],"is_beta":false,"boss_relics":[{"not_picked":["WristBlade","Ectoplasm"],"picked":"Empty Cage"}],"items_purged_floors":[2],"is_endless":false,"potions_floor_spawned":[3,12,14,16,18],"killed_by":"Snake Plant","ascension_level":6}