{"gold_per_floor":[11,86,86,86,107,107,125,156,156,156,174,174,174,190,190,316,316,330,330,330,353,166,166,166],"floor_reached":24,"playtime":2057,"items_purged":["Strike_G"],"score":252,"play_id":"c749edef-a165-44c5-b991-2ac3c516e8a1","local_time":"20190223121851","is_ascension_mode":true,"campfire_choices":[{"data":"Finisher","floor":6.0,"key":"SMITH"},{"floor":10.0,"key":"REST"},{"data":"Neutralize","floor":13.0,"key":"SMITH"},{"data":"Noxious Fumes","floor":15.0,"key":"SMITH"},{"data":"Catalyst","floor":23,"key":"SMITH"}],"neow_cost":"NO_GOLD","seed_source_timestamp":0,"circlet_count":0,"master_deck":["Defend_G","Defend_G","Defend_G","Defend_G","Strike_G","Strike_G","Survivor","Neutralize+1","Finisher+1","Deflect","Noxious Fumes+1","Catalyst+1","Poisoned Stab","Flying Knee","Adrenaline","Quick Slash","Poisoned Stab"],"special_seed":0,"relics":["Ring of the Snake","Golden Idol","Kunai","Bottled Flame","The Courier","Snecko Eye","Ornamental Fan","Tiny Chest"],"potions_floor_usage":[16,16,19],"damage_taken":[{"damage":2.0,"enemies":"2 Louse","floor":1.0,"turns":2.0},{"damage":0.0,"enemies":"Small Slimes","floor":5.0,"turns":3.0},{"damage":0.0,"enemies":"Cultist","floor":7.0,"turns":3.0},{"damage":30.0,"enemies":"3 Sentries","floor":8.0,"turns":10.0},{"damage":0.0,"enemies":"3 Louse","floor":11.0,"turns":4.0},{"damage":0.0,"enemies":"2 Fungi Beasts","floor":14.0,"turns":3.0},{"damage":6,"enemies":"The Guardian","floor":16,"turns":9},{"damage":0,"enemies":"Chosen","floor":18,"turns":6},{"damage":20,"enemies":"Colosseum Slavers","floor":19,"turns":5},{"damage":11,"enemies":"Shell Parasite","floor":21,"turns":5},{"damage":25,"enemies":"3 Cultists","floor":24,"turns":4}],"seed_played":"1136816099136111074","potions_obtained":[{"floor":1.0,"key":"SteroidPotion"},{"floor":11.0,"key":"EssenceOfSteel"},{"floor":16,"key":"Energy Potion"}],"is_trial":false,"path_per_floor":["M","?","?","?","M","R","M","E","T","R","M","T","R","M","R","B",null,"M","?","?","M","$","R","M"],"character_chosen":"THE_SILENT","items_purchased":["Tiny Chest","Poison Potion"],"campfire_rested":1,"item_purchase_floors":[22,22],"current_hp_per_floor":[61,50,50,43,43,43,43,13,13,32,32,32,32,32,32,26,55,55,35,35,24,24,24,0],"gold":166,"neow_bonus":"TRANSFORM_TWO_CARDS","is_prod":false,"is_daily":false,"chose_seed":false,"campfire_upgraded":4,"win_rate":0,"timestamp":1550942331,"path_taken":["M","?","?","?","M","R","M","E","T","R","M","?","R","M","R","BOSS","M","?","?","M","$","R","M"],"build_version":"2019-01-23","purchased_purges":1,"victory":false,"max_hp_per_floor":[70,70,65,65,65,65,65,65,65,65,65,65,65,65,65,65,65,65,65,65,65,65,65,65],"card_choices":[{"not_picked":["Dash","Acrobatics"],"picked":"Noxious Fumes","floor":1.0},{"not_picked":["Calculated Gamble","Blur","Cloak And Dagger"],"picked":"SKIP","floor":5.0},{"not_picked":["Acrobatics","Dagger Throw","Dodge and Roll"],"picked":"SKIP","floor":7.0},{"not_picked":["Acrobatics","Dagger Spray"],"picked":"Catalyst","floor":8.0},{"not_picked":["Riddle With Holes","Outmaneuver"],"picked":"Poisoned Stab","floor":11.0},{"not_picked":["Flechettes","Finisher"],"picked":"Flying Knee","floor":14.0},{"not_picked":["A Thousand Cuts","Malaise"],"picked":"Adrenaline","floor":16},{"not_picked":["Dodge and Roll","Cloak And Dagger"],"picked":"Quick Slash","floor":18},{"not_picked":["Dagger Spray","Heel Hook"],"picked":"Poisoned Stab","floor":21}],"player_experience":708804,"relics_obtained":[{"floor":8.0,"key":"Kunai"},{"floor":9.0,"key":"Bottled Flame"},{"floor":12.0,"key":"The Courier"}],"event_choices":[{"damage_healed":0.0,"max_hp_gain":0.0,"max_hp_loss":0.0,"gold_gain":75.0,"event_name":"World of Goop","player_choice":"Gather Gold","floor":2.0,"gold_loss":0.0,"damage_taken":11.0},{"damage_healed":0.0,"max_hp_gain":0.0,"max_hp_loss":5.0,"gold_gain":0.0,"event_name":"Golden Idol","player_choice":"Lose Max HP","floor":3.0,"gold_loss":0.0,"damage_taken":0.0,"relics_obtained":["Golden Idol"]},{"cards_removed":["Defend_G"],"damage_healed":0.0,"max_hp_gain":0.0,"max_hp_loss":0.0,"gold_gain":0.0,"event_name":"Golden Wing","player_choice":"Card Removal","floor":4.0,"gold_loss":0.0,"damage_taken":7.0},{"damage_healed":0,"gold_gain":0,"player_choice":"Fight","damage_taken":0,"max_hp_gain":0,"max_hp_loss":0,"event_name":"Colosseum","floor":19,"gold_loss":0},{"damage_healed":0,"gold_gain":0,"player_choice":"Fled From Nobs","damage_taken":0,"max_hp_gain":0,"max_hp_loss":0,"event_name":"Colosseum","floor":19,"gold_loss":0},{"damage_healed":0,"gold_gain":0,"player_choice":"Opened","damage_taken":0,"relics_obtained":["Ornamental Fan"],"max_hp_gain":0,"max_hp_loss":0,"event_name":"The Mausoleum","floor":20,"gold_loss":0}],"is_beta":false,"boss_relics":[{"not_picked":["Eternal Feather","Ectoplasm"],"picked":"Snecko Eye"}],"items_purged_floors":[22],"is_endless":false,"potions_floor_spawned":[1,11,16,19],"killed_by":"3 Cultists","ascension_level":6}