{"gold_per_floor":[114,125,50,67,79,79,79,79,129,129,129,145,145,14,14,14],"floor_reached":16,"playtime":463,"items_purged":["Strike_R"],"score":200,"play_id":"af039287-cc2f-4192-b8b8-803acb883032","local_time":"20190101232520","is_ascension_mode":true,"campfire_choices":[{"data":"Heavy Blade","floor":6,"key":"SMITH"},{"data":"Anger","floor":8,"key":"SMITH"},{"data":"Bash","floor":11,"key":"SMITH"},{"data":"Armaments","floor":13,"key":"SMITH"},{"data":"Ghostly Armor","floor":15,"key":"SMITH"}],"neow_cost":"NONE","seed_source_timestamp":568045852683748,"circlet_count":0,"master_deck":["AscendersBane","Strike_R","Strike_R","Strike_R","Defend_R","Defend_R","Defend_R","Defend_R","Bash+1","Heavy Blade+1","Ghostly Armor+1","Shrug It Off","Anger+1","Armaments+1","Shrug It Off"],"relics":["Philosopher\u0027s Stone","Regal Pillow"],"potions_floor_usage":[10],"damage_taken":[{"damage":0,"enemies":"Cultist","floor":1,"turns":3},{"damage":0,"enemies":"2 Louse","floor":2,"turns":3},{"damage":8,"enemies":"Jaw Worm","floor":4,"turns":4},{"damage":4,"enemies":"3 Louse","floor":5,"turns":4},{"damage":0,"enemies":"3 Sentries","floor":10,"turns":1},{"damage":1,"enemies":"Looter","floor":12,"turns":3},{"damage":72,"enemies":"Slime Boss","floor":16,"turns":8}],"seed_played":"1142183260524751830","potions_obtained":[{"floor":4,"key":"SmokeBomb"}],"is_trial":false,"path_per_floor":["M","M","?","M","M","R","?","R","T","E","R","M","R","$","R","B"],"character_chosen":"IRONCLAD","items_purchased":["Shrug It Off"],"campfire_rested":0,"item_purchase_floors":[14],"current_hp_per_floor":[68,68,68,60,56,56,56,56,56,56,56,55,55,55,55,0],"gold":14,"neow_bonus":"BOSS_RELIC","is_prod":false,"is_daily":false,"chose_seed":false,"campfire_upgraded":5,"win_rate":0,"timestamp":1546403120,"path_taken":["M","?","?","M","M","R","?","R","T","E","R","M","R","$","R","BOSS"],"build_version":"2018-12-20","purchased_purges":1,"victory":false,"max_hp_per_floor":[75,75,75,75,75,75,75,75,75,75,75,75,75,75,75,75],"card_choices":[{"not_picked":["Sword Boomerang","Twin Strike"],"picked":"Heavy Blade","floor":1},{"not_picked":["Iron Wave","Cleave","Heavy Blade"],"picked":"SKIP","floor":2},{"not_picked":["Juggernaut","Rupture"],"picked":"Ghostly Armor","floor":4},{"not_picked":["Sword Boomerang","Dual Wield"],"picked":"Shrug It Off","floor":5},{"not_picked":["Havoc","Clash"],"picked":"Armaments","floor":12}],"player_experience":660353,"relics_obtained":[{"floor":9,"key":"Regal Pillow"}],"event_choices":[{"cards_removed":["Strike_R"],"damage_healed":0,"gold_gain":0,"player_choice":"Card Removal","damage_taken":0,"max_hp_gain":0,"max_hp_loss":0,"event_name":"The Cleric","floor":3,"gold_loss":75},{"damage_healed":0,"gold_gain":0,"player_choice":"1 cards matched","damage_taken":0,"max_hp_gain":0,"max_hp_loss":0,"event_name":"Match and Keep!","floor":7,"gold_loss":0,"cards_obtained":["Anger"]}],"is_beta":false,"boss_relics":[],"items_purged_floors":[14],"is_endless":false,"potions_floor_spawned":[4,10],"killed_by":"Slime Boss","ascension_level":20}