{"gold_per_floor":[368,443,490,509,21,48,48,48,48,65,65,95,111,127,127,223,223,239,16,16,16,31,31,50,62,132,132],"floor_reached":27,"playtime":1476,"items_purged":["Strike_B","Strike_B"],"score":335,"play_id":"8c504374-dd36-421f-b181-875a084f4993","local_time":"20190811183227","is_ascension_mode":true,"campfire_choices":[{"data":"Zap","floor":7.0,"key":"SMITH"},{"data":"Panacea","floor":11.0,"key":"SMITH"},{"floor":15,"key":"REST"},{"data":"Creative AI","floor":23,"key":"SMITH"}],"neow_cost":"TEN_PERCENT_HP_LOSS","seed_source_timestamp":552668849690862,"circlet_count":0,"master_deck":["AscendersBane","Strike_B","Strike_B","Defend_B","Defend_B","Defend_B","Zap+1","Dualcast","Cold Snap","Static Discharge","Panacea+1","Ball Lightning","Self Repair","Sweeping Beam","Lockon","Turbo","Chaos","Defragment","Creative AI+1","Undo+1","Coolheaded","White Noise","Loop","Conserve Battery+1"],"special_seed":0,"relics":["Cracked Core","Dream Catcher","ClockworkSouvenir","Pen Nib","Kunai","Coffee Dripper","The Courier"],"potions_floor_usage":[12,16,16,16,16,16,18,22,24,27],"damage_taken":[{"damage":2.0,"enemies":"2 Louse","floor":1.0,"turns":2.0},{"damage":10.0,"enemies":"Jaw Worm","floor":4.0,"turns":2.0},{"damage":18.0,"enemies":"Gremlin Nob","floor":6.0,"turns":4.0},{"damage":1.0,"enemies":"Cultist","floor":10.0,"turns":3.0},{"damage":18,"enemies":"3 Sentries","floor":12,"turns":6},{"damage":9,"enemies":"Blue Slaver","floor":13,"turns":3},{"damage":2,"enemies":"2 Fungi Beasts","floor":14,"turns":2},{"damage":19,"enemies":"Hexaghost","floor":16,"turns":4},{"damage":32,"enemies":"3 Byrds","floor":18,"turns":5},{"damage":2,"enemies":"Spheric Guardian","floor":22,"turns":4},{"damage":36,"enemies":"3 Cultists","floor":24,"turns":5},{"damage":20,"enemies":"Snake Plant","floor":25,"turns":4},{"damage":34,"enemies":"Slavers","floor":27,"turns":1}],"seed_played":"-904974957797991066","potions_obtained":[{"floor":6.0,"key":"EntropicBrew"},{"floor":8.0,"key":"Block Potion"},{"floor":8.0,"key":"PowerPotion"},{"floor":12,"key":"SmokeBomb"},{"floor":13,"key":"Fire Potion"},{"floor":24,"key":"Dexterity Potion"},{"floor":25,"key":"Fruit Juice"}],"is_trial":false,"path_per_floor":["M","?","T","M","$","E","R","?","T","M","R","E","M","M","R","B",null,"M","$","?","?","M","R","M","M","T","E"],"character_chosen":"DEFECT","items_purchased":["ClockworkSouvenir","Panacea","EssenceOfSteel","Ball Lightning","Coolheaded","AttackPotion","Block Potion"],"campfire_rested":1,"item_purchase_floors":[5,5,5,5,19,19,19],"current_hp_per_floor":[66,55,55,45,45,27,27,27,27,33,33,22,20,18,38,26,58,33,33,55,55,60,60,31,18,18,0],"gold":132,"neow_bonus":"TWO_FIFTY_GOLD","is_prod":false,"is_daily":false,"chose_seed":false,"campfire_upgraded":3,"win_rate":0,"timestamp":1565573547,"path_taken":["M","?","?","M","$","E","R","?","T","?","R","E","M","M","R","BOSS","M","$","?","?","M","R","M","M","T","E"],"build_version":"2019-07-17","purchased_purges":2,"victory":false,"max_hp_per_floor":[68,68,68,68,68,68,68,68,68,68,68,68,68,68,68,68,68,68,68,68,68,68,68,68,68,68,73],"card_choices":[{"not_picked":["Rip and Tear","Aggregate"],"picked":"Cold Snap","floor":1.0},{"not_picked":["Redo","Go for the Eyes"],"picked":"Static Discharge","floor":4.0},{"not_picked":["Rebound","Go for the Eyes"],"picked":"Self Repair","floor":6.0},{"not_picked":["Lockon","Biased Cognition"],"picked":"Sweeping Beam","floor":10.0},{"not_picked":["Turbo","Self Repair"],"picked":"Lockon","floor":12},{"not_picked":["Ball Lightning","Static Discharge"],"picked":"Turbo","floor":13},{"not_picked":["Leap","Go for the Eyes"],"picked":"Chaos","floor":14},{"not_picked":["Ball Lightning","Streamline"],"picked":"Defragment","floor":15},{"not_picked":["Fission","Core Surge"],"picked":"Creative AI","floor":16},{"not_picked":["Turbo","Tempest"],"picked":"Undo+1","floor":18},{"not_picked":["Turbo","Rip and Tear+1"],"picked":"White Noise","floor":22},{"not_picked":["Rip and Tear","Force Field"],"picked":"Loop","floor":24},{"not_picked":["Hologram+1","Skim"],"picked":"Conserve Battery+1","floor":25}],"player_experience":566671,"relics_obtained":[{"floor":3.0,"key":"Dream Catcher"},{"floor":6.0,"key":"Pen Nib"},{"floor":12,"key":"Kunai"},{"floor":26,"key":"The Courier"}],"event_choices":[{"damage_healed":0.0,"max_hp_gain":0.0,"max_hp_loss":0.0,"gold_gain":75.0,"event_name":"World of Goop","player_choice":"Gather Gold","floor":2.0,"gold_loss":0.0,"damage_taken":11.0},{"damage_healed":0.0,"max_hp_gain":0.0,"max_hp_loss":0.0,"gold_gain":0.0,"event_name":"Lab","player_choice":"Got Potions","floor":8.0,"gold_loss":0.0,"damage_taken":0.0},{"damage_healed":22,"gold_gain":0,"player_choice":"Heal","damage_taken":0,"max_hp_gain":0,"max_hp_loss":0,"event_name":"The Library","floor":20,"gold_loss":0},{"cards_removed":["Defend_B"],"damage_healed":0,"gold_gain":0,"player_choice":"Purged","damage_taken":0,"max_hp_gain":0,"max_hp_loss":0,"event_name":"Purifier","floor":21,"gold_loss":0}],"is_beta":false,"boss_relics":[{"not_picked":["Runic Dome","Inserter"],"picked":"Coffee Dripper"}],"items_purged_floors":[5,19],"is_endless":false,"potions_floor_spawned":[6,12,13,14,24,25],"killed_by":"Slavers","ascension_level":10}