{"gold_per_floor":[114,12,29,46,60,95,95,95,165,195,195,225,225,251,251,355,355,365,384,309,309,15,48,61,92,162,174,208,222,238,256,256,352,352,372,387,387,1386,609,634,634,644,696,696,728,748,778,156,156,156],"floor_reached":51,"playtime":3368,"items_purged":["Strike_R","Strike_R","Normality","Normality"],"score":1205,"play_id":"90692051-7182-4898-bd32-c80c5ba92f4a","local_time":"20190718000450","is_ascension_mode":true,"campfire_choices":[{"data":"Spot Weakness","floor":8,"key":"SMITH"},{"floor":11,"key":"REST"},{"data":"Immolate","floor":15,"key":"SMITH"},{"data":"Limit Break","floor":32,"key":"SMITH"},{"data":"Apotheosis","floor":41,"key":"SMITH"},{"data":"Enlightenment","floor":49,"key":"SMITH"}],"neow_cost":"PERCENT_DAMAGE","seed_source_timestamp":801139482605958,"circlet_count":0,"master_deck":["Strike_R","Strike_R+1","Defend_R","Defend_R","Defend_R","Defend_R+1","Bash","Fiend Fire","True Grit+1","Wild Strike","Power Through","Anger","Spot Weakness+1","Thunderclap","Immolate+1","Fiend Fire","Limit Break+1","Rampage","Bludgeon","Sentinel+1","Heavy Blade","Shockwave+1","Enlightenment+1","Apotheosis+1","Master of Strategy+1","Panacea+1"],"relics":["Burning Blood","Calipers","Ornamental Fan","Bag of Marbles","Anchor","Paper Frog","Philosopher\u0027s Stone","Sling","Singing Bowl","FossilizedHelix","Darkstone Periapt","Sundial","Eternal Feather","Torii","Ancient Tea Set","TheAbacus","Blood Vial","Smiling Mask","Toxic Egg 2","Charon\u0027s Ashes","Gambling Chip"],"potions_floor_usage":[6,16,33,33,40,45,47,50,50,50],"damage_taken":[{"damage":3,"enemies":"2 Louse","floor":1,"turns":3},{"damage":22,"enemies":"Small Slimes","floor":3,"turns":16},{"damage":0,"enemies":"Jaw Worm","floor":4,"turns":2},{"damage":0,"enemies":"3 Louse","floor":5,"turns":3},{"damage":20,"enemies":"Lagavulin","floor":6,"turns":7},{"damage":25,"enemies":"3 Sentries","floor":10,"turns":8},{"damage":10,"enemies":"Lagavulin","floor":12,"turns":6},{"damage":2,"enemies":"Gremlin Nob","floor":14,"turns":3},{"damage":13,"enemies":"Slime Boss","floor":16,"turns":5},{"damage":2,"enemies":"2 Thieves","floor":18,"turns":3},{"damage":2,"enemies":"3 Byrds","floor":19,"turns":2},{"damage":0,"enemies":"Slavers","floor":23,"turns":3},{"damage":5,"enemies":"Snecko","floor":24,"turns":4},{"damage":26,"enemies":"Book of Stabbing","floor":25,"turns":4},{"damage":0,"enemies":"Snake Plant","floor":27,"turns":2},{"damage":0,"enemies":"Gremlin Leader","floor":28,"turns":3},{"damage":16,"enemies":"Centurion and Healer","floor":29,"turns":4},{"damage":0,"enemies":"Cultist and Chosen","floor":30,"turns":3},{"damage":0,"enemies":"Snake Plant","floor":31,"turns":3},{"damage":94,"enemies":"Automaton","floor":33,"turns":8},{"damage":0,"enemies":"3 Darklings","floor":35,"turns":3},{"damage":0,"enemies":"3 Shapes","floor":36,"turns":1},{"damage":10,"enemies":"Reptomancer","floor":40,"turns":5},{"damage":0,"enemies":"Transient","floor":42,"turns":5},{"damage":16,"enemies":"Giant Head","floor":45,"turns":7},{"damage":0,"enemies":"Sphere and 2 Shapes","floor":46,"turns":3},{"damage":22,"enemies":"Nemesis","floor":47,"turns":5},{"damage":73,"enemies":"Time Eater","floor":50,"turns":8}],"seed_played":"2425849547319631923","potions_obtained":[{"floor":5,"key":"FearPotion"},{"floor":14,"key":"Swift Potion"},{"floor":18,"key":"Strength Potion"},{"floor":27,"key":"Regen Potion"},{"floor":31,"key":"Swift Potion"},{"floor":33,"key":"LiquidBronze"},{"floor":36,"key":"EssenceOfSteel"},{"floor":42,"key":"Explosive Potion"},{"floor":45,"key":"LiquidBronze"},{"floor":47,"key":"Weak Potion"}],"is_trial":false,"path_per_floor":["M","$","M","M","M","E","?","R","T","E","R","E","?","E","R","B",null,"M","M","?","?","$","E","M","E","T","M","E","M","M","M","R","B",null,"M","M","?","?","$","E","R","M","T","?","E","M","E","$","R","B",null],"character_chosen":"IRONCLAD","items_purchased":["Wild Strike","Sling","Torii","Ancient Tea Set","TheAbacus","Gambling Chip","Master of Strategy+1","Panacea+1"],"campfire_rested":1,"item_purchase_floors":[2,22,39,39,39,48,48,48],"current_hp_per_floor":[54,54,38,44,50,36,36,36,36,17,41,37,21,25,25,18,65,69,73,73,73,73,81,84,64,64,70,78,70,78,84,84,13,72,80,88,83,95,95,93,108,112,112,112,104,114,102,102,117,51],"gold":156,"neow_bonus":"THREE_RARE_CARDS","is_prod":false,"is_daily":false,"chose_seed":false,"campfire_upgraded":5,"win_rate":0,"timestamp":1563433490,"path_taken":["M","$","M","M","M","E","?","R","T","E","R","E","?","E","R","BOSS","M","M","?","?","$","E","M","E","T","M","E","M","M","M","R","BOSS","M","M","?","?","$","E","R","M","T","?","E","M","E","$","R","BOSS"],"build_version":"2019-07-17","purchased_purges":4,"victory":true,"max_hp_per_floor":[80,80,80,80,80,80,80,80,80,80,80,80,80,80,80,80,80,80,80,80,80,80,82,84,84,84,84,86,88,90,90,90,92,92,94,96,96,108,108,110,110,112,112,112,114,116,118,118,118,118],"card_choices":[{"not_picked":["Feed","Exhume"],"picked":"Fiend Fire","floor":0},{"not_picked":["Sword Boomerang","Shockwave"],"picked":"True Grit","floor":1},{"not_picked":["Rupture","Havoc"],"picked":"Power Through","floor":3},{"not_picked":["Perfected Strike","Headbutt"],"picked":"Anger","floor":4},{"not_picked":["Rage","Warcry","Seeing Red"],"picked":"SKIP","floor":5},{"not_picked":["True Grit","Ghostly Armor"],"picked":"Spot Weakness","floor":6},{"not_picked":["Offering","Headbutt"],"picked":"Thunderclap","floor":10},{"not_picked":["Rupture","Armaments"],"picked":"Immolate","floor":12},{"not_picked":["Carnage","Anger"],"picked":"Fiend Fire","floor":14},{"not_picked":["Impervious","Brutality"],"picked":"Limit Break","floor":16},{"not_picked":["Clothesline+1","Pommel Strike","Headbutt+1"],"picked":"SKIP","floor":18},{"not_picked":["Sword Boomerang","Blood for Blood"],"picked":"Rampage","floor":19},{"not_picked":["Burning Pact+1","Fire Breathing","Metallicize"],"picked":"Singing Bowl","floor":23},{"not_picked":["Iron Wave","Warcry+1","Intimidate"],"picked":"Singing Bowl","floor":24},{"not_picked":["Body Slam","Shrug It Off"],"picked":"Sentinel+1","floor":25},{"not_picked":["Hemokinesis","Corruption"],"picked":"Heavy Blade","floor":27},{"not_picked":["Clash","Pommel Strike","Headbutt"],"picked":"Singing Bowl","floor":28},{"not_picked":["Brutality","Havoc+1","Perfected Strike+1"],"picked":"Singing Bowl","floor":29},{"not_picked":["Sword Boomerang","Second Wind","Battle Trance"],"picked":"Singing Bowl","floor":30},{"not_picked":["Demon Form","Iron Wave"],"picked":"Shockwave+1","floor":31},{"not_picked":["Exhume","Offering","Feed"],"picked":"Singing Bowl","floor":33},{"not_picked":["Havoc","Sword Boomerang","Warcry"],"picked":"Singing Bowl","floor":35},{"not_picked":["Anger+1","Clothesline","Sword Boomerang"],"picked":"Singing Bowl","floor":36},{"not_picked":["Jack Of All Trades","Impatience"],"picked":"Enlightenment","floor":37},{"not_picked":["HandOfGreed","Transmutation"],"picked":"Apotheosis","floor":37},{"not_picked":["Clash","Headbutt+1","Searing Blow+1"],"picked":"Singing Bowl","floor":40},{"not_picked":["Warcry+1","Clothesline","Shrug It Off+1"],"picked":"Singing Bowl","floor":42},{"not_picked":["Cleave","Reckless Charge","Burning Pact"],"picked":"Singing Bowl","floor":45},{"not_picked":["Sentinel+1","Anger","Havoc+1"],"picked":"Singing Bowl","floor":46},{"not_picked":["Berserk","Flex+1","Rage+1"],"picked":"Singing Bowl","floor":47}],"player_experience":341046,"relics_obtained":[{"floor":6,"key":"Calipers"},{"floor":9,"key":"Ornamental Fan"},{"floor":10,"key":"Bag of Marbles"},{"floor":12,"key":"Anchor"},{"floor":14,"key":"Paper Frog"},{"floor":23,"key":"Singing Bowl"},{"floor":25,"key":"FossilizedHelix"},{"floor":26,"key":"Darkstone Periapt"},{"floor":28,"key":"Sundial"},{"floor":40,"key":"Blood Vial"},{"floor":43,"key":"Smiling Mask"},{"floor":45,"key":"Toxic Egg 2"},{"floor":47,"key":"Charon\u0027s Ashes"}],"event_choices":[{"damage_healed":0,"gold_gain":0,"player_choice":"Grow","damage_taken":0,"max_hp_gain":0,"max_hp_loss":0,"event_name":"Living Wall","floor":7,"gold_loss":0,"cards_upgraded":["True Grit"]},{"damage_healed":0,"gold_gain":0,"player_choice":"Entered Light","damage_taken":16,"max_hp_gain":0,"max_hp_loss":0,"event_name":"Shining Light","floor":13,"gold_loss":0,"cards_upgraded":["Strike_R","Defend_R"]},{"cards_removed":["Strike_R"],"damage_healed":0,"gold_gain":0,"player_choice":"Gave Gold","damage_taken":0,"max_hp_gain":0,"max_hp_loss":0,"event_name":"Beggar","floor":20,"gold_loss":75},{"damage_healed":0,"gold_gain":0,"player_choice":"Read","damage_taken":0,"max_hp_gain":0,"max_hp_loss":0,"event_name":"The Library","floor":21,"gold_loss":0,"cards_obtained":["Bludgeon"]},{"damage_healed":0,"gold_gain":0,"player_choice":"Memory 2","damage_taken":5,"max_hp_gain":0,"max_hp_loss":0,"event_name":"SensoryStone","floor":37,"gold_loss":0},{"damage_healed":0,"gold_gain":999,"player_choice":"Gold","damage_taken":0,"max_hp_gain":0,"max_hp_loss":0,"event_name":"MindBloom","floor":38,"gold_loss":0,"cards_obtained":["Normality","Normality"]},{"damage_healed":0,"gold_gain":0,"player_choice":"Got Potions","damage_taken":0,"max_hp_gain":0,"max_hp_loss":0,"event_name":"Lab","floor":44,"gold_loss":0}],"is_beta":false,"boss_relics":[{"not_picked":["Velvet Choker","Runic Pyramid"],"picked":"Philosopher\u0027s Stone"},{"not_picked":["Astrolabe","Black Star"],"picked":"Eternal Feather"}],"items_purged_floors":[2,22,39,48],"is_endless":false,"potions_floor_spawned":[5,14,18,27,31,33,36,42,45,47],"ascension_level":6}