{"gold_per_floor":[116,116,127,127,52,52,77,77,100,100,100,100,100,100,100,202,202,190,190,105,105,117,117,147,162,162,162,181,194,194],"floor_reached":30,"playtime":1610,"items_purged":["Strike_R"],"score":283,"play_id":"4fbc0a92-5622-4ce4-b424-59958253f07e","local_time":"20190303220235","is_ascension_mode":true,"campfire_choices":[{"data":"Combust","floor":6,"key":"SMITH"},{"floor":8,"key":"DIG"},{"floor":10,"key":"DIG"},{"floor":11,"key":"DIG"},{"floor":12,"key":"DIG"},{"floor":15,"key":"DIG"},{"floor":23,"key":"DIG"},{"floor":24,"key":"DIG"},{"floor":27,"key":"REST"}],"neow_cost":"NONE","seed_source_timestamp":239515643179675,"circlet_count":0,"master_deck":["Strike_R+1","Strike_R+1","Strike_R+1","Defend_R+1","Defend_R+1","Defend_R+1","Defend_R+1","Bash","Clothesline","Twin Strike","Combust+1","Rampage","Impervious","Pain","Clumsy","Injury","Seeing Red+1","Shrug It Off","Rupture+1","Sword Boomerang"],"relics":["Burning Blood","Shovel","Dream Catcher","WingedGreaves","Strawberry","The Courier","Matryoshka","GremlinMask","Ancient Tea Set","Calling Bell","Oddly Smooth Stone","Kunai","Nunchaku","Lantern","Shuriken","Tiny Chest","Regal Pillow","Blue Candle"],"potions_floor_usage":[2,7,16,16,25,30],"damage_taken":[{"damage":4,"enemies":"Small Slimes","floor":1,"turns":4},{"damage":2,"enemies":"Cultist","floor":3,"turns":4},{"damage":35,"enemies":"Lagavulin","floor":7,"turns":5},{"damage":67,"enemies":"The Guardian","floor":16,"turns":13},{"damage":18,"enemies":"2 Thieves","floor":18,"turns":4},{"damage":17,"enemies":"Chosen","floor":22,"turns":6},{"damage":37,"enemies":"Snake Plant","floor":25,"turns":6},{"damage":35,"enemies":"3 Cultists","floor":28,"turns":6},{"damage":37,"enemies":"Snecko","floor":29,"turns":6},{"damage":9,"enemies":"Cultist and Chosen","floor":30,"turns":4}],"seed_played":"2879641218930060131","potions_obtained":[{"floor":2,"key":"Fruit Juice"},{"floor":2,"key":"SneckoOil"},{"floor":2,"key":"SteroidPotion"},{"floor":3,"key":"BloodPotion"},{"floor":22,"key":"Regen Potion"},{"floor":25,"key":"Strength Potion"}],"is_trial":false,"path_per_floor":["M","?","M","?","$","R","E","R","T","R","R","R","?","?","R","B",null,"M","?","?","?","M","R","R","M","T","R","M","M","M"],"character_chosen":"IRONCLAD","items_purchased":[],"campfire_rested":1,"item_purchase_floors":[],"current_hp_per_floor":[80,85,85,85,85,85,56,56,56,56,63,63,60,60,60,8,92,80,80,80,62,51,51,51,25,25,69,40,9,0],"gold":194,"neow_bonus":"THREE_CARDS","is_prod":false,"is_daily":false,"chose_seed":false,"campfire_upgraded":1,"win_rate":0,"timestamp":1551679355,"path_taken":["M","?","?","?","$","R","E","R","T","R","R","R","?","?","R","BOSS","M","?","?","?","M","R","R","M","T","R","?","M","M"],"build_version":"2019-01-23","purchased_purges":1,"victory":false,"max_hp_per_floor":[80,85,85,85,85,85,85,85,85,85,92,92,92,92,92,92,92,92,92,92,97,97,97,97,97,97,97,97,97,97],"card_choices":[{"not_picked":["Burning Pact","Entrench"],"picked":"Clothesline","floor":0},{"not_picked":["Clash","Power Through"],"picked":"Twin Strike","floor":1},{"not_picked":["Anger","Uppercut"],"picked":"Combust","floor":3},{"not_picked":["Armaments","Shockwave"],"picked":"Rampage","floor":7},{"not_picked":["Immolate","Reaper"],"picked":"Impervious","floor":16},{"not_picked":["Iron Wave","Reckless Charge","Shrug It Off"],"picked":"SKIP","floor":18},{"not_picked":["Combust+1","Thunderclap+1"],"picked":"Seeing Red+1","floor":22},{"not_picked":["Pommel Strike","Cleave"],"picked":"Shrug It Off","floor":25},{"not_picked":["Entrench","Perfected Strike"],"picked":"Rupture+1","floor":28},{"not_picked":["Wild Strike+1","Clash+1"],"picked":"Sword Boomerang","floor":29}],"player_experience":81545,"relics_obtained":[{"floor":7,"key":"Shovel"},{"floor":8,"key":"Dream Catcher"},{"floor":10,"key":"WingedGreaves"},{"floor":11,"key":"Strawberry"},{"floor":12,"key":"The Courier"},{"floor":15,"key":"Ancient Tea Set"},{"floor":17,"key":"Oddly Smooth Stone"},{"floor":17,"key":"Kunai"},{"floor":17,"key":"Nunchaku"},{"floor":23,"key":"Shuriken"},{"floor":24,"key":"Tiny Chest"},{"floor":26,"key":"Regal Pillow"},{"floor":26,"key":"Blue Candle"}],"event_choices":[{"damage_healed":0,"gold_gain":0,"player_choice":"Got Potions","damage_taken":0,"max_hp_gain":0,"max_hp_loss":0,"event_name":"Lab","floor":2,"gold_loss":0},{"cards_removed":["Strike_R"],"damage_healed":0,"gold_gain":0,"player_choice":"Forget","damage_taken":0,"max_hp_gain":0,"max_hp_loss":0,"event_name":"Living Wall","floor":4,"gold_loss":0},{"damage_healed":0,"gold_gain":0,"player_choice":"Success","damage_taken":3,"relics_obtained":["Matryoshka"],"max_hp_gain":0,"max_hp_loss":0,"event_name":"Scrap Ooze","floor":13,"gold_loss":0},{"damage_healed":0,"gold_gain":0,"player_choice":"Trade","damage_taken":0,"relics_obtained":["GremlinMask"],"max_hp_gain":0,"max_hp_loss":0,"event_name":"FaceTrader","floor":14,"gold_loss":0},{"damage_healed":0,"gold_gain":0,"player_choice":"Simplicity","damage_taken":0,"max_hp_gain":0,"max_hp_loss":0,"event_name":"Back to Basics","floor":19,"gold_loss":0,"cards_upgraded":["Strike_R","Strike_R","Strike_R","Defend_R","Defend_R","Defend_R","Defend_R"]},{"damage_healed":0,"gold_gain":0,"player_choice":"Obtained Relic","damage_taken":0,"relics_obtained":["Lantern"],"max_hp_gain":0,"max_hp_loss":0,"event_name":"Addict","floor":20,"gold_loss":85},{"damage_healed":0,"gold_gain":0,"player_choice":"Shed Blood","damage_taken":23,"max_hp_gain":5,"max_hp_loss":0,"event_name":"Forgotten Altar","floor":21,"gold_loss":0}],"is_beta":false,"boss_relics":[{"not_picked":["White Beast Statue","Runic Cube"],"picked":"Calling Bell"}],"items_purged_floors":[5],"is_endless":false,"potions_floor_spawned":[3,22,25],"killed_by":"Cultist and Chosen","ascension_level":3}