{"gold_per_floor":[109,125,125,148,148,184,198,238,264,229,72,72,21,35,35,154,154,169,189,0,99,99,99,114,114],"floor_reached":25,"playtime":1610,"items_purged":["Strike_B"],"score":274,"play_id":"8ec6b7eb-a852-4135-a9d3-a58fce4a8b07","local_time":"20190813224259","is_ascension_mode":true,"campfire_choices":[{"data":"Thunder Strike","floor":12,"key":"SMITH"},{"floor":15,"key":"REST"},{"floor":23,"key":"REST"}],"neow_cost":"NONE","seed_source_timestamp":272027268829300,"circlet_count":0,"master_deck":["Strike_B","Strike_B","Strike_B","Defend_B","Defend_B","Defend_B","Defend_B","Zap","Dualcast","Redo","Coolheaded","Reprogram","Turbo","Streamline+1","FTL","Thunder Strike+1","Seek","Machine Learning","Redo+1","Beam Cell","Leap+1"],"relics":["Cracked Core","Golden Idol","Dodecahedron","Art of War","Blood Vial","Nuclear Battery"],"potions_floor_usage":[6,6,7,16,16,25],"damage_taken":[{"damage":1,"enemies":"2 Louse","floor":1,"turns":3},{"damage":0,"enemies":"Small Slimes","floor":2,"turns":2},{"damage":0,"enemies":"Jaw Worm","floor":4,"turns":4},{"damage":11,"enemies":"3 Sentries","floor":6,"turns":10},{"damage":0,"enemies":"2 Fungi Beasts","floor":7,"turns":2},{"damage":23,"enemies":"Gremlin Nob","floor":8,"turns":4},{"damage":13,"enemies":"Large Slime","floor":14,"turns":6},{"damage":21,"enemies":"The Guardian","floor":16,"turns":9},{"damage":38,"enemies":"2 Thieves","floor":18,"turns":4},{"damage":9,"enemies":"Shell Parasite","floor":19,"turns":5},{"damage":44,"enemies":"Cultist and Chosen","floor":24,"turns":7},{"damage":0,"enemies":"Shelled Parasite and Fungi","floor":25,"turns":2}],"seed_played":"-4384469633200632831","potions_obtained":[{"floor":0,"key":"GamblersBrew"},{"floor":0,"key":"EssenceOfSteel"},{"floor":0,"key":"Energy Potion"},{"floor":1,"key":"Block Potion"},{"floor":14,"key":"Block Potion"},{"floor":24,"key":"EssenceOfSteel"}],"is_trial":false,"path_per_floor":["M","M","?","M","?","E","M","E","T","?","$","R","$","M","R","B",null,"M","M","?","?","?","R","M","M"],"character_chosen":"DEFECT","items_purchased":["Thunder Strike","Block Potion"],"campfire_rested":2,"item_purchase_floors":[11,13],"current_hp_per_floor":[67,67,49,49,54,43,43,20,20,40,40,40,40,29,53,34,69,33,26,26,26,26,50,8,10],"gold":114,"neow_bonus":"THREE_SMALL_POTIONS","is_prod":false,"is_daily":false,"chose_seed":false,"campfire_upgraded":1,"win_rate":0,"timestamp":1565761379,"path_taken":["M","M","?","M","?","E","M","E","T","?","?","R","$","M","R","BOSS","M","M","?","?","?","R","M","?"],"build_version":"2019-07-17","purchased_purges":1,"victory":false,"max_hp_per_floor":[75,75,75,75,80,80,80,80,80,80,80,80,80,80,80,80,80,80,80,80,80,80,80,80,80],"card_choices":[{"not_picked":["Cold Snap","Barrage"],"picked":"Redo","floor":1},{"not_picked":["Stack","Hello World"],"picked":"Coolheaded","floor":2},{"not_picked":["Aggregate","Steam"],"picked":"Reprogram","floor":4},{"not_picked":["Steam","Hyperbeam"],"picked":"Turbo","floor":6},{"not_picked":["Loop","Auto Shields"],"picked":"Streamline","floor":7},{"not_picked":["Steam","Leap"],"picked":"FTL","floor":8},{"not_picked":["Stack","Hologram"],"picked":"Seek","floor":14},{"not_picked":["Amplify","Meteor Strike"],"picked":"Machine Learning","floor":16},{"not_picked":["Barrage","Skim"],"picked":"Redo+1","floor":18},{"not_picked":["Cold Snap","Loop"],"picked":"Beam Cell","floor":19},{"not_picked":["Steam Power+1","Go for the Eyes+1"],"picked":"Leap+1","floor":24}],"player_experience":352814,"relics_obtained":[{"floor":6,"key":"Dodecahedron"},{"floor":8,"key":"Art of War"},{"floor":9,"key":"Blood Vial"}],"event_choices":[{"damage_healed":0,"gold_gain":0,"player_choice":"Take Damage","damage_taken":18,"relics_obtained":["Golden Idol"],"max_hp_gain":0,"max_hp_loss":0,"event_name":"Golden Idol","floor":3,"gold_loss":0},{"damage_healed":0,"gold_gain":0,"player_choice":"Donut","damage_taken":0,"max_hp_gain":5,"max_hp_loss":0,"event_name":"Big Fish","floor":5,"gold_loss":0},{"damage_healed":20,"gold_gain":0,"player_choice":"Healed","damage_taken":0,"max_hp_gain":0,"max_hp_loss":0,"event_name":"The Cleric","floor":10,"gold_loss":35},{"damage_healed":0,"gold_gain":0,"player_choice":"Paid Fearfully","damage_taken":0,"max_hp_gain":0,"max_hp_loss":0,"event_name":"Masked Bandits","floor":20,"gold_loss":189},{"damage_healed":0,"gold_gain":99,"player_choice":"Stole From Cult","damage_taken":0,"max_hp_gain":0,"max_hp_loss":0,"event_name":"Nest","floor":21,"gold_loss":0},{"damage_healed":0,"gold_gain":0,"player_choice":"Upgraded","damage_taken":0,"max_hp_gain":0,"max_hp_loss":0,"event_name":"Upgrade Shrine","floor":22,"gold_loss":0,"cards_upgraded":["Streamline"]}],"is_beta":false,"boss_relics":[{"not_picked":["Empty Cage","Calling Bell"],"picked":"Nuclear Battery"}],"items_purged_floors":[11],"is_endless":false,"potions_floor_spawned":[1,2,14,24],"killed_by":"Shelled Parasite and Fungi","ascension_level":6}