{"path_per_floor":["M","M","?","$","$","R","E","R","T","?","E","R","T","M","R","B",null,"M","?","?","?","?","R","?","R","T","E","M","$","E","M","R","B",null,"M","?","$","?","M","R","E","M","T","M","?","R","?","?","R"],"character_chosen":"IRONCLAD","items_purchased":["Paper Frog","Self Forming Clay"],"gold_per_floor":[19,31,31,31,31,31,64,64,64,64,93,93,93,109,109,208,208,223,223,223,173,173,173,173,173,473,508,521,205,237,256,256,356,356,372,372,13,13,25,25,60,70,116,131,131,131,0,0,0],"floor_reached":50,"campfire_rested":2,"playtime":8534,"current_hp_per_floor":[80,74,74,74,74,74,60,60,60,60,37,61,61,67,67,15,80,65,65,50,50,50,50,85,85,85,82,80,80,45,51,51,34,85,57,78,78,78,85,85,60,52,52,60,60,60,60,60,85],"items_purged":["Strike_R","Writhe"],"gold":0,"play_id":"d563cb99-6cc8-466a-b913-42178017beb4","is_prod":false,"is_daily":false,"campfire_rituals":0,"campfire_upgraded":8,"is_hardmode":false,"path_taken":["M","M","?","?","$","R","E","R","T","?","E","R","?","?","R","BOSS","M","?","?","?","?","R","?","R","T","E","M","$","E","M","R","BOSS","M","?","$","?","M","R","E","M","T","M","?","R","?","?","R","BOSS"],"build_version":"2018-01-18-PROD4","purchased_purges":2,"victory":false,"master_deck":["Strike_R","Defend_R","Defend_R","Bash","Dropkick","Burning Pact","Pommel Strike","Flex","Demon Form","Barricade","Battle Trance","Pummel","Dropkick","Double Tap","Flame Barrier","Whirlwind","Demon Form"],"max_hp_per_floor":[80,80,80,80,80,80,80,80,80,80,80,80,80,80,80,80,80,80,80,85,85,85,85,85,85,85,85,85,85,85,85,85,85,85,85,85,85,85,85,85,85,85,85,85,85,85,85,85,85],"relics":["Black Blood","Frozen Eye","Bronze Scales","Gremlin Horn","Torii","Velvet Choker","Happy Flower","Old Coin","Dodecahedron","Paper Frog","Bag of Marbles","Self Forming Clay","Juzu Bracelet","Oddly Smooth Stone","Red Mask"],"campfire_meditates":0,"card_choices":[{"not_picked":["Spot Weakness","Infernal Blade"],"picked":"Dropkick"},{"not_picked":["Anger","Rupture"],"picked":"Burning Pact"},{"not_picked":["Inflame","Clash"],"picked":"Pommel Strike"},{"not_picked":["Pommel Strike","Warcry"],"picked":"Flex"},{"not_picked":["Sword Boomerang","Clash"],"picked":"Demon Form"},{"not_picked":["Demon Form","Juggernaut"],"picked":"Barricade"},{"not_picked":["Twin Strike","Shockwave"],"picked":"Battle Trance"},{"not_picked":["Sever Soul","Rage"],"picked":"Pummel"},{"not_picked":["Flex","Heavy Blade"],"picked":"Dropkick"},{"not_picked":["Demon Form","Berserk"],"picked":"Double Tap"},{"not_picked":["Armaments","Iron Wave"],"picked":"Flame Barrier"},{"not_picked":["Feed","Bloodletting"],"picked":"Whirlwind"}],"player_experience":21145,"potions_floor_usage":[],"damage_taken":[{"damage":1.0,"enemies":"Jaw Worm","floor":1.0,"turns":6.0},{"damage":12.0,"enemies":"Small Slimes","floor":2.0,"turns":4.0},{"damage":20.0,"enemies":"Gremlin Nob","floor":7.0,"turns":4.0},{"damage":29.0,"enemies":"3 Sentries","floor":11.0,"turns":6.0},{"damage":0.0,"enemies":"Cultist","floor":14.0,"turns":2.0},{"damage":58.0,"enemies":"Hexaghost","floor":16.0,"turns":7.0},{"damage":21.0,"enemies":"Spheric Guardian","floor":18.0,"turns":4.0},{"damage":9.0,"enemies":"Slavers","floor":27.0,"turns":4.0},{"damage":8.0,"enemies":"Chosen","floor":28.0,"turns":4.0},{"damage":41.0,"enemies":"Book of Stabbing","floor":30.0,"turns":4.0},{"damage":0.0,"enemies":"Snecko","floor":31.0,"turns":3.0},{"damage":23.0,"enemies":"Automaton","floor":33.0,"turns":10.0},{"damage":38.0,"enemies":"3 Darklings","floor":35.0,"turns":4.0},{"damage":1.0,"enemies":"Orb Walker","floor":39.0,"turns":2.0},{"damage":35.0,"enemies":"Nemesis","floor":41.0,"turns":7.0},{"damage":18.0,"enemies":"3 Darklings","floor":42.0,"turns":4.0},{"damage":2.0,"enemies":"Maw","floor":44.0,"turns":5.0},{"damage":87,"enemies":"Donu and Deca","floor":50,"turns":6}],"event_choices":[{"event_name":"Living Wall","player_choice":"Forget","floor":3.0,"damage_taken":0.0},{"event_name":"Wheel of Change","player_choice":"Card Removal","floor":10.0,"damage_taken":0.0},{"event_name":"The Mausoleum","player_choice":"Yes","floor":19.0,"damage_taken":0.0},{"event_name":"Forgotten Altar","player_choice":"Shed Blood","floor":20.0,"damage_taken":0.0},{"event_name":"The Joust","player_choice":"Bet on Owner","floor":21.0,"damage_taken":0.0},{"event_name":"Drug Dealer","player_choice":"Ignored","floor":22.0,"damage_taken":0.0},{"event_name":"Wheel of Change","player_choice":"Full Heal","floor":24.0,"damage_taken":0.0},{"event_name":"Winding Halls","player_choice":"Writhe","floor":36.0,"damage_taken":0.0},{"event_name":"Mysterious Sphere","player_choice":"Ignore","floor":38.0,"damage_taken":0.0},{"event_name":"Duplicator","player_choice":"One dupe","floor":45.0,"damage_taken":0.0},{"event_name":"Tomb of Lord Red Mask","player_choice":"Paid","floor":47.0,"damage_taken":0.0}],"boss_relics":[],"potions_floor_spawned":[1,2,7,14,18,28,31,39],"seed_played":"1518822683345544437","killed_by":"Donu and Deca","is_trial":false}