{"gold_per_floor":[209,222,222,147,166,200,200,228,279,279],"floor_reached":10,"playtime":538,"items_purged":["Defend_B"],"score":110,"play_id":"ed7c259c-1856-4484-9e0e-7998f98e9fdc","local_time":"20190521191727","is_ascension_mode":true,"campfire_choices":[{"data":"Zap","floor":7,"key":"SMITH"}],"neow_cost":"NONE","seed_source_timestamp":488533584859863,"circlet_count":0,"master_deck":["Strike_B","Strike_B","Strike_B","Defend_B+1","Defend_B","Defend_B","Zap+1","Dualcast","Consume","Cold Snap","Glacier","Leap+1"],"relics":["Cracked Core","Sundial","Dream Catcher","War Paint"],"potions_floor_usage":[6,6],"damage_taken":[{"damage":2,"enemies":"Jaw Worm","floor":1,"turns":3},{"damage":9,"enemies":"Small Slimes","floor":2,"turns":3},{"damage":0,"enemies":"Cultist","floor":5,"turns":4},{"damage":19,"enemies":"Lagavulin","floor":6,"turns":10},{"damage":27,"enemies":"Gremlin Nob","floor":8,"turns":6},{"damage":5,"enemies":"3 Louse","floor":10,"turns":2}],"seed_played":"-2900930723231623816","potions_obtained":[{"floor":2,"key":"Poison Potion"},{"floor":5,"key":"Dexterity Potion"},{"floor":8,"key":"FearPotion"}],"is_trial":false,"path_per_floor":["M","M","?","$","M","E","R","E","T","M"],"character_chosen":"DEFECT","items_purchased":[],"campfire_rested":0,"item_purchase_floors":[],"current_hp_per_floor":[66,57,50,50,50,31,31,4,4,0],"gold":279,"neow_bonus":"HUNDRED_GOLD","is_prod":false,"is_daily":false,"chose_seed":false,"campfire_upgraded":1,"win_rate":0,"timestamp":1558480647,"path_taken":["M","M","?","$","M","E","R","E","T","M"],"build_version":"2019-05-07","purchased_purges":1,"victory":false,"max_hp_per_floor":[75,75,75,75,75,75,75,75,75,75],"card_choices":[{"not_picked":["Conserve Battery","Rebound"],"picked":"Consume","floor":1},{"not_picked":["Beam Cell","Stack"],"picked":"Cold Snap","floor":2},{"not_picked":["Amplify","Fusion"],"picked":"Glacier","floor":5},{"not_picked":["Blizzard","Storm"],"picked":"Leap","floor":6},{"not_picked":["Streamline","Beam Cell","Conserve Battery"],"picked":"SKIP","floor":8}],"player_experience":804588,"relics_obtained":[{"floor":6,"key":"Sundial"},{"floor":8,"key":"Dream Catcher"},{"floor":9,"key":"War Paint"}],"event_choices":[{"cards_removed":["Strike_B"],"damage_healed":0,"gold_gain":0,"player_choice":"Card Removal","damage_taken":7,"max_hp_gain":0,"max_hp_loss":0,"event_name":"Golden Wing","floor":3,"gold_loss":0}],"is_beta":true,"boss_relics":[],"items_purged_floors":[4],"is_endless":false,"potions_floor_spawned":[2,5,8],"killed_by":"3 Louse","ascension_level":9}