{"gold_per_floor":[116,116,132,132,150,150,120,132,159,159,194,194,194,235,235,361,361,377,179,179,203,131,131,131,131,157,256,256,256,256,294,294,417,417,436,44,44,64,397,397,195,195,195,195,206,225,225,225,225,225],"floor_reached":51,"playtime":1760,"items_purged":["Strike_R","Strike_R","Strike_R","Flex"],"score":765,"play_id":"5799e34e-68b6-4683-9577-22df660db44b","local_time":"20190113060542","is_ascension_mode":false,"campfire_choices":[{"data":"Searing Blow+1","floor":6,"key":"SMITH"},{"data":"Searing Blow+2","floor":10,"key":"SMITH"},{"data":"Searing Blow+3","floor":12,"key":"SMITH"},{"data":"Searing Blow+4","floor":15,"key":"SMITH"},{"data":"Searing Blow+5","floor":23,"key":"SMITH"},{"data":"Searing Blow+6","floor":25,"key":"SMITH"},{"data":"Searing Blow+7","floor":28,"key":"SMITH"},{"data":"Searing Blow+8","floor":30,"key":"SMITH"},{"data":"Searing Blow+9","floor":32,"key":"SMITH"},{"data":"Searing Blow+10","floor":40,"key":"SMITH"},{"data":"Searing Blow+11","floor":42,"key":"SMITH"},{"data":"Bash","floor":44,"key":"PURGE"},{"data":"Defend_R+1","floor":49,"key":"PURGE"}],"neow_cost":"PERCENT_DAMAGE","seed_source_timestamp":361682926278907,"circlet_count":0,"master_deck":["Defend_R+1","Defend_R+1","Searing Blow+13","Shrug It Off+1","Whirlwind+1","Shrug It Off+1","Shrug It Off+1"],"relics":["Burning Blood","Smiling Mask","Anchor","Mercury Hourglass","Runic Dome","Bag of Marbles","Red Skull","Darkstone Periapt","Sozu","Chemical X","Bag of Preparation","Oddly Smooth Stone","Peace Pipe","Mark of the Bloom"],"potions_floor_usage":[11,50],"damage_taken":[{"damage":0,"enemies":"Small Slimes","floor":1,"turns":3},{"damage":6,"enemies":"Cultist","floor":3,"turns":3},{"damage":8,"enemies":"Jaw Worm","floor":5,"turns":3},{"damage":6,"enemies":"Blue Slaver","floor":8,"turns":4},{"damage":20,"enemies":"Gremlin Nob","floor":11,"turns":4},{"damage":1,"enemies":"3 Sentries","floor":14,"turns":7},{"damage":27,"enemies":"The Guardian","floor":16,"turns":10},{"damage":5,"enemies":"Shell Parasite","floor":18,"turns":3},{"damage":10,"enemies":"2 Thieves","floor":21,"turns":2},{"damage":10,"enemies":"Book of Stabbing","floor":31,"turns":3},{"damage":63,"enemies":"Champ","floor":33,"turns":8},{"damage":6,"enemies":"3 Darklings","floor":35,"turns":5},{"damage":0,"enemies":"3 Shapes","floor":38,"turns":2},{"damage":0,"enemies":"Spire Growth","floor":45,"turns":1},{"damage":0,"enemies":"Maw","floor":46,"turns":2},{"damage":19,"enemies":"Awakened One","floor":50,"turns":3}],"seed_played":"4152722003006049754","potions_obtained":[{"floor":3,"key":"EntropicBrew"},{"floor":7,"key":"SkillPotion"},{"floor":7,"key":"FairyPotion"},{"floor":8,"key":"SpeedPotion"},{"floor":14,"key":"FairyPotion"},{"floor":31,"key":"SpeedPotion"}],"is_trial":false,"path_per_floor":["M","?","M","?","M","R","?","M","T","R","E","R","?","E","R","B",null,"M","$","?","M","$","R","?","R","T","?","R","?","R","E","R","B",null,"M","$","?","M","?","R","$","R","T","R","M","M","?","?","R","B",null],"character_chosen":"IRONCLAD","items_purchased":["Bag of Marbles","Shrug It Off","Chemical X","Bag of Preparation","Oddly Smooth Stone"],"campfire_rested":0,"item_purchase_floors":[19,22,36,36,41],"current_hp_per_floor":[62,62,62,62,60,60,60,60,60,60,46,46,46,51,51,30,74,74,74,74,70,70,70,70,70,70,70,70,70,70,66,66,9,74,74,74,74,74,74,74,74,74,74,74,74,74,74,70,70,51],"gold":225,"neow_bonus":"REMOVE_TWO","is_prod":false,"is_daily":false,"chose_seed":false,"campfire_upgraded":11,"win_rate":0,"timestamp":1547377542,"path_taken":["M","?","?","?","M","R","?","?","T","R","E","R","?","E","R","BOSS","M","$","?","M","$","R","?","R","T","?","R","?","R","E","R","BOSS","M","$","?","M","?","R","$","R","T","R","M","M","?","?","R","BOSS"],"build_version":"2019-01-10","purchased_purges":4,"victory":true,"max_hp_per_floor":[80,80,80,80,80,80,80,80,80,80,80,80,74,74,74,74,74,74,74,74,74,74,74,74,74,74,74,74,74,74,74,74,74,74,74,74,74,74,74,74,74,74,74,74,74,74,74,70,70,70],"card_choices":[{"not_picked":["True Grit","Pommel Strike"],"picked":"Flex","floor":1},{"not_picked":["Flame Barrier","Evolve"],"picked":"Searing Blow","floor":3},{"not_picked":["Flex","Cleave"],"picked":"Shrug It Off","floor":5},{"not_picked":["Whirlwind","Anger","Wild Strike"],"picked":"SKIP","floor":8},{"not_picked":["Anger","Wild Strike"],"picked":"Whirlwind","floor":8},{"not_picked":["Entrench","Pummel","Intimidate"],"picked":"SKIP","floor":11},{"not_picked":["Flame Barrier","Rage","Feel No Pain"],"picked":"SKIP","floor":14},{"not_picked":["Perfected Strike+1","Pummel","Body Slam"],"picked":"SKIP","floor":18},{"not_picked":["Combust","Pommel Strike+1","Sword Boomerang+1"],"picked":"SKIP","floor":21},{"not_picked":["True Grit","Seeing Red","Disarm"],"picked":"SKIP","floor":31},{"not_picked":["Fire Breathing","Anger+1","Evolve+1"],"picked":"SKIP","floor":35},{"not_picked":["Body Slam","Twin Strike","Iron Wave"],"picked":"SKIP","floor":38},{"not_picked":["Heavy Blade","Clash+1","True Grit+1"],"picked":"SKIP","floor":45},{"not_picked":["Body Slam+1","Sentinel","Entrench+1"],"picked":"SKIP","floor":46}],"player_experience":703723,"relics_obtained":[{"floor":9,"key":"Smiling Mask"},{"floor":11,"key":"Anchor"},{"floor":14,"key":"Mercury Hourglass"},{"floor":26,"key":"Red Skull"},{"floor":31,"key":"Darkstone Periapt"},{"floor":43,"key":"Peace Pipe"}],"event_choices":[{"cards_removed":["Defend_R"],"damage_healed":0,"gold_gain":0,"player_choice":"Purged","damage_taken":0,"max_hp_gain":0,"max_hp_loss":0,"event_name":"Purifier","floor":2,"gold_loss":0},{"damage_healed":0,"gold_gain":0,"player_choice":"Grow","damage_taken":0,"max_hp_gain":0,"max_hp_loss":0,"event_name":"Living Wall","floor":4,"gold_loss":0,"cards_upgraded":["Searing Blow"]},{"damage_healed":0,"gold_gain":0,"player_choice":"Bought 2 Potions","damage_taken":0,"max_hp_gain":0,"max_hp_loss":0,"event_name":"The Woman in Blue","floor":7,"gold_loss":0},{"damage_healed":0,"gold_gain":0,"player_choice":"Lose Max HP","damage_taken":0,"relics_obtained":["Golden Idol"],"max_hp_gain":0,"max_hp_loss":6,"event_name":"Golden Idol","floor":13,"gold_loss":0},{"damage_healed":0,"gold_gain":0,"player_choice":"Read","damage_taken":0,"max_hp_gain":0,"max_hp_loss":0,"event_name":"The Library","floor":20,"gold_loss":0,"cards_obtained":["Shrug It Off"]},{"damage_healed":0,"gold_gain":0,"player_choice":"Ignored","damage_taken":0,"max_hp_gain":0,"max_hp_loss":0,"event_name":"Vampires","floor":24,"gold_loss":0},{"damage_healed":0,"gold_gain":99,"player_choice":"Stole From Cult","damage_taken":0,"max_hp_gain":0,"max_hp_loss":0,"event_name":"Nest","floor":27,"gold_loss":0},{"damage_healed":0,"gold_gain":0,"player_choice":"Ignored","damage_taken":0,"max_hp_gain":0,"max_hp_loss":0,"event_name":"The Mausoleum","floor":29,"gold_loss":0},{"damage_healed":0,"gold_gain":0,"player_choice":"Memory 1","damage_taken":0,"max_hp_gain":0,"max_hp_loss":0,"event_name":"SensoryStone","floor":37,"gold_loss":0},{"damage_healed":0,"gold_gain":333,"player_choice":"Gave Idol","damage_taken":0,"max_hp_gain":0,"max_hp_loss":0,"event_name":"The Moai Head","floor":39,"relics_lost":["Golden Idol"],"gold_loss":0},{"damage_healed":0,"gold_gain":0,"player_choice":"Upgrade","damage_taken":0,"relics_obtained":["Mark of the Bloom"],"max_hp_gain":0,"max_hp_loss":0,"event_name":"MindBloom","floor":47,"gold_loss":0,"cards_upgraded":["Defend_R","Defend_R","Defend_R","Searing Blow","Shrug It Off","Whirlwind","Shrug It Off","Shrug It Off"]},{"damage_healed":0,"gold_gain":0,"player_choice":"Max HP","damage_taken":0,"max_hp_gain":0,"max_hp_loss":4,"event_name":"Winding Halls","floor":48,"gold_loss":0}],"is_beta":false,"boss_relics":[{"not_picked":["Orrery","Lizard Tail"],"picked":"Runic Dome"},{"not_picked":["Pandora\u0027s Box","Black Blood"],"picked":"Sozu"}],"items_purged_floors":[19,22,36,41],"is_endless":false,"potions_floor_spawned":[3,8,14,31,38,45],"ascension_level":0}