{"path_per_floor":["M","M","$","?","M","R","M","?","T","M","$","?","R","M","R","B",null,"M","M","M","?","$"],"character_chosen":"IRONCLAD","items_purchased":["Deep Breath","True Grit","Ginger"],"gold_per_floor":[114,129,13,13,32,32,51,51,126,145,145,145,145,164,164,289,289,308,327,346,346,46,46],"floor_reached":23,"campfire_rested":0,"playtime":1325,"current_hp_per_floor":[77,77,77,74,71,71,64,64,70,68,68,68,68,59,59,56,86,85,83,70,86,86,85],"items_purged":[],"gold":46,"score":259,"play_id":"2ee0cbda-7c0e-4b5b-b501-bc1b9f407089","local_time":"20180324113801","daily_mods":["Allstar","Cursed Run","Insanity"],"is_prod":false,"is_daily":true,"is_ascension_mode":false,"campfire_upgraded":3,"timestamp":1521905881,"path_taken":["M","M","$","?","M","R","?","?","T","?","$","?","R","M","R","BOSS","M","M","M","?","$","E"],"build_version":"2018-03-22v2","purchased_purges":1,"victory":false,"master_deck":["Impervious","Power Through","Warcry","Warcry","Flame Barrier","Sever Soul","Headbutt","Shrug It Off","Flame Barrier","Impervious","Entrench","Pommel Strike","Clash","Sentinel","Rampage","Corruption","Infernal Blade","Clothesline","Seeing Red","Twin Strike","Second Wind","Iron Wave","Brutality+1","Bash","Disarm","Flame Barrier","Sever Soul","Uppercut","Bloodletting","Dual Wield","Searing Blow","Shockwave","Headbutt","Double Tap","Wild Strike","Headbutt","Rage","Armaments","Shockwave","Anger","Sever Soul","Flex","Power Through","Corruption","Rampage","Bludgeon","Headbutt","Uppercut","True Grit","Blind","Transmutation","Whirlwind","Havoc+1","Deep Breath+1","True Grit","Pommel Strike","Regret","Inflame","Blood for Blood","Doubt","Reaper","Armaments+1","Blood for Blood"],"max_hp_per_floor":[80,80,80,74,74,74,74,74,80,80,80,80,80,80,80,86,86,86,86,86,86,86,86],"relics":["Cursed Key","Darkstone Periapt","Du-Vu Doll","Golden Idol","Letter Opener","Runic Cube","Ginger"],"card_choices":[{"not_picked":["Rupture","Sever Soul"],"picked":"Whirlwind","floor":1},{"not_picked":["Perfected Strike","Sword Boomerang"],"picked":"Havoc","floor":2},{"not_picked":["Warcry","Thunderclap"],"picked":"Pommel Strike","floor":7},{"not_picked":["Havoc","Blood for Blood"],"picked":"Inflame","floor":10},{"not_picked":["Feel No Pain","Disarm"],"picked":"Blood for Blood","floor":14},{"not_picked":["Exhume","Juggernaut"],"picked":"Reaper","floor":16},{"not_picked":["Iron Wave","Hemokinesis"],"picked":"Armaments","floor":18},{"not_picked":["Fire Breathing","Searing Blow"],"picked":"Blood for Blood","floor":20}],"player_experience":499041,"potions_floor_usage":[23],"damage_taken":[{"damage":3,"enemies":"Jaw Worm","floor":1,"turns":2},{"damage":0,"enemies":"2 Louse","floor":2,"turns":2},{"damage":3,"enemies":"Small Slimes","floor":5,"turns":3},{"damage":7,"enemies":"Gremlin Gang","floor":7,"turns":4},{"damage":2,"enemies":"3 Louse","floor":10,"turns":3},{"damage":9,"enemies":"Exordium Wildlife","floor":14,"turns":2},{"damage":9,"enemies":"The Guardian","floor":16,"turns":6},{"damage":7,"enemies":"2 Thieves","floor":18,"turns":3},{"damage":2,"enemies":"Spheric Guardian","floor":19,"turns":3},{"damage":13,"enemies":"Slaver and Parasite","floor":20,"turns":4},{"damage":1,"enemies":"Book of Stabbing","floor":23,"turns":2}],"event_choices":[{"event_name":"Golden Idol","player_choice":"Lose Max HP","floor":4,"damage_taken":0},{"event_name":"Liars Game","player_choice":"disagreed","floor":8,"damage_taken":0},{"event_name":"Purifier","player_choice":"One Purge","floor":12,"damage_taken":0},{"event_name":"The Library","player_choice":"Heal","floor":21,"damage_taken":0}],"boss_relics":[{"not_picked":["Snecko Eye","Philosopher\u0027s Stone"],"picked":"Runic Cube"}],"potions_floor_spawned":[2,5,16,19],"seed_played":"-8935585720801490496","killed_by":"Book of Stabbing","ascension_level":0,"is_trial":false}