{"gold_per_floor":[116,191,211,4,15,15,25,53,79,79,79,79,53,53,53,149,149,168,168,168,168,83,83,95,95,95,18,18,38,12,12,12,115,115,127,127,47,63,117,0,17,17,40,52,52,63,82,137,137,137],"floor_reached":51,"playtime":4828,"items_purged":[],"score":616,"play_id":"3bc1cffd-0379-44ce-b022-65e99656710e","local_time":"20190811035858","is_ascension_mode":false,"campfire_choices":[{"data":"Enlightenment","floor":6,"key":"SMITH"},{"data":"Combust","floor":10,"key":"SMITH"},{"data":"1","floor":15,"key":"LIFT"},{"data":"2","floor":23,"key":"LIFT"},{"data":"3","floor":25,"key":"LIFT"},{"data":"Mind Blast","floor":28,"key":"SMITH"},{"data":"Carnage","floor":32,"key":"SMITH"},{"floor":42,"key":"REST"},{"data":"Combust","floor":49,"key":"SMITH"}],"neow_cost":"NONE","seed_source_timestamp":2451196398259700,"circlet_count":0,"master_deck":["Strike_R","Strike_R","Strike_R","Strike_R","Defend_R","Defend_R","Defend_R","Bash","Combust+1","Enlightenment+1","Shockwave","Carnage","Blood for Blood","Fiend Fire","Pommel Strike","Cleave","Double Tap+1","Clothesline","Shrug It Off","Double Tap+1","Rampage","Perfected Strike","Anger+1","Double Tap","Brutality","Thunderclap+1","Mind Blast+1","Carnage+1","Flex","Reaper","Headbutt+1","Combust+1","Fire Breathing+1","Battle Trance+1","Berserk","Second Wind+1","Thunderclap+1","Swift Strike","Jack Of All Trades","Headbutt+1","Metallicize"],"relics":["Burning Blood","Dream Catcher","Bag of Marbles","Juzu Bracelet","Letter Opener","Bag of Preparation","Girya","Orrery","Torii","Matryoshka","MawBank","War Paint","Philosopher\u0027s Stone","StoneCalendar","Red Mask","Happy Flower","Centennial Puzzle","PreservedInsect"],"potions_floor_usage":[50],"damage_taken":[{"damage":1,"enemies":"Jaw Worm","floor":1,"turns":6},{"damage":12,"enemies":"Small Slimes","floor":3,"turns":3},{"damage":7,"enemies":"2 Louse","floor":5,"turns":2},{"damage":2,"enemies":"Large Slime","floor":7,"turns":4},{"damage":7,"enemies":"Gremlin Nob","floor":8,"turns":3},{"damage":31,"enemies":"Hexaghost","floor":16,"turns":6},{"damage":10,"enemies":"Spheric Guardian","floor":18,"turns":3},{"damage":4,"enemies":"Chosen","floor":24,"turns":2},{"damage":0,"enemies":"Snecko","floor":29,"turns":2},{"damage":41,"enemies":"Collector","floor":33,"turns":6},{"damage":0,"enemies":"Orb Walker","floor":35,"turns":1},{"damage":2,"enemies":"3 Darklings","floor":38,"turns":2},{"damage":36,"enemies":"2 Orb Walkers","floor":39,"turns":4},{"damage":27,"enemies":"Maw","floor":41,"turns":5},{"damage":8,"enemies":"Writhing Mass","floor":44,"turns":2},{"damage":1,"enemies":"Jaw Worm Horde","floor":46,"turns":2},{"damage":0,"enemies":"3 Darklings","floor":47,"turns":3},{"damage":58,"enemies":"Donu and Deca","floor":50,"turns":5}],"seed_played":"2525170693099716298","potions_obtained":[{"floor":1,"key":"FearPotion"},{"floor":8,"key":"Strength Potion"},{"floor":16,"key":"Explosive Potion"},{"floor":18,"key":"PowerPotion"},{"floor":24,"key":"FairyPotion"},{"floor":46,"key":"SpeedPotion"}],"is_trial":false,"path_per_floor":["M","?","M","$","M","R","M","E","T","R","T","?","$","?","R","B",null,"M","?","?","?","?","R","M","R","T","$","R","M","$","?","R","B",null,"M","?","$","M","?","?","M","R","T","M","?","M","M","T","R","B",null],"character_chosen":"IRONCLAD","items_purchased":["Enlightenment","Shockwave","Carnage","Cleave","Mind Blast","Flex","Combust"],"campfire_rested":1,"item_purchase_floors":[4,4,4,13,27,30,37],"current_hp_per_floor":[80,69,63,63,62,62,66,65,65,65,65,58,58,58,58,33,80,76,76,76,76,76,76,78,78,78,78,78,80,80,80,80,45,80,80,80,80,80,57,57,46,70,70,68,63,68,74,74,74,22],"gold":137,"neow_bonus":"RANDOM_COMMON_RELIC","is_prod":false,"is_daily":false,"chose_seed":false,"campfire_upgraded":5,"win_rate":0.0,"timestamp":1565521138,"path_taken":["M","?","M","$","M","R","M","E","T","R","?","?","$","?","R","BOSS","M","?","?","?","?","R","M","R","T","$","R","M","$","?","R","BOSS","M","?","$","M","?","?","M","R","T","M","?","M","M","?","R","BOSS"],"build_version":"2019-07-17","purchased_purges":0,"victory":true,"max_hp_per_floor":[80,80,80,80,80,80,80,80,80,80,80,80,80,80,80,80,80,80,80,80,80,80,80,80,80,80,80,80,80,80,80,80,80,80,80,80,80,80,80,80,80,80,80,80,80,80,80,80,80,80],"card_choices":[{"not_picked":["Warcry","Twin Strike"],"picked":"Combust","floor":1},{"not_picked":["Anger","Seeing Red"],"picked":"Blood for Blood","floor":3},{"not_picked":["Body Slam","Entrench"],"picked":"Blood for Blood","floor":5},{"not_picked":["True Grit","Flex"],"picked":"Fiend Fire","floor":7},{"not_picked":["Iron Wave","Perfected Strike"],"picked":"Pommel Strike","floor":8},{"not_picked":["Brutality","Barricade"],"picked":"Double Tap","floor":16},{"not_picked":["Perfected Strike","Feel No Pain"],"picked":"Clothesline","floor":17},{"not_picked":["Heavy Blade","Uppercut"],"picked":"Shrug It Off","floor":17},{"not_picked":["Cleave","Heavy Blade"],"picked":"Double Tap","floor":17},{"not_picked":["Warcry","Heavy Blade"],"picked":"Rampage","floor":17},{"not_picked":["Thunderclap","Rampage"],"picked":"Perfected Strike","floor":17},{"not_picked":["Whirlwind","Rampage"],"picked":"Anger+1","floor":18},{"not_picked":["True Grit","Cleave"],"picked":"Thunderclap+1","floor":24},{"not_picked":["Anger","Reckless Charge"],"picked":"Carnage","floor":29},{"not_picked":["Impervious","Juggernaut"],"picked":"Reaper","floor":33},{"not_picked":["Iron Wave","Shrug It Off"],"picked":"Headbutt+1","floor":35},{"not_picked":["Shockwave+1","Clothesline+1"],"picked":"Fire Breathing+1","floor":38},{"not_picked":["Iron Wave","Clash"],"picked":"Battle Trance+1","floor":39},{"not_picked":["Iron Wave","Spot Weakness+1"],"picked":"Berserk","floor":41},{"not_picked":["Perfected Strike","Power Through"],"picked":"Second Wind+1","floor":42},{"not_picked":["Pommel Strike+1","Sword Boomerang+1"],"picked":"Thunderclap+1","floor":44},{"not_picked":["Blind","Forethought"],"picked":"Swift Strike","floor":45},{"not_picked":["Flash of Steel","Panacea"],"picked":"Jack Of All Trades","floor":45},{"not_picked":["Seeing Red+1","Pummel+1"],"picked":"Headbutt+1","floor":46},{"not_picked":["Headbutt","Body Slam"],"picked":"Metallicize","floor":47}],"player_experience":17946,"relics_obtained":[{"floor":8,"key":"Bag of Marbles"},{"floor":9,"key":"Juzu Bracelet"},{"floor":11,"key":"Letter Opener"},{"floor":26,"key":"MawBank"},{"floor":26,"key":"War Paint"},{"floor":39,"key":"StoneCalendar"},{"floor":43,"key":"Happy Flower"},{"floor":43,"key":"Centennial Puzzle"},{"floor":48,"key":"PreservedInsect"}],"event_choices":[{"damage_healed":0,"gold_gain":75,"player_choice":"Gather Gold","damage_taken":11,"max_hp_gain":0,"max_hp_loss":0,"event_name":"World of Goop","floor":2,"gold_loss":0},{"damage_healed":0,"gold_gain":0,"player_choice":"Success","damage_taken":7,"relics_obtained":["Bag of Preparation"],"max_hp_gain":0,"max_hp_loss":0,"event_name":"Scrap Ooze","floor":12,"gold_loss":0},{"damage_healed":0,"gold_gain":0,"player_choice":"Searched \u00272\u0027 times","damage_taken":0,"relics_obtained":["Girya"],"max_hp_gain":0,"max_hp_loss":0,"event_name":"Dead Adventurer","floor":14,"gold_loss":0},{"damage_healed":0,"gold_gain":0,"player_choice":"Ignored","damage_taken":0,"max_hp_gain":0,"max_hp_loss":0,"event_name":"Vampires","floor":19,"gold_loss":0},{"damage_healed":0,"gold_gain":0,"player_choice":"Opened","damage_taken":0,"relics_obtained":["Torii"],"max_hp_gain":0,"max_hp_loss":0,"event_name":"The Mausoleum","floor":20,"gold_loss":0},{"damage_healed":0,"gold_gain":0,"cards_transformed":["Defend_R","Strike_R"],"player_choice":"Became Test Subject","damage_taken":0,"max_hp_gain":0,"max_hp_loss":0,"event_name":"Drug Dealer","floor":21,"gold_loss":0,"cards_obtained":["Double Tap","Brutality"]},{"damage_healed":0,"gold_gain":0,"player_choice":"Obtained Relic","damage_taken":0,"relics_obtained":["Matryoshka"],"max_hp_gain":0,"max_hp_loss":0,"event_name":"Addict","floor":22,"gold_loss":85},{"damage_healed":0,"gold_gain":0,"player_choice":"Ignored","damage_taken":0,"max_hp_gain":0,"max_hp_loss":0,"event_name":"Ghosts","floor":31,"gold_loss":0},{"cards_removed":["Blood for Blood"],"damage_healed":0,"gold_gain":0,"player_choice":"Removed Attack","damage_taken":0,"max_hp_gain":0,"max_hp_loss":0,"event_name":"Falling","floor":36,"gold_loss":0},{"damage_healed":0,"gold_gain":0,"player_choice":"Fight","damage_taken":0,"max_hp_gain":0,"max_hp_loss":0,"event_name":"Mysterious Sphere","floor":39,"gold_loss":0},{"damage_healed":0,"gold_gain":0,"player_choice":"Paid","damage_taken":0,"relics_obtained":["Red Mask"],"max_hp_gain":0,"max_hp_loss":0,"event_name":"Tomb of Lord Red Mask","floor":40,"gold_loss":117},{"damage_healed":0,"gold_gain":0,"player_choice":"Memory 2","damage_taken":5,"max_hp_gain":0,"max_hp_loss":0,"event_name":"SensoryStone","floor":45,"gold_loss":0}],"is_beta":false,"boss_relics":[{"not_picked":["Snecko Eye","Coffee Dripper"],"picked":"Orrery"},{"not_picked":["Tiny House","White Beast Statue"],"picked":"Philosopher\u0027s Stone"}],"items_purged_floors":[],"is_endless":false,"potions_floor_spawned":[1,8,16,18,24,35,39,46],"ascension_level":0}