{"gold_per_floor":[118,118,128,128,143,143,143,143,143,143,154,154,166,177,177,277,277,290,290,22,22,36,36,64,64,64,96,107,7,18,34,34,131,131,144,144,19,38,49,49,0,0,51,51,65,78,96,116,116,116],"floor_reached":50,"playtime":3318,"items_purged":["Strike_B","Strike_B","Strike_B"],"score":716,"play_id":"44107241-72fa-45b4-aee2-731ad29bc511","local_time":"20181223184320","is_ascension_mode":true,"campfire_choices":[{"data":"Zap","floor":6,"key":"SMITH"},{"data":"Defend_B","floor":8,"key":"SMITH"},{"data":"Defend_B","floor":10,"key":"SMITH"},{"data":"Defragment","floor":12,"key":"SMITH"},{"data":"Coolheaded","floor":15,"key":"SMITH"},{"data":"Secret Weapon","floor":23,"key":"SMITH"},{"floor":25,"key":"REST"},{"floor":32,"key":"REST"},{"data":"Seek","floor":40,"key":"SMITH"},{"data":"Scrape","floor":42,"key":"SMITH"},{"data":"Seek","floor":49,"key":"SMITH"}],"neow_cost":"PERCENT_DAMAGE","seed_source_timestamp":311469739740249,"circlet_count":0,"master_deck":["Defend_B+1","Defend_B","Defend_B","Defend_B+1","Zap+1","Dualcast+1","Steam","Gash","Defragment+1","Gash","Coolheaded+1","All For One","Steam","Gash","Chill","Secret Weapon+1","Scrape+1","Seek+1","Seek+1","Genetic Algorithm","Redo+1","Storm+1","Echo Form+1","Gash+1","Loop+1","Tempest+1","Go for the Eyes+1","Fusion+1"],"relics":["Cracked Core","Ginger","Strawberry","Mummified Hand","Orrery","Lantern","Frozen Egg 2","Ancient Tea Set","Coffee Dripper","Ice Cream","Red Mask","Omamori"],"potions_floor_usage":[16,16,24,31,31,33,33,45,47,50,50],"damage_taken":[{"damage":2,"enemies":"Jaw Worm","floor":1,"turns":4},{"damage":7,"enemies":"Small Slimes","floor":3,"turns":3},{"damage":3,"enemies":"2 Louse","floor":5,"turns":3},{"damage":1,"enemies":"Lots of Slimes","floor":11,"turns":4},{"damage":8,"enemies":"Blue Slaver","floor":13,"turns":3},{"damage":7,"enemies":"Exordium Wildlife","floor":14,"turns":2},{"damage":0,"enemies":"Slime Boss","floor":16,"turns":6},{"damage":19,"enemies":"2 Thieves","floor":18,"turns":5},{"damage":0,"enemies":"Chosen","floor":22,"turns":4},{"damage":35,"enemies":"Slavers","floor":24,"turns":7},{"damage":0,"enemies":"Gremlin Leader","floor":27,"turns":8},{"damage":23,"enemies":"Snecko","floor":28,"turns":6},{"damage":2,"enemies":"Centurion and Healer","floor":30,"turns":8},{"damage":0,"enemies":"Snake Plant","floor":31,"turns":4},{"damage":59,"enemies":"Automaton","floor":33,"turns":9},{"damage":9,"enemies":"3 Darklings","floor":35,"turns":5},{"damage":0,"enemies":"Orb Walker","floor":38,"turns":2},{"damage":20,"enemies":"Transient","floor":39,"turns":5},{"damage":15,"enemies":"Writhing Mass","floor":45,"turns":4},{"damage":16,"enemies":"Jaw Worm Horde","floor":46,"turns":3},{"damage":12,"enemies":"Transient","floor":47,"turns":5},{"damage":10,"enemies":"Spire Growth","floor":48,"turns":4},{"damage":5,"enemies":"Awakened One","floor":50,"turns":3}],"seed_played":"2855589710144821554","potions_obtained":[{"floor":1,"key":"Swift Potion"},{"floor":11,"key":"PowerPotion"},{"floor":14,"key":"FocusPotion"},{"floor":22,"key":"Energy Potion"},{"floor":28,"key":"Fruit Juice"},{"floor":30,"key":"Ancient Potion"},{"floor":31,"key":"Regen Potion"},{"floor":38,"key":"GamblersBrew"},{"floor":45,"key":"FearPotion"},{"floor":46,"key":"Block Potion"},{"floor":48,"key":"Swift Potion"}],"is_trial":false,"path_per_floor":["M","?","M","?","M","R","?","R","T","R","M","R","M","M","R","B",null,"M","?","$","?","M","R","E","R","T","E","M","$","M","M","R","B",null,"M","?","$","M","M","R","?","R","T","?","M","M","M","M","R","B"],"character_chosen":"DEFECT","items_purchased":["Secret Weapon"],"campfire_rested":2,"item_purchase_floors":[20],"current_hp_per_floor":[52,75,68,68,65,65,65,65,65,65,64,64,56,49,49,49,82,63,63,63,63,63,63,28,52,52,52,29,29,27,32,58,14,87,78,78,78,78,58,58,58,58,58,58,43,27,15,5,5,0],"gold":116,"neow_bonus":"ONE_RARE_RELIC","is_prod":false,"is_daily":false,"chose_seed":false,"campfire_upgraded":9,"win_rate":0,"timestamp":1545608600,"path_taken":["M","?","M","?","M","R","?","R","T","R","M","R","M","?","R","BOSS","M","?","$","?","M","R","E","R","T","E","M","$","M","M","R","BOSS","M","?","$","?","M","R","?","R","T","?","M","?","M","?","R","BOSS"],"build_version":"2018-12-20","purchased_purges":3,"victory":false,"max_hp_per_floor":[75,75,75,82,82,82,82,82,82,82,82,82,82,82,82,82,82,82,82,82,82,82,82,82,82,82,82,82,82,82,87,87,87,87,87,87,87,87,87,87,87,87,87,87,87,87,87,87,87,87],"card_choices":[{"not_picked":["Rip and Tear","Cold Snap"],"picked":"Steam","floor":1},{"not_picked":["Sunder","Go for the Eyes","Rebound"],"picked":"SKIP","floor":3},{"not_picked":["Conserve Battery","Rebound"],"picked":"Gash","floor":5},{"not_picked":["Melter","Steam"],"picked":"Defragment","floor":11},{"not_picked":["Go for the Eyes","Cold Snap"],"picked":"Gash","floor":13},{"not_picked":["Barrage","Hyperbeam"],"picked":"Coolheaded","floor":14},{"not_picked":["Thunder Strike","Reboot"],"picked":"All For One","floor":16},{"not_picked":["Gash","Hello World"],"picked":"Steam","floor":17},{"not_picked":["Tempest","Recycle"],"picked":"Gash","floor":17},{"not_picked":["Cold Snap","Static Discharge"],"picked":"Chill","floor":17},{"not_picked":["Redo","Rebound","Barrage+1"],"picked":"SKIP","floor":18},{"not_picked":["Rebound+1","Double Energy+1"],"picked":"Seek","floor":22},{"not_picked":["Heatsinks","Compile Driver"],"picked":"Seek","floor":24},{"not_picked":["Core Surge","Ball Lightning","Barrage"],"picked":"SKIP","floor":27},{"not_picked":["Stack","Ball Lightning"],"picked":"Genetic Algorithm","floor":28},{"not_picked":["Genetic Algorithm","Conserve Battery+1"],"picked":"Redo+1","floor":30},{"not_picked":["Steam Power","Rebound+1"],"picked":"Storm+1","floor":31},{"not_picked":["Thunder Strike","Hyperbeam"],"picked":"Echo Form+1","floor":33},{"not_picked":["Capacitor+1","Genetic Algorithm+1"],"picked":"Gash+1","floor":35},{"not_picked":["Cold Snap","Barrage"],"picked":"Loop+1","floor":38},{"not_picked":["Conserve Battery+1","Ball Lightning+1"],"picked":"Tempest+1","floor":39},{"not_picked":["Undo+1","Beam Cell+1"],"picked":"Go for the Eyes+1","floor":45},{"not_picked":["Auto Shields+1","Tempest+1"],"picked":"Fusion+1","floor":46},{"not_picked":["Steam+1","Undo+1","Turbo"],"picked":"SKIP","floor":47},{"not_picked":["Beam Cell+1","Doom and Gloom+1","Lockon+1"],"picked":"SKIP","floor":48}],"player_experience":538543,"relics_obtained":[{"floor":9,"key":"Mummified Hand"},{"floor":24,"key":"Lantern"},{"floor":26,"key":"Frozen Egg 2"},{"floor":27,"key":"Ancient Tea Set"},{"floor":36,"key":"Ice Cream"},{"floor":43,"key":"Omamori"}],"event_choices":[{"damage_healed":25,"gold_gain":0,"player_choice":"Banana","damage_taken":0,"max_hp_gain":0,"max_hp_loss":0,"event_name":"Big Fish","floor":2,"gold_loss":0},{"damage_healed":0,"gold_gain":0,"player_choice":"Success","damage_taken":7,"relics_obtained":["Strawberry"],"max_hp_gain":0,"max_hp_loss":0,"event_name":"Scrap Ooze","floor":4,"gold_loss":0},{"damage_healed":0,"gold_gain":0,"player_choice":"Forge","damage_taken":0,"max_hp_gain":0,"max_hp_loss":0,"event_name":"Accursed Blacksmith","floor":7,"gold_loss":0,"cards_upgraded":["Dualcast"]},{"damage_healed":0,"gold_gain":0,"player_choice":"Ignored","damage_taken":0,"max_hp_gain":0,"max_hp_loss":0,"event_name":"Cursed Tome","floor":19,"gold_loss":0},{"damage_healed":0,"gold_gain":0,"player_choice":"Read","damage_taken":0,"max_hp_gain":0,"max_hp_loss":0,"event_name":"The Library","floor":21,"gold_loss":0,"cards_obtained":["Scrape"]},{"damage_healed":0,"gold_gain":0,"player_choice":"Relic","damage_taken":0,"max_hp_gain":0,"max_hp_loss":0,"event_name":"Wheel of Change","floor":36,"gold_loss":0},{"damage_healed":0,"gold_gain":0,"player_choice":"Paid","damage_taken":0,"relics_obtained":["Red Mask"],"max_hp_gain":0,"max_hp_loss":0,"event_name":"Tomb of Lord Red Mask","floor":41,"gold_loss":49},{"cards_removed":["Strike_B"],"damage_healed":0,"gold_gain":0,"player_choice":"Purged","damage_taken":0,"max_hp_gain":0,"max_hp_loss":0,"event_name":"Purifier","floor":44,"gold_loss":0}],"is_beta":true,"boss_relics":[{"not_picked":["Lizard Tail","FrozenCore"],"picked":"Orrery"},{"not_picked":["Pandora\u0027s Box","Snecko Eye"],"picked":"Coffee Dripper"}],"items_purged_floors":[20,29,37],"is_endless":false,"potions_floor_spawned":[1,11,14,22,28,30,31,38,45,46,48],"killed_by":"Awakened One","ascension_level":4}