{"gold_per_floor":[119,119,129,148,164,164,175,175,175,206,206,226,176,202,202,303,303,314,314],"floor_reached":19,"playtime":4351,"items_purged":[],"score":260,"play_id":"3a714435-bf6f-4c44-b2d3-379a0e1c2cb4","local_time":"20190307143554","is_ascension_mode":true,"campfire_choices":[{"data":"Neutralize","floor":6.0,"key":"SMITH"},{"data":"Dash","floor":8.0,"key":"SMITH"},{"data":"Deadly Poison","floor":11.0,"key":"SMITH"},{"data":"Footwork","floor":15.0,"key":"SMITH"}],"neow_cost":"NONE","seed_source_timestamp":90340493927262,"circlet_count":0,"master_deck":["Defend_G","Defend_G","Defend_G","Defend_G","Defend_G","Strike_G","Strike_G","Strike_G","Survivor","Neutralize+1","Dash+1","Footwork+1","Deadly Poison+1","Blur","Footwork","Well Laid Plans","Burst","Injury","Writhe","Injury","Blur+1"],"special_seed":0,"relics":["Ring of the Snake","Smiling Mask","Blue Candle","Regal Pillow","Gambling Chip","Calling Bell","Omamori","Sundial","Girya"],"potions_floor_usage":[18],"damage_taken":[{"damage":5.0,"enemies":"2 Louse","floor":1.0,"turns":4.0},{"damage":0.0,"enemies":"Cultist","floor":3.0,"turns":3.0},{"damage":0.0,"enemies":"Small Slimes","floor":4.0,"turns":4.0},{"damage":0.0,"enemies":"Blue Slaver","floor":5.0,"turns":6.0},{"damage":1.0,"enemies":"Looter","floor":7.0,"turns":4.0},{"damage":20.0,"enemies":"Gremlin Nob","floor":10.0,"turns":9.0},{"damage":1.0,"enemies":"3 Louse","floor":12.0,"turns":3.0},{"damage":1.0,"enemies":"3 Sentries","floor":14.0,"turns":13.0},{"damage":5.0,"enemies":"Hexaghost","floor":16.0,"turns":13.0},{"damage":2,"enemies":"3 Byrds","floor":18,"turns":3},{"damage":58,"enemies":"Masked Bandits","floor":19,"turns":4}],"seed_played":"-1589865459676108741","potions_obtained":[{"floor":1.0,"key":"GhostInAJar"},{"floor":5.0,"key":"SpeedPotion"},{"floor":7.0,"key":"Swift Potion"},{"floor":16.0,"key":"LiquidBronze"}],"is_trial":false,"path_per_floor":["M","?","M","M","M","R","M","R","T","E","R","M","?","E","R","B",null,"M","?"],"character_chosen":"THE_SILENT","items_purchased":[],"campfire_rested":0,"item_purchase_floors":[],"current_hp_per_floor":[58,58,58,58,58,58,57,57,57,37,37,36,36,35,35,30,60,58,0],"gold":314,"neow_bonus":"RANDOM_COMMON_RELIC","is_prod":false,"is_daily":false,"chose_seed":false,"campfire_upgraded":4,"win_rate":0,"timestamp":1551987354,"path_taken":["M","?","M","M","M","R","M","R","T","E","R","?","?","E","R","BOSS","M","?"],"build_version":"2019-01-23","purchased_purges":0,"victory":false,"max_hp_per_floor":[70,70,70,70,70,70,70,70,70,70,70,70,70,70,70,70,70,70,70],"card_choices":[{"not_picked":["Dagger Throw","PiercingWail"],"picked":"Dash","floor":1.0},{"not_picked":["Quick Slash","Underhanded Strike"],"picked":"Footwork","floor":3.0},{"not_picked":["Dagger Spray","Blade Dance"],"picked":"Deadly Poison","floor":4.0},{"not_picked":["Slice","Expertise"],"picked":"Blur","floor":5.0},{"not_picked":["Sucker Punch","Eviscerate"],"picked":"Footwork","floor":7.0},{"not_picked":["Dagger Spray","Blade Dance","Quick Slash"],"picked":"SKIP","floor":10.0},{"not_picked":["Skewer","Concentrate","Underhanded Strike"],"picked":"SKIP","floor":12.0},{"not_picked":["Skewer","Concentrate","Underhanded Strike"],"picked":"SKIP","floor":12.0},{"not_picked":["Skewer","Concentrate","Underhanded Strike"],"picked":"SKIP","floor":12.0},{"not_picked":["Eviscerate","Adrenaline"],"picked":"Well Laid Plans","floor":14.0},{"not_picked":["Adrenaline","Wraith Form v2"],"picked":"Burst","floor":16.0},{"not_picked":["Flechettes","Deflect+1"],"picked":"Blur+1","floor":18}],"player_experience":748553,"relics_obtained":[{"floor":9.0,"key":"Blue Candle"},{"floor":10.0,"key":"Regal Pillow"},{"floor":14.0,"key":"Gambling Chip"},{"floor":17.0,"key":"Omamori"},{"floor":17.0,"key":"Sundial"},{"floor":17.0,"key":"Girya"}],"event_choices":[{"cards_removed":["Strike_G"],"damage_healed":0.0,"max_hp_gain":0.0,"max_hp_loss":0.0,"gold_gain":0.0,"event_name":"Wheel of Change","player_choice":"Card Removal","floor":2.0,"gold_loss":0.0,"damage_taken":0.0},{"cards_removed":["Strike_G"],"damage_healed":0.0,"max_hp_gain":0.0,"max_hp_loss":0.0,"gold_gain":0.0,"event_name":"The Cleric","player_choice":"Card Removal","floor":13.0,"gold_loss":50.0,"damage_taken":0.0},{"damage_healed":0,"gold_gain":0,"player_choice":"Fought Bandits","damage_taken":0,"max_hp_gain":0,"max_hp_loss":0,"event_name":"Masked Bandits","floor":19,"gold_loss":0}],"is_beta":false,"boss_relics":[{"not_picked":["WristBlade","HoveringKite"],"picked":"Calling Bell"}],"items_purged_floors":[],"is_endless":false,"potions_floor_spawned":[1,5,7,16],"killed_by":"Masked Bandits","ascension_level":9}