{"gold_per_floor":[109,129,129,144,156,166,198,212,267,280,245,274,292,307,307,410,410,427,20,34,34,47,47,72,72,72,22,22,35,35,50,50,145,145,160,172,152,171,183,209,223,23,49,49,3,3,18,33,33,33,33,33,7,42,42],"floor_reached":56,"playtime":3983,"items_purged":["Regret","Decay","Strike_R"],"score":1217,"play_id":"43820973-c48d-40e9-92e1-c2f039e5e970","local_time":"20190729235052","is_ascension_mode":false,"campfire_choices":[{"data":"True Grit","floor":15,"key":"SMITH"},{"floor":23,"key":"RECALL"},{"floor":28,"key":"REST"},{"data":"Rupture","floor":32,"key":"SMITH"},{"data":"Flame Barrier","floor":44,"key":"SMITH"},{"data":"Heavy Blade","floor":46,"key":"SMITH"},{"data":"Demon Form","floor":49,"key":"SMITH"},{"data":"Evolve","floor":52,"key":"SMITH"}],"neow_cost":"NONE","seed_source_timestamp":488053511495953,"circlet_count":0,"master_deck":["Strike_R","Strike_R","Strike_R","Strike_R+1","Defend_R","Defend_R+1","Defend_R+1","Defend_R","Bash","Bludgeon","Body Slam+1","Combust","Thunderclap","Rupture+1","Demon Form+1","True Grit+1","Anger","Seeing Red","Evolve+1","Whirlwind","Iron Wave","Reaper","Heavy Blade+1","Ghostly","Ghostly","Ghostly","Ghostly","Ghostly","Blood for Blood","Brutality","Iron Wave+1","Flame Barrier+1","Inflame+1","Seeing Red","Seeing Red+1","Flash of Steel","Offering"],"relics":["Burning Blood","War Paint","Whetstone","Bottled Flame","Mark of Pain","Membership Card","Vajra","Red Skull","Bag of Marbles","Runic Cube","Mummified Hand","Happy Flower","Pen Nib","Bottled Tornado"],"potions_floor_usage":[5,7,14,16,16,16,20,24,29,33,40,40,40,41,47,47,50,55,55],"damage_taken":[{"damage":0,"enemies":"Cultist","floor":1,"turns":2},{"damage":2,"enemies":"Small Slimes","floor":2,"turns":4},{"damage":5,"enemies":"2 Louse","floor":4,"turns":2},{"damage":12,"enemies":"Blue Slaver","floor":5,"turns":3},{"damage":11,"enemies":"2 Fungi Beasts","floor":6,"turns":4},{"damage":28,"enemies":"3 Sentries","floor":7,"turns":5},{"damage":3,"enemies":"Exordium Thugs","floor":8,"turns":3},{"damage":0,"enemies":"Exordium Wildlife","floor":10,"turns":3},{"damage":21,"enemies":"Gremlin Nob","floor":12,"turns":4},{"damage":0,"enemies":"Large Slime","floor":13,"turns":2},{"damage":0,"enemies":"3 Louse","floor":14,"turns":2},{"damage":48,"enemies":"Hexaghost","floor":16,"turns":8},{"damage":10,"enemies":"Chosen","floor":18,"turns":4},{"damage":31,"enemies":"Shell Parasite","floor":20,"turns":8},{"damage":18,"enemies":"Snecko","floor":22,"turns":5},{"damage":72,"enemies":"Slavers","floor":24,"turns":6},{"damage":33,"enemies":"Shelled Parasite and Fungi","floor":29,"turns":3},{"damage":3,"enemies":"Snake Plant","floor":31,"turns":4},{"damage":36,"enemies":"Champ","floor":33,"turns":8},{"damage":12,"enemies":"3 Shapes","floor":35,"turns":6},{"damage":7,"enemies":"Orb Walker","floor":36,"turns":4},{"damage":5,"enemies":"3 Darklings","floor":38,"turns":6},{"damage":6,"enemies":"Jaw Worm Horde","floor":39,"turns":6},{"damage":24,"enemies":"Giant Head","floor":40,"turns":8},{"damage":10,"enemies":"Writhing Mass","floor":41,"turns":7},{"damage":3,"enemies":"Transient","floor":47,"turns":5},{"damage":0,"enemies":"Jaw Worm Horde","floor":48,"turns":5},{"damage":32,"enemies":"Time Eater","floor":50,"turns":9},{"damage":9,"enemies":"Shield and Spear","floor":54,"turns":6},{"damage":23,"enemies":"The Heart","floor":55,"turns":6}],"seed_played":"-3739108773891360344","potions_obtained":[{"floor":1,"key":"GamblersBrew"},{"floor":2,"key":"LiquidBronze"},{"floor":4,"key":"Explosive Potion"},{"floor":12,"key":"SpeedPotion"},{"floor":13,"key":"FearPotion"},{"floor":14,"key":"SteroidPotion"},{"floor":18,"key":"BloodPotion"},{"floor":24,"key":"Energy Potion"},{"floor":31,"key":"Energy Potion"},{"floor":33,"key":"Strength Potion"},{"floor":36,"key":"SmokeBomb"},{"floor":37,"key":"GamblersBrew"},{"floor":39,"key":"AttackPotion"},{"floor":40,"key":"Fruit Juice"},{"floor":41,"key":"Regen Potion"},{"floor":48,"key":"LiquidBronze"}],"is_trial":false,"path_per_floor":["M","M","?","M","M","M","E","M","T","M","?","E","M","M","R","B",null,"M","$","M","?","M","R","E","?","T","$","R","M","?","M","R","B",null,"M","M","?","M","M","E","M","$","T","R","$","R","M","M","R","B",null,"R","$","E","B",null],"character_chosen":"IRONCLAD","items_purchased":["PowerPotion","Membership Card","Vajra","PowerPotion","Happy Flower","BloodPotion","Flash of Steel","Weak Potion"],"campfire_rested":1,"item_purchase_floors":[19,19,19,42,42,42,45,53],"current_hp_per_floor":[80,80,80,80,74,69,47,50,50,56,76,61,67,73,73,31,80,76,76,71,71,66,66,14,14,14,14,38,20,20,38,38,22,40,40,40,40,40,40,22,28,28,28,28,28,28,45,45,45,32,45,45,45,45,28],"gold":42,"neow_bonus":"ONE_RANDOM_RARE_CARD","is_prod":false,"is_daily":false,"chose_seed":false,"campfire_upgraded":6,"win_rate":0,"timestamp":1564469452,"path_taken":["M","?","?","M","M","M","E","M","T","M","?","E","M","M","R","BOSS","M","$","M","?","?","R","E","?","T","$","R","M","?","M","R","BOSS","M","M","?","M","M","E","M","$","T","R","?","R","M","M","R","BOSS","R","$","E","BOSS"],"build_version":"2019-07-17","purchased_purges":3,"victory":true,"max_hp_per_floor":[80,80,80,80,80,80,80,80,80,80,80,80,80,80,80,80,80,80,80,80,80,80,80,80,80,80,80,80,80,40,40,40,40,40,40,40,40,40,40,40,45,45,45,45,45,45,45,45,45,45,45,45,45,45,45],"card_choices":[{"not_picked":["Carnage","Cleave"],"picked":"Body Slam","floor":1},{"not_picked":["Twin Strike","Heavy Blade"],"picked":"Combust","floor":2},{"not_picked":["Havoc","Anger"],"picked":"Thunderclap","floor":4},{"not_picked":["Feel No Pain","Shrug It Off"],"picked":"Rupture","floor":5},{"not_picked":["Sword Boomerang","Whirlwind"],"picked":"Demon Form","floor":6},{"not_picked":["Headbutt","Carnage"],"picked":"True Grit","floor":7},{"not_picked":["Combust","Sever Soul"],"picked":"Anger","floor":8},{"not_picked":["Burning Pact","Twin Strike"],"picked":"Seeing Red","floor":10},{"not_picked":["Fire Breathing","Searing Blow"],"picked":"Evolve","floor":12},{"not_picked":["Headbutt","Twin Strike"],"picked":"Whirlwind","floor":13},{"not_picked":["Dropkick","Pommel Strike"],"picked":"Iron Wave","floor":14},{"not_picked":["Offering","Impervious"],"picked":"Reaper","floor":16},{"not_picked":["Sword Boomerang","Armaments+1","Havoc"],"picked":"SKIP","floor":18},{"not_picked":["Anger","Reckless Charge+1","Clash+1"],"picked":"SKIP","floor":20},{"not_picked":["Body Slam","Pommel Strike","Blood for Blood"],"picked":"SKIP","floor":22},{"not_picked":["Fire Breathing+1","True Grit","Pommel Strike+1"],"picked":"SKIP","floor":24},{"not_picked":["Fire Breathing","Havoc"],"picked":"Heavy Blade","floor":29},{"not_picked":["Metallicize","Searing Blow"],"picked":"Blood for Blood","floor":31},{"not_picked":["Barricade","Berserk"],"picked":"Brutality","floor":33},{"not_picked":["Thunderclap+1","Armaments"],"picked":"Iron Wave+1","floor":35},{"not_picked":["Battle Trance","Twin Strike+1"],"picked":"Flame Barrier","floor":36},{"not_picked":["Rampage+1","Flex+1"],"picked":"Inflame+1","floor":38},{"not_picked":["Combust+1","Intimidate+1","Barricade"],"picked":"SKIP","floor":39},{"not_picked":["Combust+1","Intimidate+1","Barricade"],"picked":"SKIP","floor":39},{"not_picked":["Second Wind","Pommel Strike"],"picked":"Seeing Red","floor":40},{"not_picked":["Pommel Strike+1","Sentinel"],"picked":"Seeing Red+1","floor":41},{"not_picked":["True Grit","Thunderclap+1","Body Slam+1"],"picked":"SKIP","floor":47},{"not_picked":["Pommel Strike+1","Combust+1","Dual Wield+1"],"picked":"SKIP","floor":48},{"not_picked":["Armaments+1","Iron Wave+1"],"picked":"Offering","floor":54}],"player_experience":417460,"relics_obtained":[{"floor":7,"key":"Whetstone"},{"floor":12,"key":"Bottled Flame"},{"floor":24,"key":"Red Skull"},{"floor":26,"key":"Bag of Marbles"},{"floor":40,"key":"Mummified Hand"},{"floor":43,"key":"Pen Nib"},{"floor":54,"key":"Bottled Tornado"}],"event_choices":[{"damage_healed":0,"gold_gain":0,"player_choice":"Box","damage_taken":0,"relics_obtained":["War Paint"],"max_hp_gain":0,"max_hp_loss":0,"event_name":"Big Fish","floor":3,"gold_loss":0,"cards_obtained":["Regret"]},{"damage_healed":20,"gold_gain":0,"player_choice":"Healed","damage_taken":0,"max_hp_gain":0,"max_hp_loss":0,"event_name":"The Cleric","floor":11,"gold_loss":35},{"damage_healed":0,"gold_gain":0,"player_choice":"Cursed","damage_taken":0,"max_hp_gain":0,"max_hp_loss":0,"event_name":"Wheel of Change","floor":21,"gold_loss":0,"cards_obtained":["Decay"]},{"damage_healed":0,"gold_gain":0,"player_choice":"Ignored","damage_taken":0,"max_hp_gain":0,"max_hp_loss":0,"event_name":"Cursed Tome","floor":25,"gold_loss":0},{"damage_healed":0,"gold_gain":0,"player_choice":"Became a Ghost","damage_taken":0,"max_hp_gain":0,"max_hp_loss":40,"event_name":"Ghosts","floor":30,"gold_loss":0,"cards_obtained":["Ghostly","Ghostly","Ghostly","Ghostly","Ghostly"]},{"damage_healed":0,"gold_gain":0,"player_choice":"Bought 1 Potion","damage_taken":0,"max_hp_gain":0,"max_hp_loss":0,"event_name":"The Woman in Blue","floor":37,"gold_loss":0}],"is_beta":false,"boss_relics":[{"not_picked":["Calling Bell","Empty Cage"],"picked":"Mark of Pain"},{"not_picked":["Velvet Choker","Philosopher\u0027s Stone"],"picked":"Runic Cube"}],"items_purged_floors":[19,27,42],"is_endless":false,"potions_floor_spawned":[1,2,4,12,13,14,18,24,31,33,36,39,40,41,48],"ascension_level":0}