{"gold_per_floor":[113,38,38,38,51,51,84,84,84,94,120,130,59,59,59,164,164,176,76,76,76,76,76,87,87,87,116,116,143,103,103,103,207,207,223,269,269,279,289,289,316,316,316,316,75,85,85,98,98,98],"floor_reached":50,"playtime":3194,"items_purged":["Strike_B","Strike_B"],"score":565,"play_id":"3803dd1d-a1b2-455a-b553-66af961222f8","local_time":"20190809152934","is_ascension_mode":true,"campfire_choices":[{"data":"Zap","floor":6,"key":"SMITH"},{"data":"Dualcast","floor":8,"key":"SMITH"},{"floor":15,"key":"REST"},{"data":"Loop","floor":23,"key":"SMITH"},{"data":"Loop","floor":25,"key":"SMITH"},{"floor":32,"key":"REST"},{"floor":40,"key":"REST"},{"floor":42,"key":"REST"},{"floor":47,"key":"REST"},{"floor":49,"key":"REST"}],"neow_cost":"NONE","seed_source_timestamp":318619210486400,"circlet_count":0,"master_deck":["Defend_B+1","Defend_B+1","Defend_B+1","Zap+1","Dualcast+1","Recycle+1","Conserve Battery+1","Lockon","Loop+1","Reboot+1","Barrage","Loop+1","Electrodynamics","Tempest+1","Go for the Eyes","Static Discharge+1","Reboot","Cold Snap","Leap+1","Reinforced Body","Discovery","Capacitor","Jack Of All Trades","Cold Snap","Conserve Battery+1","Thunder Strike"],"relics":["Cracked Core","Boot","Cables","Centennial Puzzle","Gremlin Horn","Empty Cage","War Paint","Juzu Bracelet","Matryoshka","Lizard Tail","Ginger","Pen Nib","Dream Catcher","Pantograph"],"potions_floor_usage":[1,7,7,7,18,27,31,41,46,48,48],"damage_taken":[{"damage":2,"enemies":"Jaw Worm","floor":1,"turns":4},{"damage":6,"enemies":"2 Louse","floor":5,"turns":3},{"damage":22,"enemies":"Gremlin Nob","floor":7,"turns":4},{"damage":0,"enemies":"Cultist","floor":10,"turns":2},{"damage":33,"enemies":"3 Sentries","floor":11,"turns":7},{"damage":0,"enemies":"Exordium Thugs","floor":12,"turns":3},{"damage":11,"enemies":"Hexaghost","floor":16,"turns":8},{"damage":11,"enemies":"2 Thieves","floor":18,"turns":3},{"damage":0,"enemies":"Spheric Guardian","floor":24,"turns":2},{"damage":10,"enemies":"Book of Stabbing","floor":27,"turns":4},{"damage":30,"enemies":"Slavers","floor":29,"turns":2},{"damage":0,"enemies":"Snake Plant","floor":31,"turns":1},{"damage":16,"enemies":"Collector","floor":33,"turns":6},{"damage":16,"enemies":"3 Darklings","floor":35,"turns":5},{"damage":57,"enemies":"2 Orb Walkers","floor":36,"turns":5},{"damage":2,"enemies":"3 Shapes","floor":38,"turns":4},{"damage":87,"enemies":"Writhing Mass","floor":39,"turns":6},{"damage":43,"enemies":"Giant Head","floor":41,"turns":8},{"damage":17,"enemies":"4 Shapes","floor":46,"turns":3},{"damage":10,"enemies":"Sphere and 2 Shapes","floor":48,"turns":3},{"damage":75,"enemies":"Awakened One","floor":50,"turns":6}],"seed_played":"-4424264488611891276","potions_obtained":[{"floor":0,"key":"Weak Potion"},{"floor":0,"key":"Poison Potion"},{"floor":0,"key":"SneckoOil"},{"floor":5,"key":"Explosive Potion"},{"floor":10,"key":"Energy Potion"},{"floor":11,"key":"FairyPotion"},{"floor":12,"key":"Block Potion"},{"floor":18,"key":"SmokeBomb"},{"floor":33,"key":"FairyPotion"},{"floor":36,"key":"Strength Potion"},{"floor":38,"key":"Energy Potion"},{"floor":41,"key":"Swift Potion"}],"is_trial":false,"path_per_floor":["M","$","?","?","M","R","E","R","T","M","E","M","$","?","R","B",null,"M","$","?","?","$","R","M","R","T","E","?","E","?","M","R","B",null,"M","?","?","M","M","R","E","R","T","?","$","M","R","M","R","B"],"character_chosen":"DEFECT","items_purchased":["Loop","Capacitor","GamblersBrew","Jack Of All Trades"],"campfire_rested":6,"item_purchase_floors":[13,45,45,45],"current_hp_per_floor":[73,73,73,73,67,67,45,45,45,45,12,12,12,9,31,20,75,64,64,64,64,64,64,64,64,64,54,54,24,24,24,46,30,75,59,2,2,7,28,50,7,29,29,29,29,12,34,24,46,0],"gold":98,"neow_bonus":"THREE_SMALL_POTIONS","is_prod":false,"is_daily":false,"chose_seed":false,"campfire_upgraded":4,"win_rate":0,"timestamp":1565389774,"path_taken":["M","$","?","?","M","R","E","R","T","M","E","?","?","?","R","BOSS","M","$","?","?","$","R","M","R","T","E","?","E","?","M","R","BOSS","M","?","?","M","M","R","E","R","T","?","$","M","R","M","R","BOSS"],"build_version":"2019-07-17","purchased_purges":2,"victory":false,"max_hp_per_floor":[75,75,75,75,75,75,75,75,75,75,75,75,75,75,75,75,75,75,75,75,75,75,75,75,75,75,75,75,75,75,75,75,75,75,75,75,75,75,75,75,75,75,75,75,75,75,75,75,75,75],"card_choices":[{"not_picked":["Turbo","Hologram"],"picked":"Recycle","floor":1},{"not_picked":["Stack","Leap"],"picked":"Conserve Battery","floor":5},{"not_picked":["Hello World","Turbo"],"picked":"Lockon","floor":7},{"not_picked":["Barrage","Redo"],"picked":"Loop","floor":10},{"not_picked":["Double Energy","Gash"],"picked":"Reboot","floor":11},{"not_picked":["Streamline","Steam"],"picked":"Barrage","floor":12},{"not_picked":["Echo Form","Meteor Strike"],"picked":"Electrodynamics","floor":16},{"not_picked":["Blizzard+1","Force Field"],"picked":"Tempest+1","floor":18},{"not_picked":["Ball Lightning","Storm","Barrage"],"picked":"SKIP","floor":24},{"not_picked":["Sweeping Beam","Meteor Strike"],"picked":"Go for the Eyes","floor":27},{"not_picked":["Storm+1","Go for the Eyes"],"picked":"Static Discharge","floor":29},{"not_picked":["Fission","All For One"],"picked":"Reboot","floor":33},{"not_picked":["Barrage","Conserve Battery"],"picked":"Cold Snap","floor":35},{"not_picked":["Force Field+1","Ball Lightning"],"picked":"Leap+1","floor":36},{"not_picked":["Stack+1","Melter","Streamline"],"picked":"SKIP","floor":38},{"not_picked":["Chaos","Rebound+1","Lockon+1"],"picked":"SKIP","floor":39},{"not_picked":["Compile Driver","Auto Shields"],"picked":"Reinforced Body","floor":41},{"not_picked":["Sadistic Nature","Deep Breath"],"picked":"Discovery","floor":44},{"not_picked":["Chaos+1","Steam"],"picked":"Cold Snap","floor":46},{"not_picked":["Hello World","Chill"],"picked":"Conserve Battery+1","floor":48},{"not_picked":["Conserve Battery+1","Turbo"],"picked":"Thunder Strike","floor":49}],"player_experience":251920,"relics_obtained":[{"floor":7,"key":"Boot"},{"floor":9,"key":"Cables"},{"floor":11,"key":"Centennial Puzzle"},{"floor":26,"key":"War Paint"},{"floor":27,"key":"Juzu Bracelet"},{"floor":29,"key":"Matryoshka"},{"floor":36,"key":"Ginger"},{"floor":41,"key":"Pen Nib"},{"floor":43,"key":"Dream Catcher"},{"floor":43,"key":"Pantograph"}],"event_choices":[{"damage_healed":0,"gold_gain":0,"player_choice":"Leave","damage_taken":0,"max_hp_gain":0,"max_hp_loss":0,"event_name":"The Cleric","floor":3,"gold_loss":0},{"damage_healed":0,"gold_gain":0,"player_choice":"Upgraded","damage_taken":0,"max_hp_gain":0,"max_hp_loss":0,"event_name":"Upgrade Shrine","floor":4,"gold_loss":0,"cards_upgraded":["Recycle"]},{"damage_healed":0,"gold_gain":0,"player_choice":"Success","damage_taken":3,"relics_obtained":["Gremlin Horn"],"max_hp_gain":0,"max_hp_loss":0,"event_name":"Scrap Ooze","floor":14,"gold_loss":0},{"damage_healed":0,"gold_gain":0,"player_choice":"Simplicity","damage_taken":0,"max_hp_gain":0,"max_hp_loss":0,"event_name":"Back to Basics","floor":20,"gold_loss":0,"cards_upgraded":["Defend_B","Defend_B","Defend_B","Defend_B"]},{"cards_removed":["Defend_B"],"damage_healed":0,"gold_gain":0,"player_choice":"Offered Basic","damage_taken":0,"max_hp_gain":0,"max_hp_loss":0,"event_name":"Bonfire Elementals","floor":21,"gold_loss":0},{"damage_healed":0,"gold_gain":0,"player_choice":"Ignored","damage_taken":0,"max_hp_gain":0,"max_hp_loss":0,"event_name":"Ghosts","floor":28,"gold_loss":0},{"damage_healed":0,"gold_gain":0,"player_choice":"Upgrade","damage_taken":0,"max_hp_gain":0,"max_hp_loss":0,"event_name":"Designer","floor":30,"gold_loss":40,"cards_upgraded":["Static Discharge"]},{"damage_healed":0,"gold_gain":0,"player_choice":"Fight","damage_taken":0,"max_hp_gain":0,"max_hp_loss":0,"event_name":"Mysterious Sphere","floor":36,"gold_loss":0},{"damage_healed":0,"gold_gain":0,"player_choice":"Ignored","damage_taken":0,"max_hp_gain":0,"max_hp_loss":0,"event_name":"SecretPortal","floor":37,"gold_loss":0},{"damage_healed":0,"gold_gain":0,"player_choice":"Memory 1","damage_taken":0,"max_hp_gain":0,"max_hp_loss":0,"event_name":"SensoryStone","floor":44,"gold_loss":0}],"is_beta":false,"boss_relics":[{"not_picked":["Busted Crown","Orrery"],"picked":"Empty Cage"},{"not_picked":["Tiny House","Fusion Hammer"],"picked":"Lizard Tail"}],"items_purged_floors":[2,19],"is_endless":false,"potions_floor_spawned":[5,10,11,12,18,24,33,36,38,41],"killed_by":"Awakened One","ascension_level":2}