{"gold_per_floor":[115,133,147,147,35,68,68,68,68,68,68,101,115,15,15,115,115,135,146,421,431,431,463,463],"floor_reached":24,"playtime":3108,"items_purged":["Strike_B","Defend_B"],"score":224,"play_id":"bb7fae60-2149-4074-afbb-774ce32a859e","local_time":"20190709192111","is_ascension_mode":false,"campfire_choices":[{"floor":7,"key":"RECALL"},{"floor":10,"key":"REST"},{"floor":15,"key":"REST"}],"neow_cost":"NONE","seed_source_timestamp":93196305795277,"circlet_count":0,"master_deck":["Strike_B","Strike_B","Defend_B","Defend_B","Defend_B","Zap","Dualcast+1","Glacier","Gash","Double Energy","Capacitor","Heatsinks+1","Defragment","Chill","Ball Lightning","Hello World","Static Discharge","Storm","Rainbow","Hello World","Core Surge","Darkness+1","Fusion","Regret","White Noise","Conserve Battery"],"relics":["Orrery","Shuriken","Lantern","Du-Vu Doll","Juzu Bracelet","Sozu","StoneCalendar"],"potions_floor_usage":[6,12],"damage_taken":[{"damage":2,"enemies":"Small Slimes","floor":1,"turns":5},{"damage":0,"enemies":"2 Louse","floor":2,"turns":4},{"damage":6,"enemies":"Cultist","floor":3,"turns":5},{"damage":8,"enemies":"Lagavulin","floor":6,"turns":7},{"damage":27,"enemies":"Gremlin Nob","floor":12,"turns":5},{"damage":5,"enemies":"2 Fungi Beasts","floor":13,"turns":4},{"damage":16,"enemies":"Slime Boss","floor":16,"turns":7},{"damage":5,"enemies":"Shell Parasite","floor":18,"turns":4},{"damage":0,"enemies":"Spheric Guardian","floor":19,"turns":3},{"damage":7,"enemies":"Snecko","floor":21,"turns":4},{"damage":46,"enemies":"Gremlin Leader","floor":23,"turns":6},{"damage":3,"enemies":"Cultist and Chosen","floor":24,"turns":1}],"seed_played":"-8732068818825249705","potions_obtained":[{"floor":3,"key":"Block Potion"},{"floor":6,"key":"PowerPotion"},{"floor":13,"key":"SteroidPotion"}],"is_trial":false,"path_per_floor":["M","M","M","?","$","E","R","?","T","R","?","E","M","$","R","B",null,"M","M","?","M","?","E","M"],"character_chosen":"DEFECT","items_purchased":["Static Discharge"],"campfire_rested":2,"item_purchase_floors":[5],"current_hp_per_floor":[73,73,67,67,67,59,59,44,44,66,48,21,16,16,38,22,75,70,70,70,63,49,3,0],"gold":463,"neow_bonus":"BOSS_RELIC","is_prod":false,"is_daily":false,"chose_seed":false,"campfire_upgraded":0,"win_rate":0,"timestamp":1562725271,"path_taken":["M","M","M","?","$","E","R","?","T","R","?","E","M","?","R","BOSS","M","M","?","M","?","E","M"],"build_version":"2019-07-05","purchased_purges":2,"victory":false,"max_hp_per_floor":[75,75,75,75,75,75,75,75,75,75,75,75,75,75,75,75,75,75,75,75,75,80,80,80],"card_choices":[{"not_picked":["Steam","Sweeping Beam"],"picked":"Glacier","floor":0},{"not_picked":["Hologram","Rebound"],"picked":"Gash","floor":0},{"not_picked":["Glacier","Steam"],"picked":"Double Energy","floor":0},{"not_picked":["Compile Driver","Gash"],"picked":"Capacitor","floor":0},{"not_picked":["Streamline","Amplify"],"picked":"Heatsinks","floor":0},{"not_picked":["Gash","Rebound"],"picked":"Defragment","floor":1},{"not_picked":["Sweeping Beam","Gash"],"picked":"Chill","floor":2},{"not_picked":["Hello World","Darkness"],"picked":"Ball Lightning","floor":3},{"not_picked":["Ball Lightning","Hologram"],"picked":"Storm","floor":6},{"not_picked":["Coolheaded","Go for the Eyes"],"picked":"Rainbow","floor":12},{"not_picked":["Barrage","Gash"],"picked":"Hello World","floor":13},{"not_picked":["Hyperbeam","Echo Form"],"picked":"Core Surge","floor":16},{"not_picked":["Scrape","Sunder"],"picked":"Darkness+1","floor":18},{"not_picked":["Steam Power+1","Cold Snap"],"picked":"Fusion","floor":19},{"not_picked":["Barrage+1","Auto Shields"],"picked":"White Noise","floor":21},{"not_picked":["Coolheaded","Redo"],"picked":"Conserve Battery","floor":23}],"player_experience":241694,"relics_obtained":[{"floor":6,"key":"Shuriken"},{"floor":9,"key":"Lantern"},{"floor":12,"key":"Juzu Bracelet"},{"floor":23,"key":"StoneCalendar"}],"event_choices":[{"damage_healed":0,"gold_gain":0,"cards_transformed":["Strike_B"],"player_choice":"Change","damage_taken":0,"max_hp_gain":0,"max_hp_loss":0,"event_name":"Living Wall","floor":4,"gold_loss":0,"cards_obtained":["Hello World"]},{"damage_healed":0,"gold_gain":0,"player_choice":"Entered Light","damage_taken":15,"max_hp_gain":0,"max_hp_loss":0,"event_name":"Shining Light","floor":8,"gold_loss":0,"cards_upgraded":["Heatsinks","Dualcast"]},{"damage_healed":0,"gold_gain":0,"player_choice":"Success","damage_taken":18,"relics_obtained":["Du-Vu Doll"],"max_hp_gain":0,"max_hp_loss":0,"event_name":"Scrap Ooze","floor":11,"gold_loss":0},{"damage_healed":0,"gold_gain":275,"player_choice":"Desecrate","damage_taken":0,"max_hp_gain":0,"max_hp_loss":0,"event_name":"Golden Shrine","floor":20,"gold_loss":0,"cards_obtained":["Regret"]},{"damage_healed":0,"gold_gain":0,"player_choice":"Shed Blood","damage_taken":19,"max_hp_gain":5,"max_hp_loss":0,"event_name":"Forgotten Altar","floor":22,"gold_loss":0}],"is_beta":false,"boss_relics":[{"not_picked":["Runic Pyramid","Empty Cage"],"picked":"Sozu"}],"items_purged_floors":[5,14],"is_endless":false,"potions_floor_spawned":[3,6,13,18,21,23],"killed_by":"Cultist and Chosen","ascension_level":0}