{"gold_per_floor":[215,227,246,41,41,66,66,76,152,163,163,198,198,213,213,287,287,298,223,234,234,27,27,39,39,63,94,112,126,136,152,152,223,223,240,340,340,354,79,105,117,143,143,143,176,225,225,245,245,245],"floor_reached":51,"playtime":4062,"items_purged":["Decay"],"score":1357,"play_id":"8c84a572-42be-4c39-942a-63633916be7d","local_time":"20190813202930","is_ascension_mode":true,"campfire_choices":[{"data":"Berserk","floor":7.0,"key":"SMITH"},{"data":"Shrug It Off","floor":15.0,"key":"SMITH"},{"data":"Fiend Fire","floor":23.0,"key":"SMITH"},{"data":"True Grit","floor":32.0,"key":"SMITH"},{"data":"Corruption","floor":44,"key":"SMITH"},{"floor":49,"key":"REST"}],"neow_cost":"NONE","seed_source_timestamp":7275460996822,"circlet_count":0,"master_deck":["AscendersBane","Strike_R","Defend_R","Defend_R","Defend_R","Bash","Thunderclap","Shrug It Off+1","Berserk+1","Sword Boomerang","Spot Weakness","Brutality","Carnage","Cleave","Fiend Fire+1","Heavy Blade+1","Cleave+1","Battle Trance","Corruption+1","True Grit+1","Demon Form","Searing Blow+1","Sentinel+1","Cleave+1","Secret Weapon","Discovery","Pummel+1","Spot Weakness","Decay","Spot Weakness"],"special_seed":0,"relics":["Burning Blood","Toolbox","Ice Cream","Singing Bowl","Thread and Needle","Juzu Bracelet","Cursed Key","OrangePellets","Torii","Bag of Marbles","Self Forming Clay","Astrolabe","Mango","PreservedInsect","Prayer Wheel","Dead Branch","Question Card","Bag of Preparation","Nunchaku"],"potions_floor_usage":[38,40,50,50],"damage_taken":[{"damage":1.0,"enemies":"Cultist","floor":1.0,"turns":4.0},{"damage":13.0,"enemies":"Jaw Worm","floor":2.0,"turns":4.0},{"damage":2.0,"enemies":"2 Louse","floor":3.0,"turns":3.0},{"damage":47.0,"enemies":"3 Sentries","floor":6.0,"turns":9.0},{"damage":1.0,"enemies":"Blue Slaver","floor":8.0,"turns":3.0},{"damage":11.0,"enemies":"Looter","floor":10.0,"turns":2.0},{"damage":7.0,"enemies":"Lagavulin","floor":12.0,"turns":5.0},{"damage":4.0,"enemies":"Exordium Thugs","floor":14.0,"turns":5.0},{"damage":29.0,"enemies":"Hexaghost","floor":16.0,"turns":7.0},{"damage":0.0,"enemies":"3 Byrds","floor":18.0,"turns":4.0},{"damage":0.0,"enemies":"Spheric Guardian","floor":20.0,"turns":3.0},{"damage":21.0,"enemies":"3 Cultists","floor":24.0,"turns":5.0},{"damage":28.0,"enemies":"Gremlin Leader","floor":27.0,"turns":4.0},{"damage":1.0,"enemies":"Cultist and Chosen","floor":28.0,"turns":3.0},{"damage":11.0,"enemies":"Centurion and Healer","floor":29.0,"turns":3.0},{"damage":3.0,"enemies":"3 Cultists","floor":30.0,"turns":4.0},{"damage":16.0,"enemies":"Chosen and Byrds","floor":31.0,"turns":5.0},{"damage":20.0,"enemies":"Automaton","floor":33.0,"turns":7.0},{"damage":29.0,"enemies":"3 Darklings","floor":35.0,"turns":4.0},{"damage":4,"enemies":"Mind Bloom Boss Battle","floor":36,"turns":6},{"damage":0,"enemies":"3 Shapes","floor":38,"turns":2},{"damage":8,"enemies":"Giant Head","floor":40,"turns":5},{"damage":5,"enemies":"3 Darklings","floor":41,"turns":5},{"damage":19,"enemies":"Reptomancer","floor":42,"turns":4},{"damage":3,"enemies":"Giant Head","floor":45,"turns":4},{"damage":30,"enemies":"2 Orb Walkers","floor":46,"turns":3},{"damage":0,"enemies":"Sphere and 2 Shapes","floor":48,"turns":3},{"damage":26,"enemies":"Time Eater","floor":50,"turns":5}],"seed_played":"-5105926119471559479","potions_obtained":[{"floor":6.0,"key":"SkillPotion"},{"floor":8.0,"key":"Fruit Juice"},{"floor":12.0,"key":"SkillPotion"},{"floor":16.0,"key":"BloodPotion"},{"floor":24.0,"key":"Dexterity Potion"},{"floor":29.0,"key":"Dexterity Potion"},{"floor":30.0,"key":"Regen Potion"},{"floor":31.0,"key":"Energy Potion"},{"floor":35.0,"key":"Energy Potion"},{"floor":36,"key":"SteroidPotion"},{"floor":48,"key":"Energy Potion"}],"is_trial":false,"path_per_floor":["M","M","M","$","?","E","R","M","T","M","T","E","?","M","R","B",null,"M","?","M","?","$","R","M","?","T","E","M","M","M","M","R","B",null,"M","?","?","M","$","E","M","E","T","R","E","?","?","M","R","B",null],"character_chosen":"IRONCLAD","items_purchased":["Toolbox","OrangePellets","PreservedInsect","SteroidPotion"],"campfire_rested":1,"item_purchase_floors":[4,22,39,39],"current_hp_per_floor":[73,66,70,70,70,29,29,34,34,34,34,33,33,37,37,14,65,71,71,77,77,77,77,64,64,64,44,70,67,70,74,74,60,81,60,78,73,81,81,79,82,69,69,69,72,50,50,60,94,74],"gold":245,"neow_bonus":"HUNDRED_GOLD","is_prod":false,"is_daily":false,"chose_seed":false,"campfire_upgraded":5,"win_rate":0,"timestamp":1565753370,"path_taken":["M","?","?","$","?","E","R","M","T","?","?","E","?","M","R","BOSS","M","?","M","?","$","R","M","?","T","E","M","M","M","M","R","BOSS","M","?","?","M","$","E","M","E","T","R","E","?","?","M","R","BOSS"],"build_version":"2019-07-17","purchased_purges":1,"victory":true,"max_hp_per_floor":[75,75,75,75,75,75,75,75,75,80,80,80,80,82,82,82,82,82,82,82,82,82,82,84,84,84,86,86,88,88,88,88,88,88,90,106,106,108,108,108,110,110,110,110,110,112,112,116,116,116],"card_choices":[{"not_picked":["Sword Boomerang","Dropkick"],"picked":"Thunderclap","floor":1.0},{"not_picked":["Rupture","Sentinel"],"picked":"Shrug It Off","floor":2.0},{"not_picked":["Thunderclap","Clash"],"picked":"Twin Strike","floor":3.0},{"not_picked":["Thunderclap","Havoc"],"picked":"Sword Boomerang","floor":6.0},{"not_picked":["Warcry","Feel No Pain"],"picked":"Spot Weakness","floor":8.0},{"not_picked":["Perfected Strike","Disarm"],"picked":"Brutality","floor":10.0},{"not_picked":["Brutality","Entrench"],"picked":"Carnage","floor":12.0},{"not_picked":["Shrug It Off","Disarm","Warcry"],"picked":"Singing Bowl","floor":14.0},{"not_picked":["Offering","Brutality"],"picked":"Fiend Fire","floor":16.0},{"not_picked":["Twin Strike","Wild Strike"],"picked":"Heavy Blade+1","floor":18.0},{"not_picked":["Pummel","Flex"],"picked":"Cleave+1","floor":20.0},{"not_picked":["Anger+1","Armaments","Intimidate"],"picked":"Singing Bowl","floor":24.0},{"not_picked":["Sword Boomerang","Brutality","Flex"],"picked":"Singing Bowl","floor":27.0},{"not_picked":["Hemokinesis","Shrug It Off"],"picked":"Battle Trance","floor":28.0},{"not_picked":["Havoc+1","Intimidate+1","Sentinel"],"picked":"Singing Bowl","floor":29.0},{"not_picked":["Heavy Blade","Perfected Strike"],"picked":"Corruption","floor":30.0},{"not_picked":["Evolve","Body Slam"],"picked":"True Grit","floor":31.0},{"not_picked":["Juggernaut","Reaper"],"picked":"Demon Form","floor":33.0},{"not_picked":["Corruption","Warcry","Shrug It Off"],"picked":"Singing Bowl","floor":35.0},{"not_picked":["Hemokinesis","Fire Breathing","Thunderclap"],"picked":"Singing Bowl","floor":36},{"not_picked":["Violence","Trip"],"picked":"Secret Weapon","floor":37},{"not_picked":["Deep Breath","Impatience"],"picked":"Discovery","floor":37},{"not_picked":["Thunderclap","Spot Weakness","Hemokinesis+1"],"picked":"Singing Bowl","floor":38},{"not_picked":["Power Through","Intimidate"],"picked":"Pummel+1","floor":40},{"not_picked":["Sword Boomerang","Seeing Red","Shockwave"],"picked":"Singing Bowl","floor":41},{"not_picked":["Blood for Blood","Flex"],"picked":"Inflame","floor":41},{"not_picked":["Intimidate","Reaper"],"picked":"Spot Weakness","floor":42},{"not_picked":["Exhume","Iron Wave","Reckless Charge+1"],"picked":"Spot Weakness","floor":45},{"not_picked":["Flex+1","Pommel Strike","Havoc+1","Corruption"],"picked":"Singing Bowl","floor":46},{"not_picked":["Power Through","Pummel","Havoc","Searing Blow"],"picked":"Singing Bowl","floor":48},{"not_picked":["Iron Wave+1","Body Slam","Double Tap","Headbutt+1"],"picked":"Singing Bowl","floor":48}],"player_experience":585047,"relics_obtained":[{"floor":6.0,"key":"Ice Cream"},{"floor":9.0,"key":"Singing Bowl"},{"floor":11.0,"key":"Thread and Needle"},{"floor":12.0,"key":"Juzu Bracelet"},{"floor":26.0,"key":"Bag of Marbles"},{"floor":27.0,"key":"Self Forming Clay"},{"floor":36,"key":"Mango"},{"floor":40,"key":"Prayer Wheel"},{"floor":42,"key":"Dead Branch"},{"floor":43,"key":"Question Card"},{"floor":45,"key":"Bag of Preparation"},{"floor":46,"key":"Nunchaku"}],"event_choices":[{"damage_healed":0.0,"max_hp_gain":0.0,"max_hp_loss":0.0,"gold_gain":0.0,"event_name":"Match and Keep!","player_choice":"1 cards matched","floor":5.0,"gold_loss":0.0,"damage_taken":0.0,"cards_obtained":["Berserk"]},{"damage_healed":0.0,"max_hp_gain":0.0,"max_hp_loss":0.0,"gold_gain":0.0,"cards_transformed":["Strike_R"],"event_name":"Living Wall","player_choice":"Change","floor":13.0,"gold_loss":0.0,"damage_taken":0.0,"cards_obtained":["Cleave"]},{"cards_removed":["Strike_R"],"damage_healed":0.0,"max_hp_gain":0.0,"max_hp_loss":0.0,"gold_gain":0.0,"event_name":"Beggar","player_choice":"Gave Gold","floor":19.0,"gold_loss":75.0,"damage_taken":0.0},{"damage_healed":0.0,"max_hp_gain":0.0,"max_hp_loss":0.0,"gold_gain":0.0,"event_name":"Vampires","player_choice":"Ignored","floor":21.0,"gold_loss":0.0,"damage_taken":0.0},{"cards_removed":["Twin Strike"],"damage_healed":0.0,"max_hp_gain":0.0,"max_hp_loss":0.0,"gold_gain":0.0,"event_name":"WeMeetAgain","player_choice":"Gave Card","floor":25.0,"gold_loss":0.0,"damage_taken":0.0,"relics_obtained":["Torii"]},{"damage_healed":0,"gold_gain":0,"player_choice":"Fight","damage_taken":0,"max_hp_gain":0,"max_hp_loss":0,"event_name":"MindBloom","floor":36,"gold_loss":0},{"damage_healed":0,"gold_gain":0,"player_choice":"Memory 2","damage_taken":5,"max_hp_gain":0,"max_hp_loss":0,"event_name":"SensoryStone","floor":37,"gold_loss":0},{"damage_healed":0,"gold_gain":0,"player_choice":"Fight","damage_taken":0,"max_hp_gain":0,"max_hp_loss":0,"event_name":"Mysterious Sphere","floor":46,"gold_loss":0},{"cards_removed":["Inflame"],"damage_healed":0,"gold_gain":0,"player_choice":"Removed Power","damage_taken":0,"max_hp_gain":0,"max_hp_loss":0,"event_name":"Falling","floor":47,"gold_loss":0}],"is_beta":false,"boss_relics":[{"not_picked":["Runic Pyramid","Ectoplasm"],"picked":"Cursed Key"},{"not_picked":["Orrery","Tiny House"],"picked":"Astrolabe"}],"items_purged_floors":[39],"is_endless":false,"potions_floor_spawned":[6,8,12,16,24,27,29,30,31,35,36,48],"ascension_level":14}