{"gold_per_floor":[117,117,134,11,25,54,71,105,105,105,105,149,149,174,174,269,269,284,8,8,23,46,84,84,97,97,97,97,114,114,125,125,196,196,210,210,230,246,293,293,9,9,9,24,41,57,83,83,83,83],"floor_reached":50,"playtime":3600,"items_purged":["Strike_R"],"score":889,"play_id":"3915f604-65d9-4c9d-96b3-4037ba8cf829","local_time":"20190811215243","is_ascension_mode":true,"campfire_choices":[{"data":"Armaments","floor":13.0,"key":"SMITH"},{"data":"Entrench","floor":15.0,"key":"SMITH"},{"floor":24.0,"key":"REST"},{"floor":30,"key":"REST"},{"floor":32,"key":"REST"},{"floor":40,"key":"REST"},{"floor":42,"key":"REST"},{"floor":49,"key":"REST"}],"neow_cost":"NONE","seed_source_timestamp":562227485613242,"circlet_count":0,"master_deck":["AscendersBane","Strike_R","Strike_R","Defend_R","Defend_R","Defend_R","Bash","Bludgeon","Armaments+1","Anger","Rupture","Entrench+1","Brutality","Sword Boomerang","Shockwave","Limit Break","Inflame","Bandage Up","Flex","Body Slam","Second Wind","True Grit+1","Combust","Barricade","Body Slam+1","Shrug It Off","Sword Boomerang","Feel No Pain","Ghostly Armor","Infernal Blade"],"special_seed":0,"relics":["Burning Blood","Mercury Hourglass","Omamori","Dodecahedron","Happy Flower","Bloody Idol","Turnip","Runic Pyramid","ClockworkSouvenir","Magic Flower","Singing Bowl","Runic Dome","Pen Nib","Mummified Hand","Ice Cream","Frozen Egg 2"],"potions_floor_usage":[29,33,37,45,47,50,50],"damage_taken":[{"damage":11.0,"enemies":"Jaw Worm","floor":1.0,"turns":4.0},{"damage":0.0,"enemies":"Cultist","floor":3.0,"turns":2.0},{"damage":0.0,"enemies":"2 Louse","floor":5.0,"turns":3.0},{"damage":25.0,"enemies":"Lagavulin","floor":6.0,"turns":6.0},{"damage":15.0,"enemies":"2 Fungi Beasts","floor":7.0,"turns":3.0},{"damage":18.0,"enemies":"3 Sentries","floor":8.0,"turns":7.0},{"damage":10.0,"enemies":"Gremlin Nob","floor":12.0,"turns":3.0},{"damage":5.0,"enemies":"3 Louse","floor":14.0,"turns":3.0},{"damage":22.0,"enemies":"Slime Boss","floor":16.0,"turns":7.0},{"damage":7.0,"enemies":"Chosen","floor":18.0,"turns":3.0},{"damage":27.0,"enemies":"3 Byrds","floor":21.0,"turns":5.0},{"damage":23.0,"enemies":"Sentry and Sphere","floor":22.0,"turns":4.0},{"damage":34.0,"enemies":"Slavers","floor":23.0,"turns":5.0},{"damage":25,"enemies":"Snake Plant","floor":25,"turns":3},{"damage":2,"enemies":"Cultist and Chosen","floor":29,"turns":7},{"damage":27,"enemies":"Centurion and Healer","floor":31,"turns":5},{"damage":54,"enemies":"Automaton","floor":33,"turns":9},{"damage":12,"enemies":"3 Shapes","floor":35,"turns":5},{"damage":31,"enemies":"Orb Walker","floor":37,"turns":4},{"damage":44,"enemies":"Writhing Mass","floor":38,"turns":4},{"damage":18,"enemies":"4 Shapes","floor":44,"turns":3},{"damage":27,"enemies":"Transient","floor":45,"turns":5},{"damage":13,"enemies":"Spire Growth","floor":46,"turns":5},{"damage":83,"enemies":"Giant Head","floor":47,"turns":7},{"damage":55,"enemies":"Donu and Deca","floor":50,"turns":4}],"seed_played":"610540190796848589","potions_obtained":[{"floor":3.0,"key":"SteroidPotion"},{"floor":7.0,"key":"Strength Potion"},{"floor":12.0,"key":"Fruit Juice"},{"floor":23.0,"key":"SpeedPotion"},{"floor":31,"key":"PowerPotion"},{"floor":33,"key":"FearPotion"},{"floor":35,"key":"AttackPotion"},{"floor":37,"key":"LiquidBronze"},{"floor":45,"key":"SteroidPotion"},{"floor":47,"key":"EssenceOfSteel"}],"is_trial":false,"path_per_floor":["M","?","M","$","M","E","M","E","T","?","?","E","R","M","R","B",null,"M","$","?","M","M","E","R","M","T","?","?","M","R","M","R","B",null,"M","?","M","M","T","R","$","R","T","M","M","M","E","?","R","B"],"character_chosen":"IRONCLAD","items_purchased":["Strength Potion","ClockworkSouvenir","Bandage Up","Mummified Hand","Sword Boomerang"],"campfire_rested":6,"item_purchase_floors":[4,19,19,41,41],"current_hp_per_floor":[67,67,73,73,79,60,51,39,39,39,39,35,35,41,41,25,66,65,65,65,48,35,11,34,18,18,18,18,38,62,55,79,41,71,81,81,70,48,53,77,77,83,83,79,75,78,15,15,40,0],"gold":83,"neow_bonus":"ONE_RANDOM_RARE_CARD","is_prod":false,"is_daily":false,"chose_seed":false,"campfire_upgraded":2,"win_rate":0,"timestamp":1565585563,"path_taken":["M","?","?","$","M","E","M","E","T","?","?","E","R","M","R","BOSS","M","$","?","M","M","E","R","M","T","?","?","M","R","M","R","BOSS","M","?","M","M","?","R","?","R","T","M","?","M","E","?","R","BOSS"],"build_version":"2019-07-17","purchased_purges":1,"victory":false,"max_hp_per_floor":[80,80,80,80,80,80,80,80,80,80,74,74,74,79,79,79,79,79,79,79,79,79,79,79,79,79,79,79,81,81,81,81,81,81,81,81,81,83,83,83,83,83,83,83,83,85,85,85,85,85],"card_choices":[{"not_picked":["Wild Strike","Pommel Strike"],"picked":"Armaments","floor":1.0},{"not_picked":["Thunderclap","Rampage"],"picked":"Anger","floor":3.0},{"not_picked":["Heavy Blade","Sword Boomerang"],"picked":"Rupture","floor":5.0},{"not_picked":["Wild Strike","Rage"],"picked":"Entrench","floor":6.0},{"not_picked":["Heavy Blade","Spot Weakness"],"picked":"Brutality","floor":7.0},{"not_picked":["Perfected Strike","Clothesline"],"picked":"Sword Boomerang","floor":8.0},{"not_picked":["Havoc","Anger"],"picked":"Shockwave","floor":12.0},{"not_picked":["Anger","Perfected Strike","Fire Breathing"],"picked":"SKIP","floor":14.0},{"not_picked":["Impervious","Brutality"],"picked":"Limit Break","floor":16.0},{"not_picked":["Thunderclap","Second Wind+1"],"picked":"Inflame","floor":18.0},{"not_picked":["Wild Strike","Battle Trance"],"picked":"Flex","floor":21.0},{"not_picked":["Anger","Searing Blow"],"picked":"Body Slam","floor":22.0},{"not_picked":["Body Slam","Wild Strike"],"picked":"Second Wind","floor":23.0},{"not_picked":["Uppercut","Havoc"],"picked":"True Grit+1","floor":25},{"not_picked":["Entrench","Armaments+1","Hemokinesis"],"picked":"Singing Bowl","floor":29},{"not_picked":["Anger","Feed"],"picked":"Combust","floor":31},{"not_picked":["Dark Embrace","Feed"],"picked":"Barricade","floor":33},{"not_picked":["Twin Strike","Shrug It Off"],"picked":"Body Slam+1","floor":35},{"not_picked":["Flex","Whirlwind"],"picked":"Shrug It Off","floor":37},{"not_picked":["Sword Boomerang","Hemokinesis","Twin Strike"],"picked":"Singing Bowl","floor":38},{"not_picked":["Body Slam","Bludgeon"],"picked":"Feel No Pain","floor":44},{"not_picked":["Perfected Strike","Spot Weakness"],"picked":"Ghostly Armor","floor":45},{"not_picked":["Thunderclap","Intimidate","Sword Boomerang+1"],"picked":"Singing Bowl","floor":46},{"not_picked":["Shockwave","Armaments"],"picked":"Infernal Blade","floor":47}],"player_experience":571546,"relics_obtained":[{"floor":2.0,"key":"Mercury Hourglass"},{"floor":6.0,"key":"Omamori"},{"floor":8.0,"key":"Dodecahedron"},{"floor":9.0,"key":"Happy Flower"},{"floor":12.0,"key":"Turnip"},{"floor":23.0,"key":"Magic Flower"},{"floor":26,"key":"Singing Bowl"},{"floor":39,"key":"Pen Nib"},{"floor":43,"key":"Ice Cream"},{"floor":47,"key":"Frozen Egg 2"}],"event_choices":[{"damage_healed":0.0,"max_hp_gain":0.0,"max_hp_loss":0.0,"gold_gain":0.0,"event_name":"Wheel of Change","player_choice":"Relic","floor":2.0,"gold_loss":0.0,"damage_taken":0.0},{"cards_removed":["Strike_R"],"damage_healed":0.0,"max_hp_gain":0.0,"max_hp_loss":0.0,"gold_gain":0.0,"event_name":"Living Wall","player_choice":"Forget","floor":10.0,"gold_loss":0.0,"damage_taken":0.0},{"damage_healed":0.0,"max_hp_gain":0.0,"max_hp_loss":6.0,"gold_gain":0.0,"event_name":"Golden Idol","player_choice":"Lose Max HP","floor":11.0,"gold_loss":0.0,"damage_taken":0.0,"relics_obtained":["Golden Idol"]},{"cards_removed":["Strike_R"],"damage_healed":0.0,"max_hp_gain":0.0,"max_hp_loss":0.0,"gold_gain":0.0,"event_name":"Back to Basics","player_choice":"Elegance","floor":20.0,"gold_loss":0.0,"damage_taken":0.0},{"damage_healed":0,"gold_gain":0,"player_choice":"Gave Idol","damage_taken":0,"relics_obtained":["Bloody Idol"],"max_hp_gain":0,"max_hp_loss":0,"event_name":"Forgotten Altar","floor":27,"relics_lost":["Golden Idol"],"gold_loss":0},{"damage_healed":0,"gold_gain":0,"player_choice":"Ignored","damage_taken":0,"max_hp_gain":0,"max_hp_loss":0,"event_name":"Vampires","floor":28,"gold_loss":0},{"damage_healed":0,"gold_gain":0,"player_choice":"Ignored","damage_taken":0,"max_hp_gain":0,"max_hp_loss":0,"event_name":"Tomb of Lord Red Mask","floor":36,"gold_loss":0},{"cards_removed":["Defend_R"],"damage_healed":0,"gold_gain":0,"player_choice":"Removed Skill","damage_taken":0,"max_hp_gain":0,"max_hp_loss":0,"event_name":"Falling","floor":48,"gold_loss":0}],"is_beta":false,"boss_relics":[{"not_picked":["Tiny House","White Beast Statue"],"picked":"Runic Pyramid"},{"not_picked":["Empty Cage","Orrery"],"picked":"Runic Dome"}],"items_purged_floors":[4],"is_endless":false,"potions_floor_spawned":[3,5,7,12,23,31,33,35,37,45,47],"killed_by":"Donu and Deca","ascension_level":13}