{"gold_per_floor":[111,186,204,204,215,215,59,59,86,9,27,38,38,94,94,169,169,183,212,212,212,232,232,246,260,313,329,349,366,366,366,366,366],"floor_reached":33,"playtime":2970,"items_purged":["Strike_G"],"score":568,"play_id":"a514bbdd-f1e4-4d3b-a078-9067cd0ec37a","local_time":"20190605035802","is_ascension_mode":true,"campfire_choices":[{"data":"Neutralize","floor":6.0,"key":"SMITH"},{"data":"Burst","floor":8.0,"key":"SMITH"},{"data":"Calculated Gamble","floor":15.0,"key":"SMITH"},{"data":"Well Laid Plans","floor":23.0,"key":"SMITH"},{"floor":30,"key":"REST"},{"floor":32,"key":"REST"}],"neow_cost":"PERCENT_DAMAGE","seed_source_timestamp":0,"circlet_count":0,"master_deck":["AscendersBane","Defend_G","Defend_G","Defend_G","Defend_G","Strike_G","Strike_G","Strike_G","Survivor","Neutralize+1","Die Die Die","Calculated Gamble+1","Quick Slash","Eviscerate","Predator","Burst+1","Well Laid Plans+1","Terror","Bouncing Flask","Corpse Explosion","Tactician","Acrobatics","Backstab+1","Infinite Blades+1","Backstab","Cloak And Dagger"],"special_seed":0,"relics":["Ring of the Snake","Orichalcum","Vajra","Dead Branch","Tiny Chest","Runic Dome","Red Mask","Smiling Mask","Pear"],"potions_floor_usage":[24,33],"damage_taken":[{"damage":0.0,"enemies":"Small Slimes","floor":1.0,"turns":3.0},{"damage":1.0,"enemies":"Jaw Worm","floor":3.0,"turns":3.0},{"damage":0.0,"enemies":"2 Louse","floor":5.0,"turns":2.0},{"damage":0.0,"enemies":"Gremlin Gang","floor":11.0,"turns":4.0},{"damage":3.0,"enemies":"Exordium Wildlife","floor":12.0,"turns":2.0},{"damage":0.0,"enemies":"3 Sentries","floor":14.0,"turns":5.0},{"damage":6.0,"enemies":"Hexaghost","floor":16.0,"turns":8.0},{"damage":9.0,"enemies":"2 Thieves","floor":18.0,"turns":2.0},{"damage":2.0,"enemies":"Masked Bandits","floor":19.0,"turns":2.0},{"damage":0.0,"enemies":"3 Byrds","floor":22.0,"turns":1.0},{"damage":16,"enemies":"Shelled Parasite and Fungi","floor":24,"turns":4},{"damage":0,"enemies":"Cultist and Chosen","floor":25,"turns":2},{"damage":12,"enemies":"Chosen and Byrds","floor":27,"turns":4},{"damage":0,"enemies":"Centurion and Healer","floor":28,"turns":2},{"damage":8,"enemies":"Snake Plant","floor":29,"turns":4},{"damage":70,"enemies":"Champ","floor":33,"turns":8}],"seed_played":"-8293878794038557409","potions_obtained":[{"floor":1.0,"key":"Block Potion"},{"floor":5.0,"key":"Poison Potion"},{"floor":11.0,"key":"EssenceOfSteel"},{"floor":19.0,"key":"GamblersBrew"},{"floor":22.0,"key":"Block Potion"},{"floor":25,"key":"SpeedPotion"}],"is_trial":false,"path_per_floor":["M","?","M","?","M","R","$","R","T","$","M","M","T","E","R","B",null,"M","?","$","?","M","R","M","M","T","M","M","M","R","T","R","B"],"character_chosen":"THE_SILENT","items_purchased":["Burst","Well Laid Plans"],"campfire_rested":2,"item_purchase_floors":[7,10],"current_hp_per_floor":[44,33,32,21,21,21,21,21,21,21,21,18,18,18,18,12,53,44,42,42,42,42,42,26,26,26,14,14,6,25,35,57,0],"gold":366,"neow_bonus":"TRANSFORM_TWO_CARDS","is_prod":false,"is_daily":false,"chose_seed":false,"campfire_upgraded":4,"win_rate":0,"timestamp":1559721482,"path_taken":["M","?","M","?","M","R","$","R","T","?","M","M","?","E","R","BOSS","M","?","$","?","?","R","M","M","T","M","M","M","R","?","R","BOSS"],"build_version":"2019-01-23","purchased_purges":1,"victory":false,"max_hp_per_floor":[66,66,66,66,66,66,66,66,66,66,66,66,66,66,66,66,66,66,66,66,66,66,66,66,66,66,66,66,66,66,76,76,76],"card_choices":[{"not_picked":["Bane","Accuracy"],"picked":"Quick Slash","floor":1.0},{"not_picked":["Deadly Poison","Underhanded Strike"],"picked":"Eviscerate","floor":3.0},{"not_picked":["Expertise","Underhanded Strike"],"picked":"Predator","floor":5.0},{"not_picked":["Endless Agony","Sucker Punch"],"picked":"Terror","floor":11.0},{"not_picked":["Well Laid Plans","Outmaneuver"],"picked":"Bouncing Flask","floor":12.0},{"not_picked":["Sucker Punch","Calculated Gamble","Choke"],"picked":"SKIP","floor":14.0},{"not_picked":["Envenom","After Image"],"picked":"Corpse Explosion","floor":16.0},{"not_picked":["Dagger Spray+1","Bouncing Flask"],"picked":"Tactician","floor":18.0},{"not_picked":["Reflex","Accuracy"],"picked":"Acrobatics","floor":19.0},{"not_picked":["Sucker Punch","Underhanded Strike"],"picked":"Backstab+1","floor":22.0},{"not_picked":["Acrobatics","Poisoned Stab","Bane"],"picked":"SKIP","floor":24},{"not_picked":["Deflect","Deadly Poison"],"picked":"Infinite Blades+1","floor":25},{"not_picked":["Prepared","Well Laid Plans","Heel Hook+1"],"picked":"SKIP","floor":27},{"not_picked":["Deadly Poison","Terror"],"picked":"Backstab","floor":28},{"not_picked":["Poisoned Stab","Dodge and Roll"],"picked":"Cloak And Dagger","floor":29}],"player_experience":842983,"relics_obtained":[{"floor":9.0,"key":"Vajra"},{"floor":13.0,"key":"Dead Branch"},{"floor":14.0,"key":"Tiny Chest"},{"floor":19.0,"key":"Red Mask"},{"floor":26,"key":"Smiling Mask"},{"floor":31,"key":"Pear"}],"event_choices":[{"damage_healed":0.0,"max_hp_gain":0.0,"max_hp_loss":0.0,"gold_gain":75.0,"event_name":"World of Goop","player_choice":"Gather Gold","floor":2.0,"gold_loss":0.0,"damage_taken":11.0},{"damage_healed":0.0,"max_hp_gain":0.0,"max_hp_loss":0.0,"gold_gain":0.0,"event_name":"Scrap Ooze","player_choice":"Success","floor":4.0,"gold_loss":0.0,"damage_taken":11.0,"relics_obtained":["Orichalcum"]},{"damage_healed":0.0,"max_hp_gain":0.0,"max_hp_loss":0.0,"gold_gain":0.0,"event_name":"Masked Bandits","player_choice":"Fought Bandits","floor":19.0,"gold_loss":0.0,"damage_taken":0.0},{"damage_healed":0.0,"max_hp_gain":0.0,"max_hp_loss":0.0,"gold_gain":0.0,"event_name":"Ghosts","player_choice":"Ignored","floor":21.0,"gold_loss":0.0,"damage_taken":0.0}],"is_beta":false,"boss_relics":[{"not_picked":["Astrolabe","Orrery"],"picked":"Runic Dome"}],"items_purged_floors":[7],"is_endless":false,"potions_floor_spawned":[1,5,11,19,22,25],"killed_by":"Champ","ascension_level":18}