{"gold_per_floor":[109,126,126,126,143,143,143,163,163,163,88,38,58,77,77,77],"floor_reached":16,"playtime":603,"items_purged":["Strike_R"],"score":92,"play_id":"89f05983-e89b-481c-8ac0-6b4cbd153c9e","local_time":"20190108013041","is_ascension_mode":false,"campfire_choices":[{"data":"Bash","floor":6,"key":"SMITH"},{"data":"Heavy Blade","floor":10,"key":"SMITH"},{"data":"Defend_R","floor":15,"key":"SMITH"}],"neow_cost":"NONE","seed_source_timestamp":4085773812376,"circlet_count":0,"master_deck":["Strike_R","Defend_R","Defend_R","Defend_R+1","Bash+1","Heavy Blade+1"],"relics":["Empty Cage"],"potions_floor_usage":[13,16],"damage_taken":[{"damage":0,"enemies":"Small Slimes","floor":1,"turns":3},{"damage":10,"enemies":"Jaw Worm","floor":2,"turns":6},{"damage":6,"enemies":"Cultist","floor":5,"turns":3},{"damage":3,"enemies":"2 Fungi Beasts","floor":8,"turns":5},{"damage":6,"enemies":"Exordium Wildlife","floor":13,"turns":5},{"damage":11,"enemies":"Blue Slaver","floor":14,"turns":4},{"damage":60,"enemies":"Hexaghost","floor":16,"turns":9}],"seed_played":"-3088295830750715959","potions_obtained":[{"floor":2,"key":"Energy Potion"},{"floor":13,"key":"BloodPotion"},{"floor":14,"key":"SpeedPotion"}],"is_trial":false,"path_per_floor":["M","M","?","?","M","R","?","M","T","R","$","?","M","M","R","B"],"character_chosen":"IRONCLAD","items_purchased":[],"campfire_rested":0,"item_purchase_floors":[],"current_hp_per_floor":[80,70,75,75,69,69,69,66,66,66,66,66,60,49,49,0],"gold":77,"neow_bonus":"BOSS_RELIC","is_prod":false,"is_daily":false,"chose_seed":false,"campfire_upgraded":3,"win_rate":0,"timestamp":1546929041,"path_taken":["M","M","?","?","?","R","?","M","T","R","$","?","M","M","R","BOSS"],"build_version":"2019-01-03v4","purchased_purges":1,"victory":false,"max_hp_per_floor":[80,80,85,85,85,85,85,85,85,85,85,85,85,85,85,85],"card_choices":[{"not_picked":["Cleave","Flame Barrier","Perfected Strike"],"picked":"SKIP","floor":1},{"not_picked":["Thunderclap","Clash","Wild Strike"],"picked":"SKIP","floor":2},{"not_picked":["Perfected Strike","Armaments","Sword Boomerang"],"picked":"SKIP","floor":5},{"not_picked":["Corruption","Blood for Blood"],"picked":"Heavy Blade","floor":8},{"not_picked":["Twin Strike","Power Through","Body Slam"],"picked":"SKIP","floor":13},{"not_picked":["Heavy Blade","Second Wind","Twin Strike"],"picked":"SKIP","floor":14}],"player_experience":688857,"relics_obtained":[],"event_choices":[{"damage_healed":0,"gold_gain":0,"player_choice":"Donut","damage_taken":0,"max_hp_gain":5,"max_hp_loss":0,"event_name":"Big Fish","floor":3,"gold_loss":0},{"cards_removed":["Defend_R"],"damage_healed":0,"gold_gain":0,"player_choice":"Purged","damage_taken":0,"max_hp_gain":0,"max_hp_loss":0,"event_name":"Purifier","floor":4,"gold_loss":0},{"damage_healed":0,"gold_gain":0,"player_choice":"Fled","damage_taken":0,"max_hp_gain":0,"max_hp_loss":0,"event_name":"Scrap Ooze","floor":7,"gold_loss":0},{"cards_removed":["Strike_R"],"damage_healed":0,"gold_gain":0,"player_choice":"Card Removal","damage_taken":0,"max_hp_gain":0,"max_hp_loss":0,"event_name":"The Cleric","floor":12,"gold_loss":50}],"is_beta":false,"boss_relics":[],"items_purged_floors":[11],"is_endless":false,"potions_floor_spawned":[2,13,14],"killed_by":"Hexaghost","ascension_level":0}