{"gold_per_floor":[218,218,237,250,263,324,324,357,357,372,372,396,396,426,426,426],"floor_reached":16,"playtime":948,"items_purged":[],"score":204,"play_id":"0d679f41-90ae-4e2f-bc1f-1737ff4e05e7","local_time":"20181123164543","is_ascension_mode":true,"campfire_choices":[{"data":"Body Slam","floor":7.0,"key":"SMITH"},{"floor":11.0,"key":"REST"},{"data":"Whirlwind","floor":13.0,"key":"SMITH"},{"data":"Barricade","floor":15.0,"key":"SMITH"}],"neow_cost":"NONE","seed_source_timestamp":448935052421852,"circlet_count":0,"master_deck":["AscendersBane","Strike_R","Strike_R","Strike_R","Strike_R","Defend_R","Defend_R","Defend_R","Defend_R","Bash","Body Slam+1","Cleave","Rage","Barricade+1","Pommel Strike","Whirlwind+1"],"special_seed":0,"relics":["Burning Blood","Tiny Chest","Question Card","FossilizedHelix","Vajra","Thread and Needle"],"potions_floor_usage":[16],"damage_taken":[{"damage":2.0,"enemies":"Jaw Worm","floor":1.0,"turns":5.0},{"damage":7.0,"enemies":"Cultist","floor":3.0,"turns":4.0},{"damage":10.0,"enemies":"Small Slimes","floor":4.0,"turns":3.0},{"damage":12.0,"enemies":"Blue Slaver","floor":5.0,"turns":6.0},{"damage":16.0,"enemies":"3 Sentries","floor":6.0,"turns":8.0},{"damage":44.0,"enemies":"Gremlin Nob","floor":8.0,"turns":5.0},{"damage":2.0,"enemies":"Large Slime","floor":10.0,"turns":7.0},{"damage":39,"enemies":"Hexaghost","floor":16,"turns":9}],"seed_played":"-4265670411721865614","potions_obtained":[{"floor":1.0,"key":"Swift Potion"},{"floor":5.0,"key":"Energy Potion"},{"floor":8.0,"key":"SteroidPotion"}],"is_trial":false,"path_per_floor":["M","?","M","M","M","E","R","E","T","M","R","T","R","?","R","B"],"character_chosen":"IRONCLAD","items_purchased":[],"campfire_rested":1,"item_purchase_floors":[],"current_hp_per_floor":[72,72,71,67,61,51,51,13,13,17,39,39,39,39,39,0],"gold":426,"neow_bonus":"HUNDRED_GOLD","is_prod":false,"is_daily":false,"chose_seed":false,"campfire_upgraded":3,"win_rate":0,"timestamp":1543009543,"path_taken":["M","?","?","M","M","E","R","E","T","?","R","?","R","?","R","BOSS"],"build_version":"2018-11-15","purchased_purges":0,"victory":false,"max_hp_per_floor":[75,75,75,75,75,75,75,75,75,75,75,75,75,75,75,75],"card_choices":[{"not_picked":["Seeing Red","Cleave"],"picked":"Body Slam","floor":1.0},{"not_picked":["Corruption","Bloodletting","Intimidate"],"picked":"SKIP","floor":3.0},{"not_picked":["Anger","Iron Wave"],"picked":"Cleave","floor":4.0},{"not_picked":["Flex","Clash"],"picked":"Rage","floor":5.0},{"not_picked":["Pommel Strike","Clash"],"picked":"Barricade","floor":6.0},{"not_picked":["Searing Blow","Corruption"],"picked":"Pommel Strike","floor":8.0},{"not_picked":["Headbutt","Havoc","Armaments"],"picked":"Whirlwind","floor":10.0}],"player_experience":568560,"relics_obtained":[{"floor":6.0,"key":"Tiny Chest"},{"floor":8.0,"key":"Question Card"},{"floor":9.0,"key":"FossilizedHelix"},{"floor":12.0,"key":"Vajra"}],"event_choices":[{"cards_removed":["Strike_R"],"damage_healed":0.0,"max_hp_gain":0.0,"max_hp_loss":0.0,"gold_gain":0.0,"event_name":"Purifier","player_choice":"Purged","floor":2.0,"gold_loss":0.0,"damage_taken":0.0},{"damage_healed":0.0,"max_hp_gain":0.0,"max_hp_loss":0.0,"gold_gain":30.0,"event_name":"Dead Adventurer","player_choice":"Searched \u00272\u0027 times","floor":14.0,"gold_loss":0.0,"damage_taken":0.0,"relics_obtained":["Thread and Needle"]}],"is_beta":false,"boss_relics":[],"items_purged_floors":[],"is_endless":false,"potions_floor_spawned":[1,5,8],"killed_by":"Hexaghost","ascension_level":17}