{"gold_per_floor":[109,124,49,49,49,78,89,120,145,179,191,224,124,135,135,235,235,235,235,254,266,280,307,307,336,336,336,336,336],"floor_reached":29,"playtime":2641,"items_purged":["Strike_R","Strike_R"],"score":382,"play_id":"094fc59f-e166-4c05-b352-3af04af102ef","local_time":"20190707103816","is_ascension_mode":true,"campfire_choices":[{"data":"Armaments","floor":15,"key":"SMITH"},{"data":"Limit Break","floor":24,"key":"SMITH"},{"data":"Rage","floor":28,"key":"SMITH"}],"neow_cost":"NONE","seed_source_timestamp":149102229744751,"circlet_count":0,"master_deck":["Strike_R","Strike_R","Defend_R","Defend_R","Defend_R","Bash","Metallicize","Armaments+1","Intimidate","Thunderclap","Iron Wave","Searing Blow","Rage+1","Shrug It Off","Spot Weakness","Limit Break+1","Writhe","Cleave","Armaments+1","Rampage","Inflame","Inflame","Decay"],"relics":["Burning Blood","NeowsBlessing","Boot","Ancient Tea Set","Anchor","Question Card","Sundial","Coffee Dripper","Kunai","Vajra","Pantograph","The Courier"],"potions_floor_usage":[10,16,16,18,20,22,25,25],"damage_taken":[{"damage":0,"enemies":"Cultist","floor":1,"turns":1},{"damage":0,"enemies":"Jaw Worm","floor":2,"turns":1},{"damage":0,"enemies":"Gremlin Nob","floor":6,"turns":1},{"damage":0,"enemies":"Small Slimes","floor":7,"turns":6},{"damage":23,"enemies":"3 Sentries","floor":8,"turns":13},{"damage":31,"enemies":"Gremlin Nob","floor":10,"turns":4},{"damage":0,"enemies":"2 Fungi Beasts","floor":11,"turns":3},{"damage":34,"enemies":"Lagavulin","floor":12,"turns":11},{"damage":0,"enemies":"Exordium Wildlife","floor":14,"turns":4},{"damage":3,"enemies":"The Guardian","floor":16,"turns":10},{"damage":0,"enemies":"Spheric Guardian","floor":18,"turns":3},{"damage":10,"enemies":"Shell Parasite","floor":20,"turns":5},{"damage":2,"enemies":"Centurion and Healer","floor":21,"turns":6},{"damage":26,"enemies":"3 Cultists","floor":22,"turns":6},{"damage":27,"enemies":"Slavers","floor":23,"turns":7},{"damage":21,"enemies":"Gremlin Leader","floor":25,"turns":4},{"damage":32,"enemies":"Cultist and Chosen","floor":29,"turns":6}],"seed_played":"-1758234815829354058","potions_obtained":[{"floor":6,"key":"Strength Potion"},{"floor":10,"key":"LiquidBronze"},{"floor":11,"key":"SmokeBomb"},{"floor":14,"key":"SkillPotion"},{"floor":16,"key":"AttackPotion"},{"floor":20,"key":"AttackPotion"},{"floor":21,"key":"FearPotion"},{"floor":23,"key":"Swift Potion"}],"is_trial":false,"path_per_floor":["M","M","$","?","?","E","M","E","T","E","M","E","$","M","R","B",null,"M","?","M","M","M","E","R","E","T","?","R","M"],"character_chosen":"IRONCLAD","items_purchased":[],"campfire_rested":0,"item_purchase_floors":[],"current_hp_per_floor":[80,80,80,73,73,79,80,63,63,38,44,16,16,22,22,25,80,80,80,76,80,60,39,39,24,24,24,24,0],"gold":336,"neow_bonus":"THREE_ENEMY_KILL","is_prod":false,"is_daily":false,"chose_seed":false,"campfire_upgraded":3,"win_rate":0,"timestamp":1562521096,"path_taken":["M","?","$","?","?","E","M","E","T","E","M","E","$","M","R","BOSS","M","?","M","M","M","E","R","E","T","?","R","M"],"build_version":"2019-07-05","purchased_purges":2,"victory":false,"max_hp_per_floor":[80,80,80,80,80,80,80,80,80,80,80,80,80,80,80,80,80,80,80,80,80,80,80,80,80,80,80,80,80],"card_choices":[{"not_picked":["Sword Boomerang","Warcry"],"picked":"Metallicize","floor":1},{"not_picked":["Clothesline","Pommel Strike"],"picked":"Armaments","floor":2},{"not_picked":["Feel No Pain","Sentinel"],"picked":"Intimidate","floor":6},{"not_picked":["Combust","Clothesline"],"picked":"Thunderclap","floor":7},{"not_picked":["Burning Pact","Bludgeon"],"picked":"Iron Wave","floor":8},{"not_picked":["Ghostly Armor","Exhume"],"picked":"Searing Blow","floor":10},{"not_picked":["Wild Strike","Uppercut","Headbutt"],"picked":"Rage","floor":11},{"not_picked":["Flex","Cleave","Clothesline"],"picked":"Shrug It Off","floor":12},{"not_picked":["Evolve","Flex","Combust"],"picked":"Spot Weakness","floor":14},{"not_picked":["Juggernaut","Bludgeon","Brutality"],"picked":"Limit Break","floor":16},{"not_picked":["Warcry","Clash","Thunderclap"],"picked":"Cleave","floor":20},{"not_picked":["Sword Boomerang","Clash","Demon Form"],"picked":"Armaments+1","floor":21},{"not_picked":["Flex","Shrug It Off","Body Slam"],"picked":"Rampage","floor":22},{"not_picked":["Rampage+1","Blood for Blood","Havoc+1"],"picked":"Inflame","floor":23},{"not_picked":["Sword Boomerang","Thunderclap","Second Wind"],"picked":"Inflame","floor":25}],"player_experience":214771,"relics_obtained":[{"floor":6,"key":"Boot"},{"floor":8,"key":"Ancient Tea Set"},{"floor":9,"key":"Anchor"},{"floor":10,"key":"Question Card"},{"floor":12,"key":"Sundial"},{"floor":23,"key":"Vajra"},{"floor":25,"key":"Pantograph"},{"floor":26,"key":"The Courier"}],"event_choices":[{"cards_removed":["Defend_R"],"damage_healed":0,"gold_gain":0,"player_choice":"Card Removal","damage_taken":7,"max_hp_gain":0,"max_hp_loss":0,"event_name":"Golden Wing","floor":4,"gold_loss":0},{"cards_removed":["Strike_R"],"damage_healed":0,"gold_gain":0,"player_choice":"Forget","damage_taken":0,"max_hp_gain":0,"max_hp_loss":0,"event_name":"Living Wall","floor":5,"gold_loss":0},{"damage_healed":0,"gold_gain":0,"player_choice":"Opened","damage_taken":0,"relics_obtained":["Kunai"],"max_hp_gain":0,"max_hp_loss":0,"event_name":"The Mausoleum","floor":19,"gold_loss":0,"cards_obtained":["Writhe"]},{"damage_healed":0,"gold_gain":0,"player_choice":"Smashed Altar","damage_taken":0,"max_hp_gain":0,"max_hp_loss":0,"event_name":"Forgotten Altar","floor":27,"gold_loss":0,"cards_obtained":["Decay"]}],"is_beta":false,"boss_relics":[{"not_picked":["Astrolabe","Eternal Feather"],"picked":"Coffee Dripper"}],"items_purged_floors":[3,13],"is_endless":false,"potions_floor_spawned":[6,10,11,14,16,20,21,23],"killed_by":"Cultist and Chosen","ascension_level":4}