{"gold_per_floor":[113,38,38,56,68,102,102,102,102,102,121,121,148,148,148,148],"floor_reached":16,"playtime":1313,"items_purged":["Decay"],"score":151,"play_id":"d32c93cc-db1f-43fd-a5b8-47ad65ec2a50","local_time":"20190731174133","is_ascension_mode":true,"campfire_choices":[{"floor":8,"key":"REST"},{"floor":12,"key":"REST"},{"floor":15,"key":"REST"}],"neow_cost":"CURSE","seed_source_timestamp":641392789393547,"circlet_count":0,"master_deck":["Strike_G","Strike_G","Strike_G","Strike_G","Defend_G","Defend_G","Defend_G","Defend_G+1","Defend_G+1","Survivor","Neutralize","A Thousand Cuts","Dodge and Roll","Tools of the Trade","Outmaneuver","Deadly Poison","Backflip","Accuracy","Escape Plan"],"relics":["Ring of the Snake","Ornamental Fan","Boot","Shuriken","Pen Nib","Golden Idol"],"potions_floor_usage":[6,6],"damage_taken":[{"damage":5,"enemies":"Small Slimes","floor":1,"turns":5},{"damage":9,"enemies":"2 Louse","floor":4,"turns":4},{"damage":2,"enemies":"Cultist","floor":5,"turns":6},{"damage":21,"enemies":"Gremlin Nob","floor":6,"turns":5},{"damage":1,"enemies":"2 Fungi Beasts","floor":11,"turns":5},{"damage":48,"enemies":"3 Sentries","floor":13,"turns":10},{"damage":25,"enemies":"Slime Boss","floor":16,"turns":8}],"seed_played":"-1015145444489162043","potions_obtained":[{"floor":1,"key":"Strength Potion"},{"floor":4,"key":"SneckoOil"},{"floor":5,"key":"GhostInAJar"}],"is_trial":false,"path_per_floor":["M","$","?","M","M","E","?","R","T","?","M","R","E","?","R","B"],"character_chosen":"THE_SILENT","items_purchased":[],"campfire_rested":3,"item_purchase_floors":[],"current_hp_per_floor":[58,58,58,49,47,26,12,33,33,33,32,53,5,5,24,0],"gold":148,"neow_bonus":"THREE_RARE_CARDS","is_prod":false,"is_daily":false,"chose_seed":false,"campfire_upgraded":0,"win_rate":0,"timestamp":1564620093,"path_taken":["M","$","?","M","M","E","?","R","T","?","?","R","E","?","R","BOSS"],"build_version":"2019-07-17","purchased_purges":1,"victory":false,"max_hp_per_floor":[70,70,70,70,70,70,70,70,70,70,70,70,70,65,65,65],"card_choices":[{"not_picked":["Unload","Malaise"],"picked":"A Thousand Cuts","floor":0},{"not_picked":["Bouncing Flask","Deflect"],"picked":"Dodge and Roll","floor":1},{"not_picked":["Bane","Bouncing Flask"],"picked":"Outmaneuver","floor":4},{"not_picked":["Underhanded Strike","Dagger Spray"],"picked":"Deadly Poison","floor":5},{"not_picked":["Deadly Poison","Bouncing Flask"],"picked":"Backflip","floor":6},{"not_picked":["Eviscerate","Riddle With Holes"],"picked":"Accuracy","floor":11},{"not_picked":["Endless Agony","Quick Slash"],"picked":"Escape Plan","floor":13}],"player_experience":433755,"relics_obtained":[{"floor":6,"key":"Ornamental Fan"},{"floor":9,"key":"Boot"},{"floor":13,"key":"Pen Nib"}],"event_choices":[{"damage_healed":0,"gold_gain":0,"cards_transformed":["Strike_G"],"player_choice":"Change","damage_taken":0,"max_hp_gain":0,"max_hp_loss":0,"event_name":"Living Wall","floor":3,"gold_loss":0,"cards_obtained":["Tools of the Trade"]},{"damage_healed":0,"gold_gain":0,"player_choice":"Entered Light","damage_taken":14,"max_hp_gain":0,"max_hp_loss":0,"event_name":"Shining Light","floor":7,"gold_loss":0,"cards_upgraded":["Defend_G","Defend_G"]},{"damage_healed":0,"gold_gain":0,"player_choice":"Gave Potion","damage_taken":0,"relics_obtained":["Shuriken"],"max_hp_gain":0,"max_hp_loss":0,"event_name":"WeMeetAgain","floor":10,"gold_loss":0},{"damage_healed":0,"gold_gain":0,"player_choice":"Lose Max HP","damage_taken":0,"relics_obtained":["Golden Idol"],"max_hp_gain":0,"max_hp_loss":5,"event_name":"Golden Idol","floor":14,"gold_loss":0}],"is_beta":false,"boss_relics":[],"items_purged_floors":[2],"is_endless":false,"potions_floor_spawned":[1,4,5],"killed_by":"Slime Boss","ascension_level":8}