{"gold_per_floor":[110,35,52,52,71,105,124,124,124,134,468,486,497,511,511,511],"floor_reached":16,"playtime":1944,"items_purged":["Strike_G"],"score":116,"play_id":"767e2c69-591b-4acb-938d-84c6c73a1c16","local_time":"20190629115315","is_ascension_mode":false,"campfire_choices":[{"floor":8,"key":"REST"},{"floor":15,"key":"RECALL"}],"neow_cost":"TEN_PERCENT_HP_LOSS","seed_source_timestamp":272584085880582,"circlet_count":0,"master_deck":["Defend_G","Defend_G","Defend_G","Defend_G","Strike_G","Strike_G","Strike_G","Strike_G","Survivor","Neutralize","Dagger Spray","Endless Agony","Defend_R","Backflip","Venomology","Backflip","Flying Knee","Flying Knee"],"relics":["Ring of the Snake","Ginger","Calipers","Old Coin"],"potions_floor_usage":[10,11,11,12,13,13,13,13,14,14,14,14,16],"damage_taken":[{"damage":0,"enemies":"2 Louse","floor":1,"turns":3},{"damage":2,"enemies":"Cultist","floor":3,"turns":5},{"damage":0,"enemies":"Jaw Worm","floor":5,"turns":4},{"damage":36,"enemies":"3 Sentries","floor":6,"turns":10},{"damage":1,"enemies":"2 Fungi Beasts","floor":7,"turns":4},{"damage":0,"enemies":"3 Louse","floor":10,"turns":3},{"damage":31,"enemies":"Gremlin Nob","floor":11,"turns":4},{"damage":0,"enemies":"Blue Slaver","floor":12,"turns":2},{"damage":3,"enemies":"Large Slime","floor":13,"turns":3},{"damage":0,"enemies":"Exordium Thugs","floor":14,"turns":5},{"damage":22,"enemies":"Slime Boss","floor":16,"turns":3}],"seed_played":"-5748252794026212775","potions_obtained":[{"floor":1,"key":"FearPotion"},{"floor":7,"key":"Poison Potion"},{"floor":11,"key":"Fire Potion"}],"is_trial":false,"path_per_floor":["M","$","M","?","M","E","M","R","T","M","E","M","M","M","R","B"],"character_chosen":"THE_SILENT","items_purchased":[],"campfire_rested":1,"item_purchase_floors":[],"current_hp_per_floor":[63,63,61,61,61,25,24,42,42,42,11,11,17,17,17,0],"gold":511,"neow_bonus":"ONE_RARE_RELIC","is_prod":false,"is_daily":false,"chose_seed":false,"campfire_upgraded":0,"win_rate":0,"timestamp":1561834395,"path_taken":["M","$","M","?","M","E","M","R","T","?","E","M","M","M","R","BOSS"],"build_version":"2019-01-23","purchased_purges":1,"victory":false,"max_hp_per_floor":[63,63,63,63,63,63,63,63,63,63,63,63,63,63,63,63],"card_choices":[{"not_picked":["Backstab","Outmaneuver"],"picked":"Dagger Spray","floor":1},{"not_picked":["Skewer","Flechettes"],"picked":"Endless Agony","floor":3},{"not_picked":["Underhanded Strike","Sucker Punch"],"picked":"Backflip","floor":5},{"not_picked":["PiercingWail","Poisoned Stab"],"picked":"Venomology","floor":6},{"not_picked":["Bane","Dagger Throw"],"picked":"Backflip","floor":7},{"not_picked":["Prepared","Storm of Steel","Flechettes"],"picked":"SKIP","floor":10},{"not_picked":["Dagger Throw","Acrobatics"],"picked":"Flying Knee","floor":11},{"not_picked":["Poisoned Stab","Bane"],"picked":"Flying Knee","floor":12},{"not_picked":["Acrobatics","Deadly Poison","Bane"],"picked":"SKIP","floor":13},{"not_picked":["Dodge and Roll","Doppelganger","Backflip"],"picked":"SKIP","floor":14}],"player_experience":58567,"relics_obtained":[{"floor":6,"key":"Calipers"},{"floor":11,"key":"Old Coin"}],"event_choices":[{"cards_removed":["Defend_G"],"damage_healed":0,"gold_gain":0,"player_choice":"Took Card","damage_taken":0,"max_hp_gain":0,"max_hp_loss":0,"event_name":"NoteForYourself","floor":4,"gold_loss":0,"cards_obtained":["Defend_R"]}],"is_beta":false,"boss_relics":[],"items_purged_floors":[2],"is_endless":false,"potions_floor_spawned":[1,7,10,11],"killed_by":"Slime Boss","ascension_level":0}