{"gold_per_floor":[18,18,93,18,30,56,56,74,99,123,154,165,165,115,115,220,220,233,233,183,196,396,396,413,413,413,439,439,469,486,486,486,585,585,604,604,615,629,4,38,38,73,73,106,106,133,133,133,133,133],"floor_reached":51,"playtime":4901,"items_purged":["Defend_R","Strike_R","Defend_R","Strike_R"],"score":825,"play_id":"0ac88ad1-15b2-447d-9586-500ff95f9581","local_time":"20190630144444","is_ascension_mode":true,"campfire_choices":[{"floor":7,"key":"REST"},{"data":"1","floor":13,"key":"LIFT"},{"floor":15,"key":"REST"},{"data":"2","floor":23,"key":"LIFT"},{"data":"Limit Break","floor":25,"key":"SMITH"},{"data":"3","floor":32,"key":"LIFT"},{"data":"Double Tap","floor":41,"key":"SMITH"},{"floor":45,"key":"REST"},{"floor":49,"key":"REST"}],"neow_cost":"NO_GOLD","seed_source_timestamp":366296062420512,"circlet_count":0,"master_deck":["Defend_R+1","Defend_R+1","Bash+1","Twin Strike+1","Iron Wave+1","Metallicize+1","Iron Wave+1","Pommel Strike+1","Intimidate+1","Shrug It Off+1","Limit Break+1","Metallicize+1","Clothesline+1","Shockwave+1","Heavy Blade+1","RitualDagger+1","Inflame+1","Double Tap+1","True Grit+1","Entrench+1","Warcry+1","Body Slam+1","Warcry+1","Warcry+1","Good Instincts+1"],"relics":["Burning Blood","Girya","Lantern","Oddly Smooth Stone","Odd Mushroom","Smiling Mask","Sozu","The Courier","Letter Opener","Red Mask","Nilry\u0027s Codex","Mark of Pain","War Paint","Matryoshka","Torii","Potion Belt","Juzu Bracelet","Orichalcum","Molten Egg 2","Paper Frog","Pen Nib","Mark of the Bloom"],"potions_floor_usage":[16,16,40],"damage_taken":[{"damage":3,"enemies":"2 Louse","floor":1,"turns":3},{"damage":12,"enemies":"Jaw Worm","floor":5,"turns":4},{"damage":49,"enemies":"Lagavulin","floor":6,"turns":8},{"damage":0,"enemies":"Cultist","floor":8,"turns":3},{"damage":2,"enemies":"The Mushroom Lair","floor":10,"turns":5},{"damage":6,"enemies":"3 Sentries","floor":11,"turns":9},{"damage":13,"enemies":"Exordium Wildlife","floor":12,"turns":7},{"damage":55,"enemies":"Hexaghost","floor":16,"turns":10},{"damage":0,"enemies":"Shell Parasite","floor":18,"turns":5},{"damage":0,"enemies":"Chosen","floor":21,"turns":4},{"damage":2,"enemies":"3 Cultists","floor":24,"turns":5},{"damage":14,"enemies":"Book of Stabbing","floor":27,"turns":5},{"damage":2,"enemies":"Masked Bandits","floor":29,"turns":3},{"damage":5,"enemies":"Centurion and Healer","floor":30,"turns":4},{"damage":10,"enemies":"Champ","floor":33,"turns":7},{"damage":2,"enemies":"Orb Walker","floor":35,"turns":3},{"damage":14,"enemies":"3 Darklings","floor":37,"turns":5},{"damage":7,"enemies":"4 Shapes","floor":38,"turns":5},{"damage":14,"enemies":"Reptomancer","floor":40,"turns":4},{"damage":26,"enemies":"Nemesis","floor":42,"turns":7},{"damage":1,"enemies":"Giant Head","floor":44,"turns":5},{"damage":25,"enemies":"Reptomancer","floor":46,"turns":4},{"damage":16,"enemies":"Donu and Deca","floor":50,"turns":5}],"seed_played":"-7646766745806589042","potions_obtained":[{"floor":5,"key":"Swift Potion"},{"floor":6,"key":"Ancient Potion"},{"floor":12,"key":"SkillPotion"}],"is_trial":false,"path_per_floor":["M","?","?","$","M","E","R","M","T","?","E","M","R","$","R","B",null,"M","?","$","M","?","R","M","R","T","E","?","?","M","?","R","B",null,"M","?","M","M","$","E","R","E","T","E","R","E","?","?","R","B",null],"character_chosen":"IRONCLAD","items_purchased":["War Paint","Matryoshka","Torii"],"campfire_rested":4,"item_purchase_floors":[39,39,39],"current_hp_per_floor":[80,73,62,62,56,13,37,43,43,47,47,40,40,40,64,15,80,80,80,80,80,80,80,80,80,80,72,66,70,71,55,55,51,80,80,80,72,71,71,63,63,43,43,48,72,53,53,53,53,37],"gold":133,"neow_bonus":"ONE_RARE_RELIC","is_prod":false,"is_daily":false,"chose_seed":false,"campfire_upgraded":2,"win_rate":0,"timestamp":1561931084,"path_taken":["M","?","?","?","?","E","R","M","T","?","E","M","R","$","R","BOSS","M","?","$","M","?","R","?","R","T","E","?","?","M","?","R","BOSS","M","?","?","M","$","E","R","E","T","E","R","E","?","?","R","BOSS"],"build_version":"2019-01-23","purchased_purges":4,"victory":true,"max_hp_per_floor":[80,80,80,80,80,80,80,80,80,80,80,80,80,80,80,80,80,80,80,80,80,80,80,80,80,80,80,80,80,80,80,80,80,80,80,80,80,80,80,80,80,80,80,80,80,80,80,80,80,80],"card_choices":[{"not_picked":["Clash","Entrench"],"picked":"Twin Strike","floor":1},{"not_picked":["Headbutt","Sword Boomerang"],"picked":"Iron Wave","floor":5},{"not_picked":["Corruption","Cleave"],"picked":"Metallicize","floor":6},{"not_picked":["Thunderclap","True Grit"],"picked":"Iron Wave","floor":8},{"not_picked":["Combust","Wild Strike"],"picked":"Pommel Strike","floor":10},{"not_picked":["Corruption","Iron Wave"],"picked":"Intimidate","floor":11},{"not_picked":["Heavy Blade","Offering"],"picked":"Shrug It Off","floor":12},{"not_picked":["Offering","Brutality"],"picked":"Limit Break","floor":16},{"not_picked":["Body Slam","Sword Boomerang"],"picked":"Metallicize+1","floor":18},{"not_picked":["Battle Trance","Entrench"],"picked":"Clothesline","floor":21},{"not_picked":["Carnage+1","Havoc"],"picked":"Shockwave","floor":24},{"not_picked":["Shrug It Off","Iron Wave"],"picked":"Heavy Blade+1","floor":27},{"not_picked":["Perfected Strike+1","Havoc"],"picked":"Inflame","floor":30},{"not_picked":["Barricade","Demon Form"],"picked":"Double Tap","floor":33},{"not_picked":["Clash","Flame Barrier+1"],"picked":"True Grit+1","floor":35},{"not_picked":["Headbutt","Sword Boomerang"],"picked":"Warcry+1","floor":37},{"not_picked":["Anger+1","Iron Wave"],"picked":"Body Slam+1","floor":38},{"not_picked":["Shockwave+1","Entrench"],"picked":"Warcry+1","floor":40},{"not_picked":["Whirlwind","Headbutt+1","Sword Boomerang+1"],"picked":"SKIP","floor":42},{"not_picked":["Corruption","Rupture"],"picked":"Warcry+1","floor":44},{"not_picked":["Carnage+1","Clash+1","Shrug It Off+1"],"picked":"SKIP","floor":46},{"not_picked":["Madness","Bandage Up"],"picked":"Good Instincts","floor":47}],"player_experience":89892,"relics_obtained":[{"floor":6,"key":"Lantern"},{"floor":9,"key":"Oddly Smooth Stone"},{"floor":10,"key":"Odd Mushroom"},{"floor":11,"key":"Smiling Mask"},{"floor":26,"key":"The Courier"},{"floor":27,"key":"Letter Opener"},{"floor":29,"key":"Red Mask"},{"floor":31,"key":"Nilry\u0027s Codex"},{"floor":40,"key":"Potion Belt"},{"floor":42,"key":"Juzu Bracelet"},{"floor":43,"key":"Orichalcum"},{"floor":43,"key":"Molten Egg 2"},{"floor":44,"key":"Paper Frog"},{"floor":46,"key":"Pen Nib"}],"event_choices":[{"cards_removed":["Strike_R"],"damage_healed":0,"gold_gain":0,"player_choice":"Card Removal","damage_taken":7,"max_hp_gain":0,"max_hp_loss":0,"event_name":"Golden Wing","floor":2,"gold_loss":0},{"damage_healed":0,"gold_gain":75,"player_choice":"Gather Gold","damage_taken":11,"max_hp_gain":0,"max_hp_loss":0,"event_name":"World of Goop","floor":3,"gold_loss":0},{"damage_healed":0,"gold_gain":0,"player_choice":"Fought Mushrooms","damage_taken":0,"max_hp_gain":0,"max_hp_loss":0,"event_name":"Mushrooms","floor":10,"gold_loss":0},{"cards_removed":["Strike_R"],"damage_healed":0,"gold_gain":0,"player_choice":"Elegance","damage_taken":0,"max_hp_gain":0,"max_hp_loss":0,"event_name":"Back to Basics","floor":19,"gold_loss":0},{"damage_healed":0,"gold_gain":250,"player_choice":"Bet on Owner","damage_taken":0,"max_hp_gain":0,"max_hp_loss":0,"event_name":"The Joust","floor":22,"gold_loss":50},{"damage_healed":0,"gold_gain":0,"player_choice":"Joined the Cult","damage_taken":6,"max_hp_gain":0,"max_hp_loss":0,"event_name":"Nest","floor":28,"gold_loss":0,"cards_obtained":["RitualDagger"]},{"damage_healed":0,"gold_gain":0,"player_choice":"Fought Bandits","damage_taken":0,"max_hp_gain":0,"max_hp_loss":0,"event_name":"Masked Bandits","floor":29,"gold_loss":0},{"damage_healed":0,"gold_gain":0,"player_choice":"Obtained Book","damage_taken":16,"max_hp_gain":0,"max_hp_loss":0,"event_name":"Cursed Tome","floor":31,"gold_loss":0},{"damage_healed":0,"gold_gain":0,"cards_transformed":["Strike_R"],"player_choice":"Transformed","damage_taken":0,"max_hp_gain":0,"max_hp_loss":0,"event_name":"Transmorgrifier","floor":36,"gold_loss":0,"cards_obtained":["Entrench"]},{"damage_healed":0,"gold_gain":0,"player_choice":"Memory 1","damage_taken":0,"max_hp_gain":0,"max_hp_loss":0,"event_name":"SensoryStone","floor":47,"gold_loss":0},{"damage_healed":0,"gold_gain":0,"player_choice":"Upgrade","damage_taken":0,"relics_obtained":["Mark of the Bloom"],"max_hp_gain":0,"max_hp_loss":0,"event_name":"MindBloom","floor":48,"gold_loss":0,"cards_upgraded":["Defend_R","Defend_R","Bash","Twin Strike","Iron Wave","Metallicize","Iron Wave","Pommel Strike","Intimidate","Clothesline","RitualDagger","Inflame","Entrench","Good Instincts"]}],"is_beta":false,"boss_relics":[{"not_picked":["Empty Cage","Runic Cube"],"picked":"Sozu"},{"not_picked":["Eternal Feather","Black Blood"],"picked":"Mark of Pain"}],"items_purged_floors":[4,14,20,39],"is_endless":false,"potions_floor_spawned":[5,6,12,18,29,37,38,40,42],"ascension_level":1}