{"gold_per_floor":[110,110,129,31,48,48,60,60,85,85,85,101,101,1,1,106,106,126,36,54,69,22,54,54,54,131,157,169,182,198,198],"floor_reached":31,"playtime":1194,"items_purged":["Strike_B","Defend_B"],"score":247,"play_id":"cc8d75f0-7adf-4092-b94d-56aab5bf1b01","local_time":"20190807213825","is_ascension_mode":false,"campfire_choices":[{"data":"Zap","floor":6.0,"key":"SMITH"},{"data":"Dualcast","floor":10.0,"key":"SMITH"},{"data":"Gash","floor":13.0,"key":"SMITH"},{"data":"Strike_B","floor":15.0,"key":"SMITH"},{"data":"Gash","floor":25,"key":"SMITH"}],"neow_cost":"NONE","seed_source_timestamp":218523690370228,"circlet_count":0,"master_deck":["Strike_B+1","Defend_B+1","Zap+1","Dualcast+1","Gash+1","Self Repair+1","Loop+1","Undo+1","Gash+1"],"special_seed":0,"relics":["Cracked Core","Happy Flower","Art of War","Strawberry","Astrolabe","Bottled Lightning","Dodecahedron","Red Mask"],"potions_floor_usage":[16,27,29,30,31],"damage_taken":[{"damage":0.0,"enemies":"2 Louse","floor":1.0,"turns":4.0},{"damage":0.0,"enemies":"Cultist","floor":3.0,"turns":3.0},{"damage":0.0,"enemies":"Small Slimes","floor":5.0,"turns":2.0},{"damage":4.0,"enemies":"Exordium Wildlife","floor":7.0,"turns":4.0},{"damage":6.0,"enemies":"Exordium Thugs","floor":12.0,"turns":4.0},{"damage":44,"enemies":"Hexaghost","floor":16,"turns":9},{"damage":43,"enemies":"3 Byrds","floor":18,"turns":5},{"damage":0,"enemies":"Spheric Guardian","floor":20,"turns":3},{"damage":2,"enemies":"Centurion and Healer","floor":21,"turns":5},{"damage":37,"enemies":"Book of Stabbing","floor":23,"turns":6},{"damage":10,"enemies":"Masked Bandits","floor":27,"turns":4},{"damage":13,"enemies":"Cultist and Chosen","floor":28,"turns":6},{"damage":10,"enemies":"Shelled Parasite and Fungi","floor":29,"turns":4},{"damage":15,"enemies":"Snecko","floor":30,"turns":4},{"damage":32,"enemies":"Slavers","floor":31,"turns":4}],"seed_played":"-1838940318475048226","potions_obtained":[{"floor":1.0,"key":"Strength Potion"},{"floor":5.0,"key":"Poison Potion"},{"floor":12.0,"key":"Energy Potion"},{"floor":23,"key":"SteroidPotion"},{"floor":27,"key":"GamblersBrew"},{"floor":28,"key":"Swift Potion"}],"is_trial":false,"path_per_floor":["M","?","M","$","M","R","M","$","T","R","?","M","R","$","R","B",null,"M","?","M","M","$","E","$","R","T","?","M","M","M","E"],"character_chosen":"DEFECT","items_purchased":["Gash","Gash"],"campfire_rested":0,"item_purchase_floors":[4,22],"current_hp_per_floor":[75,75,75,75,75,75,71,71,71,71,60,54,54,54,54,10,82,49,49,59,67,67,40,40,40,40,40,37,37,32,0],"gold":198,"neow_bonus":"RANDOM_COMMON_RELIC","is_prod":false,"is_daily":false,"chose_seed":false,"campfire_upgraded":5,"win_rate":0,"timestamp":1565239105,"path_taken":["M","?","M","$","M","R","?","$","T","R","?","M","R","$","R","BOSS","M","?","M","M","?","E","$","R","T","?","M","M","M","E"],"build_version":"2019-07-17","purchased_purges":2,"victory":false,"max_hp_per_floor":[75,75,75,75,75,75,75,75,75,75,82,82,82,82,82,82,82,82,82,82,82,82,82,82,82,82,82,82,82,82,82],"card_choices":[{"not_picked":["Genetic Algorithm","Go for the Eyes","Ball Lightning"],"picked":"SKIP","floor":1.0},{"not_picked":["Conserve Battery","Static Discharge","FTL"],"picked":"SKIP","floor":3.0},{"not_picked":["BootSequence","Fusion","Blizzard"],"picked":"SKIP","floor":5.0},{"not_picked":["Turbo","Go for the Eyes","Blizzard"],"picked":"SKIP","floor":7.0},{"not_picked":["Reinforced Body","Sweeping Beam","Rebound"],"picked":"SKIP","floor":12.0},{"not_picked":["Ball Lightning","Scrape"],"picked":"Undo+1","floor":18},{"not_picked":["Hologram","Coolheaded","Defragment"],"picked":"SKIP","floor":20},{"not_picked":["Melter","Aggregate","Rip and Tear"],"picked":"SKIP","floor":21},{"not_picked":["Streamline","Stack","BootSequence+1"],"picked":"SKIP","floor":23},{"not_picked":["Blizzard","Coolheaded","Hologram+1"],"picked":"SKIP","floor":28},{"not_picked":["Sweeping Beam","Glacier+1","Steam"],"picked":"SKIP","floor":29},{"not_picked":["Loop+1","Undo","Reprogram"],"picked":"SKIP","floor":30}],"player_experience":517068,"relics_obtained":[{"floor":9.0,"key":"Art of War"},{"floor":23,"key":"Bottled Lightning"},{"floor":26,"key":"Dodecahedron"},{"floor":27,"key":"Red Mask"}],"event_choices":[{"cards_removed":["Strike_B"],"damage_healed":0.0,"max_hp_gain":0.0,"max_hp_loss":0.0,"gold_gain":0.0,"event_name":"Bonfire Elementals","player_choice":"Offered Basic","floor":2.0,"gold_loss":0.0,"damage_taken":0.0},{"damage_healed":0.0,"max_hp_gain":0.0,"max_hp_loss":0.0,"gold_gain":0.0,"event_name":"Scrap Ooze","player_choice":"Success","floor":11.0,"gold_loss":0.0,"damage_taken":18.0,"relics_obtained":["Strawberry"]},{"cards_removed":["Fusion"],"damage_healed":0,"gold_gain":0,"player_choice":"Upgrade and Remove","damage_taken":0,"max_hp_gain":0,"max_hp_loss":0,"event_name":"Designer","floor":19,"gold_loss":90,"cards_upgraded":["Defend_B"]},{"damage_healed":0,"gold_gain":0,"player_choice":"Fought Bandits","damage_taken":0,"max_hp_gain":0,"max_hp_loss":0,"event_name":"Masked Bandits","floor":27,"gold_loss":0}],"is_beta":false,"boss_relics":[{"not_picked":["Busted Crown","Cursed Key"],"picked":"Astrolabe"}],"items_purged_floors":[4,14],"is_endless":false,"potions_floor_spawned":[1,5,12,23,27,28],"killed_by":"Slavers","ascension_level":0}