{"gold_per_floor":[18,18,31,106,106,144,144,158,158,182,182,182,203,129,129,250,250,265,288,304,78,44,44,77,77],"floor_reached":25,"playtime":2759,"items_purged":[],"score":246,"play_id":"bf8cde27-6059-4f62-9517-a6350fb9ded1","local_time":"20190811221512","is_ascension_mode":false,"campfire_choices":[{"floor":7,"key":"REST"},{"floor":12,"key":"REST"},{"data":"Armaments","floor":15,"key":"SMITH"},{"floor":23,"key":"REST"}],"neow_cost":"NO_GOLD","seed_source_timestamp":2519067975849100,"circlet_count":0,"master_deck":["Strike_R","Strike_R","Strike_R","Strike_R","Strike_R","Defend_R","Defend_R","Defend_R","Defend_R","Bash","Cleave+1","Headbutt","Rage","Cleave","Armaments+1","Pommel Strike","Heavy Blade","Flex","Impervious","Heavy Blade+1","Flame Barrier","Clothesline","Infernal Blade","Corruption","Flying Knee"],"relics":["Burning Blood","Golden Idol","StoneCalendar","Magic Flower","White Beast Statue","PrismaticShard","Omamori"],"potions_floor_usage":[16,18,20,20,24,24,25],"damage_taken":[{"damage":5,"enemies":"Small Slimes","floor":1,"turns":6},{"damage":5,"enemies":"2 Louse","floor":3,"turns":2},{"damage":59,"enemies":"Gremlin Nob","floor":6,"turns":6},{"damage":1,"enemies":"Jaw Worm","floor":8,"turns":3},{"damage":9,"enemies":"3 Louse","floor":10,"turns":2},{"damage":16,"enemies":"Lots of Slimes","floor":13,"turns":3},{"damage":5,"enemies":"Slime Boss","floor":16,"turns":7},{"damage":11,"enemies":"Shell Parasite","floor":18,"turns":7},{"damage":9,"enemies":"3 Byrds","floor":19,"turns":4},{"damage":41,"enemies":"Sentry and Sphere","floor":20,"turns":7},{"damage":106,"enemies":"Gremlin Leader","floor":24,"turns":11},{"damage":37,"enemies":"3 Cultists","floor":25,"turns":3}],"seed_played":"1226448153539384561","potions_obtained":[{"floor":1,"key":"Ancient Potion"},{"floor":6,"key":"Weak Potion"},{"floor":10,"key":"Explosive Potion"},{"floor":16,"key":"SpeedPotion"},{"floor":18,"key":"Fire Potion"},{"floor":19,"key":"Poison Potion"},{"floor":20,"key":"BloodPotion"},{"floor":24,"key":"PowerPotion"}],"is_trial":false,"path_per_floor":["M","?","M","?","?","E","R","M","T","M","?","R","M","$","R","B",null,"M","M","M","$","$","R","E","M"],"character_chosen":"IRONCLAD","items_purchased":["Heavy Blade","Flex","PrismaticShard","Infernal Blade","Corruption"],"campfire_rested":3,"item_purchase_floors":[14,14,21,21,22],"current_hp_per_floor":[96,96,96,85,85,32,60,65,65,65,65,93,86,86,86,90,96,94,94,62,62,62,90,29,0],"gold":77,"neow_bonus":"TWENTY_PERCENT_HP_BONUS","is_prod":false,"is_daily":false,"chose_seed":false,"campfire_upgraded":1,"win_rate":0,"timestamp":1565586912,"path_taken":["M","?","M","?","?","E","R","M","T","?","?","R","M","$","R","BOSS","M","M","M","?","$","R","E","M"],"build_version":"2019-07-17","purchased_purges":0,"victory":false,"max_hp_per_floor":[96,96,96,96,96,96,96,96,96,96,96,96,96,96,96,96,96,96,96,96,96,96,96,96,96],"card_choices":[{"not_picked":["Feel No Pain","Body Slam"],"picked":"Cleave","floor":1},{"not_picked":["Perfected Strike","True Grit"],"picked":"Headbutt","floor":3},{"not_picked":["Twin Strike","Rampage"],"picked":"Rage","floor":6},{"not_picked":["Shrug It Off","Headbutt"],"picked":"Cleave","floor":8},{"not_picked":["Iron Wave","Flex"],"picked":"Armaments","floor":10},{"not_picked":["Twin Strike","Warcry"],"picked":"Pommel Strike","floor":13},{"not_picked":["Bludgeon","Juggernaut"],"picked":"Impervious","floor":16},{"not_picked":["Flex","Perfected Strike"],"picked":"Heavy Blade+1","floor":18},{"not_picked":["Feel No Pain","Heavy Blade+1"],"picked":"Flame Barrier","floor":19},{"not_picked":["Warcry","Pommel Strike"],"picked":"Clothesline","floor":20},{"not_picked":["Cold Snap","Secret Technique"],"picked":"Flying Knee","floor":24}],"player_experience":46611,"relics_obtained":[{"floor":6,"key":"StoneCalendar"},{"floor":9,"key":"Magic Flower"},{"floor":24,"key":"Omamori"}],"event_choices":[{"damage_healed":0,"gold_gain":0,"player_choice":"Grow","damage_taken":0,"max_hp_gain":0,"max_hp_loss":0,"event_name":"Living Wall","floor":2,"gold_loss":0,"cards_upgraded":["Cleave"]},{"damage_healed":0,"gold_gain":75,"player_choice":"Gather Gold","damage_taken":11,"max_hp_gain":0,"max_hp_loss":0,"event_name":"World of Goop","floor":4,"gold_loss":0},{"damage_healed":0,"gold_gain":0,"player_choice":"Take Wound","damage_taken":0,"relics_obtained":["Golden Idol"],"max_hp_gain":0,"max_hp_loss":0,"event_name":"Golden Idol","floor":5,"gold_loss":0,"cards_obtained":["Injury"]},{"cards_removed":["Injury"],"damage_healed":0,"gold_gain":0,"player_choice":"Purged","damage_taken":0,"max_hp_gain":0,"max_hp_loss":0,"event_name":"Purifier","floor":11,"gold_loss":0}],"is_beta":false,"boss_relics":[{"not_picked":["Empty Cage","Runic Pyramid"],"picked":"White Beast Statue"}],"items_purged_floors":[],"is_endless":false,"potions_floor_spawned":[1,6,10,16,18,19,20,24],"killed_by":"3 Cultists","ascension_level":0}