{"path_per_floor":["M","M","?","?","M","R","$","R","T","?","E","?","E","M","R","B",null,"M","M","?","?","T","R","E","$","T","E","M","?","E","?","R","B",null,"M","?","?","?","$","R","E","M","T","E","M","R","T","M","R","B"],"character_chosen":"IRONCLAD","items_purchased":["Inflame","Matryoshka","Barricade"],"gold_per_floor":[115,131,131,131,149,149,4,4,30,30,62,162,195,207,207,305,305,324,337,337,337,363,363,394,148,148,178,198,113,148,48,48,144,144,154,154,154,154,75,75,102,121,145,180,194,194,239,252,252,252],"floor_reached":51,"campfire_rested":1,"playtime":3081,"current_hp_per_floor":[72,68,52,52,55,55,55,55,55,55,59,59,55,49,49,37,69,46,48,48,74,74,74,70,70,84,73,74,74,79,79,79,29,85,80,80,80,80,80,80,39,57,59,70,66,66,68,69,114,108],"items_purged":["Strike_R"],"gold":252,"score":922,"play_id":"a8f19fbf-616c-4756-ba79-aa10a1d07b62","local_time":"20180304140626","is_prod":false,"is_daily":false,"is_ascension_mode":true,"campfire_upgraded":5,"timestamp":1520190386,"path_taken":["M","M","?","?","M","R","$","R","T","?","E","?","E","M","R","BOSS","M","M","?","?","?","R","E","$","T","E","M","?","E","?","R","BOSS","M","?","?","?","?","R","E","?","T","E","?","R","?","M","R","BOSS"],"build_version":"2018-03-01-PROD1","purchased_purges":2,"victory":true,"master_deck":["Strike_R+1","Defend_R+1","Defend_R+1","Defend_R+1","Bash+1","Headbutt","Clash","Inflame+1","Shockwave+1","Offering","Entrench+1","Shrug It Off+1","Ghostly Armor+1","J.A.X.+1","Berserk+1","Barricade+1","Uppercut+1","Shrug It Off+1","Shrug It Off+1"],"max_hp_per_floor":[80,80,80,80,80,80,80,80,80,80,80,80,80,80,80,80,80,80,80,80,80,80,80,80,80,94,97,100,100,103,103,103,103,103,106,106,106,106,106,106,108,108,110,110,110,110,112,114,114,114],"relics":["Burning Blood","War Paint","Peace Pipe","Art of War","Velvet Choker","Bag of Marbles","Prayer Wheel","Matryoshka","Meat on the Bone","Mango","Paper Frog","Lantern","Frozen Egg 2","Lizard Tail","Singing Bowl","Bag of Preparation","Oddly Smooth Stone","Omamori","Regal Pillow"],"card_choices":[{"not_picked":["Hemokinesis","Iron Wave"],"picked":"Cleave"},{"not_picked":["Entrench","Power Through"],"picked":"Headbutt"},{"not_picked":["Pommel Strike","Heavy Blade"],"picked":"Clash"},{"not_picked":["Disarm","Heavy Blade"],"picked":"Shockwave"},{"not_picked":["Bludgeon","Dark Embrace"],"picked":"Offering"},{"not_picked":["Heavy Blade","Pommel Strike"],"picked":"Entrench"},{"not_picked":["Rage","Cleave"],"picked":"Feed"},{"not_picked":["Flex","Perfected Strike"],"picked":"Shrug It Off"},{"not_picked":["Perfected Strike","Infernal Blade"],"picked":"Ghostly Armor"},{"not_picked":["Impervious","Immolate"],"picked":"Berserk"},{"not_picked":["Flex","Anger"],"picked":"Uppercut"},{"not_picked":["Burning Pact","Ghostly Armor"],"picked":"Shrug It Off"},{"not_picked":["Heavy Blade","Flex"],"picked":"Shrug It Off"}],"player_experience":378481,"potions_floor_usage":[41,50],"damage_taken":[{"damage":6.0,"enemies":"Cultist","floor":1.0,"turns":4.0},{"damage":10.0,"enemies":"Jaw Worm","floor":2.0,"turns":5.0},{"damage":3.0,"enemies":"2 Louse","floor":5.0,"turns":3.0},{"damage":2.0,"enemies":"3 Sentries","floor":11.0,"turns":3.0},{"damage":10.0,"enemies":"Lagavulin","floor":13.0,"turns":5.0},{"damage":12.0,"enemies":"Exordium Thugs","floor":14.0,"turns":3.0},{"damage":18.0,"enemies":"The Guardian","floor":16.0,"turns":10.0},{"damage":29.0,"enemies":"2 Thieves","floor":18.0,"turns":3.0},{"damage":4.0,"enemies":"3 Byrds","floor":19.0,"turns":4.0},{"damage":10.0,"enemies":"Book of Stabbing","floor":24.0,"turns":5.0},{"damage":20.0,"enemies":"Slavers","floor":27.0,"turns":5.0},{"damage":8.0,"enemies":"Snecko","floor":28.0,"turns":5.0},{"damage":4.0,"enemies":"Gremlin Leader","floor":30.0,"turns":5.0},{"damage":68.0,"enemies":"Collector","floor":33.0,"turns":8.0},{"damage":14.0,"enemies":"3 Shapes","floor":35.0,"turns":4.0},{"damage":61,"enemies":"2 Orb Walkers","floor":41,"turns":5},{"damage":0,"enemies":"Orb Walker","floor":42,"turns":3},{"damage":7,"enemies":"Nemesis","floor":44,"turns":9},{"damage":10,"enemies":"Maw","floor":45,"turns":7},{"damage":7,"enemies":"Sphere and 2 Shapes","floor":48,"turns":9},{"damage":12,"enemies":"Time Eater","floor":50,"turns":17}],"event_choices":[{"event_name":"Shining Light","player_choice":"Entered Light","floor":3.0,"damage_taken":0.0},{"event_name":"The Lab","player_choice":"Got Potions","floor":4.0,"damage_taken":0.0},{"event_name":"The Cleric","player_choice":"Leave","floor":10.0,"damage_taken":0.0},{"event_name":"Wheel of Change","player_choice":"Gold","floor":12.0,"damage_taken":0.0},{"event_name":"Purifier","player_choice":"One Purge","floor":20.0,"damage_taken":0.0},{"event_name":"The Library","player_choice":"Heal","floor":21.0,"damage_taken":0.0},{"event_name":"Addict","player_choice":"Obtained Relic","floor":29.0,"damage_taken":0.0},{"event_name":"Drug Dealer","player_choice":"Got JAXXED","floor":31.0,"damage_taken":0.0},{"event_name":"Tomb of Lord Red Mask","player_choice":"Ignored","floor":36.0,"damage_taken":0.0},{"event_name":"Purifier","player_choice":"One Purge","floor":37.0,"damage_taken":0.0}],"boss_relics":[],"potions_floor_spawned":[2,5,11,16,19,24,27,35,42,45],"seed_played":"1727434914338916474","ascension_level":9,"is_trial":false}