{"gold_per_floor":[112,62,87,87,105,105,119,119,119,119,133,5,24,36,36,133,133,147,147,47,61,80,94,129,141,164,177,177,197,197,211,211,310,310,328,238,250,265,278,278,278,123,169,181,293,27,27,44,44,44],"floor_reached":51,"playtime":3491,"items_purged":["Strike_B","Strike_B","Defend_B"],"score":663,"play_id":"b906ad95-b6b6-4c09-9b17-d8b50b3f46ef","local_time":"20181205123850","is_ascension_mode":false,"campfire_choices":[{"data":"Auto Shields","floor":6,"key":"SMITH"},{"data":"Defend_B","floor":8,"key":"SMITH"},{"data":"Melter","floor":10,"key":"SMITH"},{"data":"Coolheaded","floor":15,"key":"SMITH"},{"data":"Defragment","floor":28,"key":"SMITH"},{"data":"Zap","floor":30,"key":"SMITH"},{"data":"Dualcast","floor":32,"key":"SMITH"},{"data":"Seek","floor":40,"key":"SMITH"},{"data":"Reboot","floor":44,"key":"SMITH"},{"data":"Ball Lightning","floor":47,"key":"SMITH"},{"floor":49,"key":"REST"}],"neow_cost":"NONE","seed_source_timestamp":144591086682062,"circlet_count":0,"master_deck":["Defend_B+1","Defend_B+1","Defend_B+1","Zap+1","Dualcast+1","Ball Lightning+1","Auto Shields+1","Melter+1","Coolheaded+1","Compile Driver","Genetic Algorithm","Electrodynamics+1","BootSequence+1","Chill","Static Discharge+1","Seek+1","Lockon+1","Defragment+1","Conserve Battery+1","Coolheaded+1","Reboot+1","Conserve Battery+1","Parasite","Blizzard","Dark Shackles","Redo+1"],"relics":["Cracked Core","NeowsBlessing","Art of War","Pear","Sozu","MutagenicStrength","Bottled Tornado","Lantern","Runic Dome","Centennial Puzzle","MawBank","FossilizedHelix","Happy Flower"],"potions_floor_usage":[16,24],"damage_taken":[{"damage":0,"enemies":"Small Slimes","floor":1,"turns":1},{"damage":0,"enemies":"Jaw Worm","floor":5,"turns":1},{"damage":0,"enemies":"2 Louse","floor":7,"turns":1},{"damage":0,"enemies":"Exordium Thugs","floor":11,"turns":4},{"damage":7,"enemies":"Gremlin Gang","floor":13,"turns":4},{"damage":3,"enemies":"Red Slaver","floor":14,"turns":3},{"damage":13,"enemies":"Slime Boss","floor":16,"turns":11},{"damage":11,"enemies":"3 Byrds","floor":18,"turns":3},{"damage":0,"enemies":"Shell Parasite","floor":21,"turns":4},{"damage":1,"enemies":"3 Cultists","floor":22,"turns":4},{"damage":0,"enemies":"Cultist and Chosen","floor":23,"turns":6},{"damage":0,"enemies":"Slavers","floor":24,"turns":3},{"damage":6,"enemies":"Shelled Parasite and Fungi","floor":25,"turns":4},{"damage":0,"enemies":"Centurion and Healer","floor":27,"turns":3},{"damage":0,"enemies":"Cultist and Chosen","floor":29,"turns":4},{"damage":3,"enemies":"3 Cultists","floor":31,"turns":3},{"damage":43,"enemies":"Champ","floor":33,"turns":8},{"damage":0,"enemies":"Orb Walker","floor":35,"turns":4},{"damage":5,"enemies":"3 Shapes","floor":37,"turns":3},{"damage":0,"enemies":"Writhing Mass","floor":38,"turns":5},{"damage":15,"enemies":"Transient","floor":39,"turns":5},{"damage":0,"enemies":"Mind Bloom Boss Battle","floor":45,"turns":5},{"damage":0,"enemies":"Sphere and 2 Shapes","floor":48,"turns":3},{"damage":65,"enemies":"Time Eater","floor":50,"turns":11}],"seed_played":"-4768111537443986820","potions_obtained":[{"floor":5,"key":"SkillPotion"},{"floor":13,"key":"Block Potion"},{"floor":14,"key":"FairyPotion"}],"is_trial":false,"path_per_floor":["M","?","T","?","M","R","M","R","T","R","M","$","M","M","R","B",null,"M","?","$","M","M","M","E","M","T","M","R","M","R","M","R","B",null,"M","?","M","M","M","R","?","$","T","R","?","$","R","M","R","B",null],"character_chosen":"DEFECT","items_purchased":["Coolheaded","Centennial Puzzle","Happy Flower"],"campfire_rested":1,"item_purchase_floors":[12,42,46],"current_hp_per_floor":[75,75,75,60,60,60,60,60,70,70,70,70,63,60,60,47,85,74,74,74,74,73,73,73,67,67,67,67,67,67,64,64,21,85,85,85,80,80,65,65,65,65,65,65,65,65,65,65,85,20],"gold":44,"neow_bonus":"THREE_ENEMY_KILL","is_prod":false,"is_daily":false,"chose_seed":false,"campfire_upgraded":10,"win_rate":0.0,"timestamp":1544031530,"path_taken":["M","?","?","?","M","R","M","R","T","R","M","?","M","M","R","BOSS","M","?","?","M","?","M","E","M","T","?","R","M","R","M","R","BOSS","M","?","?","M","M","R","?","?","T","R","?","?","R","M","R","BOSS"],"build_version":"2018-12-05","purchased_purges":3,"victory":true,"max_hp_per_floor":[75,75,75,75,75,75,75,75,85,85,85,85,85,85,85,85,85,85,85,85,85,85,85,85,85,85,85,85,85,85,85,85,85,85,85,85,85,85,85,85,85,85,85,85,85,85,85,85,85,85],"card_choices":[{"not_picked":["Leap","Lockon"],"picked":"Ball Lightning","floor":1},{"not_picked":["Gash","Glacier"],"picked":"Auto Shields","floor":5},{"not_picked":["Self Repair","FTL"],"picked":"Melter","floor":7},{"not_picked":["Gash","Stack","Tempest"],"picked":"SKIP","floor":11},{"not_picked":["Auto Shields","Redo"],"picked":"Compile Driver","floor":13},{"not_picked":["Streamline","Steam"],"picked":"Genetic Algorithm","floor":14},{"not_picked":["Fission","Machine Learning"],"picked":"Electrodynamics","floor":16},{"not_picked":["Force Field","Gash"],"picked":"BootSequence+1","floor":18},{"not_picked":["Cold Snap","Hologram"],"picked":"Chill","floor":21},{"not_picked":["Beam Cell","Gash"],"picked":"Static Discharge+1","floor":22},{"not_picked":["Go for the Eyes","Coolheaded"],"picked":"Seek","floor":23},{"not_picked":["Steam","Reinforced Body"],"picked":"Lockon+1","floor":24},{"not_picked":["Coolheaded","Fusion","Auto Shields"],"picked":"SKIP","floor":25},{"not_picked":["FTL","Static Discharge"],"picked":"Defragment","floor":27},{"not_picked":["Go for the Eyes+1","Gash"],"picked":"Conserve Battery+1","floor":29},{"not_picked":["Darkness","Cold Snap"],"picked":"Coolheaded+1","floor":31},{"not_picked":["Creative AI","Biased Cognition"],"picked":"Reboot","floor":33},{"not_picked":["Beam Cell","Streamline+1","Aggregate"],"picked":"SKIP","floor":35},{"not_picked":["Fusion","Stack"],"picked":"Conserve Battery+1","floor":37},{"not_picked":["Stack","Force Field","BootSequence"],"picked":"SKIP","floor":38},{"not_picked":["Force Field","Self Repair+1"],"picked":"Blizzard","floor":39},{"not_picked":["Finesse","Good Instincts"],"picked":"Dark Shackles","floor":41},{"not_picked":["Multi-Cast","Compile Driver+1"],"picked":"Redo+1","floor":45},{"not_picked":["Steam","Streamline+1","Compile Driver+1"],"picked":"SKIP","floor":48}],"player_experience":521346,"relics_obtained":[{"floor":3,"key":"Art of War"},{"floor":9,"key":"Pear"},{"floor":24,"key":"Bottled Tornado"},{"floor":26,"key":"Lantern"},{"floor":43,"key":"MawBank"},{"floor":45,"key":"FossilizedHelix"}],"event_choices":[{"cards_removed":["Strike_B"],"damage_healed":0,"gold_gain":0,"player_choice":"Card Removal","damage_taken":0,"max_hp_gain":0,"max_hp_loss":0,"event_name":"The Cleric","floor":2,"gold_loss":50},{"damage_healed":0,"gold_gain":0,"player_choice":"Entered Light","damage_taken":15,"max_hp_gain":0,"max_hp_loss":0,"event_name":"Shining Light","floor":4,"gold_loss":0,"cards_upgraded":["Defend_B","Defend_B"]},{"damage_healed":0,"gold_gain":0,"player_choice":"Inject Mutagens","damage_taken":0,"relics_obtained":["MutagenicStrength"],"max_hp_gain":0,"max_hp_loss":0,"event_name":"Drug Dealer","floor":19,"gold_loss":0},{"cards_removed":["Strike_B"],"damage_healed":0,"gold_gain":0,"player_choice":"Upgrade and Remove","damage_taken":0,"max_hp_gain":0,"max_hp_loss":0,"event_name":"Designer","floor":36,"gold_loss":90,"cards_upgraded":["Electrodynamics"]},{"damage_healed":0,"gold_gain":0,"player_choice":"Memory 1","damage_taken":0,"max_hp_gain":0,"max_hp_loss":0,"event_name":"SensoryStone","floor":41,"gold_loss":0},{"damage_healed":0,"gold_gain":0,"player_choice":"Fight","damage_taken":0,"max_hp_gain":0,"max_hp_loss":0,"event_name":"MindBloom","floor":45,"gold_loss":0}],"is_beta":true,"boss_relics":[{"not_picked":["Fusion Hammer","Black Star"],"picked":"Sozu"},{"not_picked":["Astrolabe","Tiny House"],"picked":"Runic Dome"}],"items_purged_floors":[12,20,46],"is_endless":false,"potions_floor_spawned":[5,13,14,18,25,29,31,37,48],"ascension_level":0}