{"gold_per_floor":[10,26,26,101,101,101,114,127,153,328,216,166,166,179,179,302,302,295,295,311,68,84,84,84],"floor_reached":24,"playtime":1958,"items_purged":["Doubt","Strike_G"],"score":205,"play_id":"fbca5f9a-6ed0-4be5-87ba-ff96bbb5a62b","local_time":"20190306230930","is_ascension_mode":true,"campfire_choices":[{"floor":6,"key":"REST"},{"floor":13,"key":"REST"},{"data":"Flying Knee","floor":15,"key":"SMITH"},{"floor":23,"key":"REST"}],"neow_cost":"NO_GOLD","seed_source_timestamp":502393365225655,"circlet_count":0,"master_deck":["Defend_G","Defend_G","Defend_G","Defend_G","Defend_G","Strike_G","Strike_G","Survivor","Neutralize","Well Laid Plans","Outmaneuver","Flying Knee","Backflip","Unload","Infinite Blades","Flying Knee+1","Acrobatics","Noxious Fumes","Predator","Malaise","Prepared+1","A Thousand Cuts","Backflip"],"relics":["Ring of the Snake","Prayer Wheel","Golden Idol","Centennial Puzzle","Cursed Key","Omamori"],"potions_floor_usage":[24],"damage_taken":[{"damage":8,"enemies":"Jaw Worm","floor":1,"turns":6},{"damage":2,"enemies":"2 Louse","floor":2,"turns":4},{"damage":1,"enemies":"Cultist","floor":7,"turns":4},{"damage":9,"enemies":"Blue Slaver","floor":8,"turns":5},{"damage":7,"enemies":"Exordium Wildlife","floor":14,"turns":4},{"damage":45,"enemies":"Hexaghost","floor":16,"turns":10},{"damage":28,"enemies":"2 Thieves","floor":18,"turns":4},{"damage":22,"enemies":"3 Byrds","floor":20,"turns":5},{"damage":19,"enemies":"Sentry and Sphere","floor":22,"turns":5},{"damage":32,"enemies":"Slavers","floor":24,"turns":3}],"seed_played":"-4745205547226788838","potions_obtained":[{"floor":8,"key":"Weak Potion"},{"floor":16,"key":"Strength Potion"},{"floor":18,"key":"Ancient Potion"}],"is_trial":false,"path_per_floor":["M","M","?","?","?","R","M","M","T","?","$","?","R","M","R","B",null,"M","?","M","$","M","R","E"],"character_chosen":"THE_SILENT","items_purchased":["Noxious Fumes","Omamori"],"campfire_rested":3,"item_purchase_floors":[11,21],"current_hp_per_floor":[62,60,43,32,32,53,52,43,43,43,43,43,64,57,57,12,70,42,42,20,20,1,22,0],"gold":84,"neow_bonus":"ONE_RARE_RELIC","is_prod":false,"is_daily":false,"chose_seed":false,"campfire_upgraded":1,"win_rate":0,"timestamp":1551942570,"path_taken":["M","M","?","?","?","R","?","M","T","?","?","?","R","M","R","BOSS","M","?","M","$","M","R","E"],"build_version":"2019-01-23","purchased_purges":2,"victory":false,"max_hp_per_floor":[70,70,70,70,70,70,70,70,70,70,70,70,70,70,70,70,70,70,70,70,70,70,70,70],"card_choices":[{"not_picked":["Dagger Throw","Slice"],"picked":"Well Laid Plans","floor":1},{"not_picked":["Acrobatics","Dagger Spray"],"picked":"Outmaneuver","floor":1},{"not_picked":["Skewer","Tactician"],"picked":"Flying Knee","floor":2},{"not_picked":["Flechettes","Expertise"],"picked":"Backflip","floor":2},{"not_picked":["Caltrops","Setup"],"picked":"Infinite Blades","floor":7},{"not_picked":["Distraction","Deadly Poison"],"picked":"Flying Knee","floor":7},{"not_picked":["Dagger Spray","Prepared"],"picked":"Acrobatics","floor":8},{"not_picked":["Underhanded Strike","Sucker Punch","Outmaneuver"],"picked":"SKIP","floor":8},{"not_picked":["Noxious Fumes","All Out Attack"],"picked":"Predator","floor":14},{"not_picked":["Dagger Spray","Deadly Poison","Slice"],"picked":"SKIP","floor":14},{"not_picked":["Grand Finale","Adrenaline"],"picked":"Malaise","floor":16},{"not_picked":["Slice","Flying Knee"],"picked":"Prepared+1","floor":18},{"not_picked":["Dagger Spray+1","Underhanded Strike","Poisoned Stab"],"picked":"SKIP","floor":18},{"not_picked":["Backflip","Dagger Spray"],"picked":"A Thousand Cuts","floor":20},{"not_picked":["Deadly Poison","Bouncing Flask","Cloak And Dagger+1"],"picked":"SKIP","floor":20},{"not_picked":["Quick Slash","Dash"],"picked":"Backflip","floor":22},{"not_picked":["Dagger Throw","Well Laid Plans","Acrobatics"],"picked":"SKIP","floor":22}],"player_experience":99631,"relics_obtained":[{"floor":9,"key":"Centennial Puzzle"}],"event_choices":[{"damage_healed":0,"gold_gain":0,"player_choice":"Take Damage","damage_taken":17,"relics_obtained":["Golden Idol"],"max_hp_gain":0,"max_hp_loss":0,"event_name":"Golden Idol","floor":3,"gold_loss":0},{"damage_healed":0,"gold_gain":75,"player_choice":"Gather Gold","damage_taken":11,"max_hp_gain":0,"max_hp_loss":0,"event_name":"World of Goop","floor":4,"gold_loss":0},{"damage_healed":0,"gold_gain":0,"cards_transformed":["Strike_G"],"player_choice":"Transformed","damage_taken":0,"max_hp_gain":0,"max_hp_loss":0,"event_name":"Transmorgrifier","floor":5,"gold_loss":0,"cards_obtained":["Unload"]},{"damage_healed":0,"gold_gain":175,"player_choice":"AGREE","damage_taken":0,"max_hp_gain":0,"max_hp_loss":0,"event_name":"Liars Game","floor":10,"gold_loss":0,"cards_obtained":["Doubt"]},{"cards_removed":["Strike_G"],"damage_healed":0,"gold_gain":0,"player_choice":"Card Removal","damage_taken":0,"max_hp_gain":0,"max_hp_loss":0,"event_name":"The Cleric","floor":12,"gold_loss":50},{"damage_healed":0,"gold_gain":0,"player_choice":"Ignored","damage_taken":0,"max_hp_gain":0,"max_hp_loss":0,"event_name":"The Mausoleum","floor":19,"gold_loss":0}],"is_beta":false,"boss_relics":[{"not_picked":["Fusion Hammer","Calling Bell"],"picked":"Cursed Key"}],"items_purged_floors":[11,21],"is_endless":false,"potions_floor_spawned":[8,16,18],"killed_by":"Slavers","ascension_level":2}