{"gold_per_floor":[116,116,140,154,154,154,187,211,237,237,237,237,237,256,256,376,376,399,414,432,8,29,29,45,45,45,84,84,122,39,39,39,139,139,149,76,86,86,86],"floor_reached":39,"playtime":2002,"items_purged":["Strike_B"],"score":629,"play_id":"dbd5dda5-e368-405c-b7cf-89ceff77ae7e","local_time":"20181014144801","is_ascension_mode":true,"campfire_choices":[{"data":"Zap","floor":6,"key":"SMITH"},{"floor":13,"key":"REST"},{"floor":15,"key":"REST"},{"floor":23,"key":"REST"},{"floor":25,"key":"REST"},{"floor":28,"key":"REST"},{"floor":32,"key":"REST"}],"neow_cost":"NONE","seed_source_timestamp":99341757512394,"circlet_count":0,"master_deck":["Strike_B","Strike_B+1","Defend_B","Defend_B","Defend_B","Defend_B","Zap+1","Dualcast+1","AscendersBane","Skim","Cold Snap","Gash","Gash","Coolheaded","Sweeping Beam","Electrodynamics","Tempest","Sunder+1","Gash","Reprogram","Compile Driver","Lockon","Reinforced Body+1","Recycle","Seek","BootSequence","Core Surge","Steam+1","Reinforced Body","Tempest","Coolheaded","Scrape","Madness","Madness"],"relics":["Cracked Core","Pen Nib","Bloody Idol","Bag of Marbles","Blood Vial","Vajra","Fusion Hammer","Pear","Bottled Lightning","Juzu Bracelet","Peace Pipe","Orrery"],"potions_floor_usage":[7,7,22,24,27,33,33,39],"damage_taken":[{"damage":0,"enemies":"Small Slimes","floor":1,"turns":3},{"damage":4,"enemies":"2 Louse","floor":3,"turns":3},{"damage":0,"enemies":"Cultist","floor":4,"turns":3},{"damage":16,"enemies":"Gremlin Nob","floor":7,"turns":3},{"damage":0,"enemies":"Large Slime","floor":8,"turns":4},{"damage":14,"enemies":"3 Louse","floor":14,"turns":2},{"damage":26,"enemies":"The Guardian","floor":16,"turns":10},{"damage":17,"enemies":"2 Thieves","floor":18,"turns":2},{"damage":16,"enemies":"Shell Parasite","floor":19,"turns":4},{"damage":26,"enemies":"Centurion and Healer","floor":20,"turns":4},{"damage":0,"enemies":"3 Cultists","floor":22,"turns":2},{"damage":20,"enemies":"Snake Plant","floor":24,"turns":3},{"damage":18,"enemies":"Gremlin Leader","floor":27,"turns":4},{"damage":48,"enemies":"Book of Stabbing","floor":29,"turns":7},{"damage":44,"enemies":"Automaton","floor":33,"turns":8},{"damage":27,"enemies":"3 Shapes","floor":35,"turns":3},{"damage":1,"enemies":"Orb Walker","floor":37,"turns":2},{"damage":48,"enemies":"Maw","floor":39,"turns":6}],"seed_played":"-8117060523834491978","potions_obtained":[{"floor":1,"key":"Explosive Potion"},{"floor":3,"key":"Fire Potion"},{"floor":4,"key":"Regen Potion"},{"floor":20,"key":"PowerPotion"},{"floor":24,"key":"Poison Potion"},{"floor":29,"key":"FearPotion"},{"floor":37,"key":"PowerPotion"}],"is_trial":false,"path_per_floor":["M","?","M","M","?","R","E","M","T","?","?","?","R","M","R","B",null,"M","M","M","$","M","R","M","R","T","E","R","E","$","?","R","B",null,"M","$","M","?"],"character_chosen":"DEFECT","items_purchased":["Pear","Reprogram","Compile Driver","Recycle","PowerPotion","Scrape"],"campfire_rested":6,"item_purchase_floors":[21,21,21,30,30,36],"current_hp_per_floor":[68,50,46,46,46,46,39,39,39,39,24,21,43,31,53,29,64,49,35,11,21,23,48,30,55,55,39,64,18,18,18,43,6,65,45,45,51,40,0],"gold":86,"neow_bonus":"RANDOM_COMMON_RELIC","is_prod":false,"is_daily":false,"chose_seed":false,"campfire_upgraded":1,"win_rate":0,"timestamp":1539542881,"path_taken":["M","?","M","M","?","R","E","M","T","?","?","?","R","M","R","BOSS","M","M","M","$","M","R","M","R","T","E","R","E","$","?","R","BOSS","M","$","M","?","M"],"build_version":"2018-10-11","purchased_purges":1,"victory":false,"max_hp_per_floor":[75,75,75,75,75,75,75,75,75,75,75,75,75,75,75,75,75,75,75,75,85,85,85,85,85,85,85,85,85,85,85,85,85,85,85,85,85,85,85],"card_choices":[{"not_picked":["Scrape","Chaos"],"picked":"Skim","floor":1},{"not_picked":["Compile Driver","Rebound"],"picked":"Cold Snap","floor":3},{"not_picked":["Sweeping Beam","Cold Snap"],"picked":"Gash","floor":4},{"not_picked":["Doom and Gloom","Chaos"],"picked":"Gash","floor":7},{"not_picked":["Static Discharge","Steam"],"picked":"Coolheaded","floor":8},{"not_picked":["Streamline","Steam"],"picked":"Sweeping Beam","floor":14},{"not_picked":["Reboot","All For One"],"picked":"Electrodynamics","floor":16},{"not_picked":["Go for the Eyes","Hologram+1"],"picked":"Tempest","floor":18},{"not_picked":["Turbo+1","Rebound"],"picked":"Sunder+1","floor":19},{"not_picked":["Coolheaded+1","Barrage"],"picked":"Gash","floor":20},{"not_picked":["Multi-Cast","Compile Driver"],"picked":"Lockon","floor":22},{"not_picked":["Aggregate+1","Streamline"],"picked":"Reinforced Body+1","floor":24},{"not_picked":["Barrage","Fusion+1","Beam Cell"],"picked":"SKIP","floor":27},{"not_picked":["Streamline","Redo","Rip and Tear"],"picked":"SKIP","floor":29},{"not_picked":["Machine Learning","Creative AI"],"picked":"Seek","floor":33},{"not_picked":["Beam Cell","Stack"],"picked":"BootSequence","floor":34},{"not_picked":["Coolheaded","Sweeping Beam"],"picked":"Core Surge","floor":34},{"not_picked":["Cold Snap","White Noise"],"picked":"Steam+1","floor":34},{"not_picked":["Redo","Barrage"],"picked":"Reinforced Body","floor":34},{"not_picked":["Go for the Eyes","Fusion"],"picked":"Tempest","floor":34},{"not_picked":["Buffer","Streamline"],"picked":"Coolheaded","floor":35},{"not_picked":["Static Discharge+1","Turbo","Redo"],"picked":"SKIP","floor":37}],"player_experience":495707,"relics_obtained":[{"floor":7,"key":"Bag of Marbles"},{"floor":9,"key":"Blood Vial"},{"floor":26,"key":"Bottled Lightning"},{"floor":27,"key":"Juzu Bracelet"},{"floor":29,"key":"Peace Pipe"}],"event_choices":[{"event_name":"Golden Idol","player_choice":"Take Damage","floor":2,"damage_taken":0},{"event_name":"Bonfire Elementals","player_choice":"BASIC","floor":5,"damage_taken":0},{"event_name":"Liars Game","player_choice":"disagreed","floor":10,"damage_taken":0},{"event_name":"Shining Light","player_choice":"Entered Light","floor":11,"damage_taken":0},{"event_name":"Scrap Ooze","player_choice":"success","floor":12,"damage_taken":3},{"event_name":"Forgotten Altar","player_choice":"Gave Idol","floor":31,"damage_taken":0},{"event_name":"Winding Halls","player_choice":"Embrace Madness","floor":38,"damage_taken":0}],"is_beta":false,"boss_relics":[{"not_picked":["White Beast Statue","Snecko Eye"],"picked":"Fusion Hammer"},{"not_picked":["Runic Pyramid","Lizard Tail"],"picked":"Orrery"}],"items_purged_floors":[21],"is_endless":false,"potions_floor_spawned":[1,3,4,20,24,29,37],"killed_by":"Maw","ascension_level":10}