{"gold_per_floor":[109,123,137,137,152,152,169,169,169,169,169,182,192,225,225,321,371,386,386,396,495,495,495,507,507,579,592,612,68,68,86,86,184,184,204,27,42,56,56,56,156,156,156,174,174,174,185,204,204,204],"floor_reached":51,"playtime":5667,"items_purged":["Strike_G+1","Defend_G+1"],"score":1060,"play_id":"3323a2ff-eca8-4d17-8481-5a1ec3b89dcd","local_time":"20190810165630","is_ascension_mode":true,"campfire_choices":[{"data":"Dagger Spray","floor":6,"key":"SMITH"},{"data":"Well Laid Plans","floor":8,"key":"SMITH"},{"data":"Neutralize","floor":10,"key":"SMITH"},{"floor":15,"key":"REST"},{"data":"After Image","floor":30,"key":"SMITH"},{"floor":32,"key":"REST"},{"floor":40,"key":"REST"},{"floor":42,"key":"REST"},{"data":"Noxious Fumes","floor":46,"key":"SMITH"},{"floor":49,"key":"REST"}],"neow_cost":"NONE","seed_source_timestamp":407661370623655,"circlet_count":0,"master_deck":["Strike_G+1","Strike_G+1","Defend_G+1","Defend_G+1","Defend_G+1","Defend_G+1","Survivor","Neutralize+1","Quick Slash+1","Dagger Spray+1","Outmaneuver","Well Laid Plans+1","Acrobatics","PiercingWail+1","After Image+1","Backflip+1","A Thousand Cuts","Slice","Prepared+1","Ghostly+1","Ghostly+1","Ghostly+1","Ghostly+1","Ghostly+1","Concentrate+1","Infinite Blades","Deadly Poison+1","Night Terror+1","Noxious Fumes+1","Night Terror+1","Catalyst+1","PanicButton+1","Reflex+1","Calculated Gamble+1","Calculated Gamble+1","Well Laid Plans"],"relics":["Ring of the Serpent","Toxic Egg 2","Pear","Tiny House","Meat on the Bone","Mercury Hourglass","Prayer Wheel","Calipers"],"potions_floor_usage":[14,14,23,23,24,33,35,47],"damage_taken":[{"damage":2,"enemies":"Cultist","floor":1,"turns":5},{"damage":3,"enemies":"Jaw Worm","floor":2,"turns":4},{"damage":1,"enemies":"Small Slimes","floor":3,"turns":3},{"damage":13,"enemies":"Exordium Wildlife","floor":5,"turns":6},{"damage":2,"enemies":"3 Louse","floor":7,"turns":4},{"damage":7,"enemies":"Large Slime","floor":12,"turns":5},{"damage":5,"enemies":"2 Fungi Beasts","floor":13,"turns":3},{"damage":5,"enemies":"Gremlin Nob","floor":14,"turns":4},{"damage":27,"enemies":"Hexaghost","floor":16,"turns":16},{"damage":0,"enemies":"Chosen","floor":18,"turns":6},{"damage":0,"enemies":"Shell Parasite","floor":20,"turns":9},{"damage":0,"enemies":"Slavers","floor":23,"turns":4},{"damage":12,"enemies":"Centurion and Healer","floor":24,"turns":14},{"damage":7,"enemies":"Snecko","floor":27,"turns":6},{"damage":2,"enemies":"Snake Plant","floor":28,"turns":7},{"damage":1,"enemies":"Cultist and Chosen","floor":31,"turns":9},{"damage":0,"enemies":"Collector","floor":33,"turns":10},{"damage":1,"enemies":"Orb Walker","floor":35,"turns":6},{"damage":1,"enemies":"3 Shapes","floor":37,"turns":6},{"damage":19,"enemies":"Spire Growth","floor":38,"turns":5},{"damage":6,"enemies":"Mind Bloom Boss Battle","floor":41,"turns":10},{"damage":6,"enemies":"Transient","floor":44,"turns":5},{"damage":2,"enemies":"4 Shapes","floor":47,"turns":6},{"damage":2,"enemies":"Writhing Mass","floor":48,"turns":6},{"damage":0,"enemies":"Donu and Deca","floor":50,"turns":11}],"seed_played":"-2048058117595731750","potions_obtained":[{"floor":1,"key":"Swift Potion"},{"floor":12,"key":"EssenceOfSteel"},{"floor":14,"key":"LiquidBronze"},{"floor":17,"key":"SmokeBomb"},{"floor":20,"key":"SteroidPotion"},{"floor":27,"key":"SpeedPotion"},{"floor":31,"key":"LiquidBronze"},{"floor":33,"key":"Swift Potion"},{"floor":35,"key":"Strength Potion"},{"floor":41,"key":"Block Potion"},{"floor":47,"key":"Dexterity Potion"}],"is_trial":false,"path_per_floor":["M","M","M","?","M","R","M","R","T","R","?","M","M","E","R","B",null,"M","?","M","?","?","E","M","?","T","M","M","$","R","M","R","B",null,"M","$","M","M","?","R","?","R","T","M","?","R","M","M","R","B",null],"character_chosen":"THE_SILENT","items_purchased":["Night Terror+1","Noxious Fumes","Mercury Hourglass","GhostInAJar"],"campfire_rested":5,"item_purchase_floors":[29,29,29,36],"current_hp_per_floor":[61,58,57,62,49,49,47,47,47,47,47,40,35,40,65,38,78,78,45,45,45,39,39,27,27,27,32,30,30,30,29,44,44,49,48,48,47,28,28,43,37,50,50,44,44,44,42,40,50,50],"gold":204,"neow_bonus":"REMOVE_CARD","is_prod":false,"is_daily":false,"chose_seed":false,"campfire_upgraded":5,"win_rate":0,"timestamp":1565481390,"path_taken":["M","M","M","?","M","R","M","R","T","R","?","M","?","E","R","BOSS","M","?","M","?","?","E","?","?","T","M","M","$","R","M","R","BOSS","M","$","M","M","?","R","?","R","T","M","?","R","M","M","R","BOSS"],"build_version":"2019-07-17","purchased_purges":2,"victory":true,"max_hp_per_floor":[70,70,70,75,75,75,75,75,75,75,75,75,75,85,85,85,90,90,45,45,45,50,50,50,50,50,50,50,50,50,50,50,50,50,50,50,50,50,50,50,50,50,50,50,50,50,50,50,50,50],"card_choices":[{"not_picked":["Well Laid Plans","Dagger Throw"],"picked":"Quick Slash","floor":1},{"not_picked":["Flying Knee","Acrobatics"],"picked":"Dagger Spray","floor":2},{"not_picked":["Flying Knee","PiercingWail"],"picked":"Outmaneuver","floor":3},{"not_picked":["Bouncing Flask","Acrobatics"],"picked":"Well Laid Plans","floor":5},{"not_picked":["Terror","Flying Knee"],"picked":"Acrobatics","floor":7},{"not_picked":["Riddle With Holes","Quick Slash"],"picked":"PiercingWail+1","floor":12},{"not_picked":["Finisher","Distraction+1"],"picked":"After Image","floor":13},{"not_picked":["Leg Sweep+1","Skewer"],"picked":"Backflip+1","floor":14},{"not_picked":["Doppelganger+1","Envenom"],"picked":"A Thousand Cuts","floor":16},{"not_picked":["PiercingWail+1","Flying Knee"],"picked":"Slice","floor":17},{"not_picked":["Crippling Poison+1","Terror+1"],"picked":"Prepared+1","floor":18},{"not_picked":["Phantasmal Killer+1","Infinite Blades"],"picked":"Concentrate+1","floor":20},{"not_picked":["Underhanded Strike","Bane"],"picked":"Infinite Blades","floor":24},{"not_picked":["Slice","PiercingWail+1"],"picked":"Deadly Poison+1","floor":27},{"not_picked":["Acrobatics+1","Dagger Throw","Flying Knee"],"picked":"SKIP","floor":28},{"not_picked":["PiercingWail+1","Tools of the Trade","Accuracy"],"picked":"SKIP","floor":31},{"not_picked":["Wraith Form v2","Unload"],"picked":"Night Terror+1","floor":33},{"not_picked":["Slice+1","Dash","Dagger Throw"],"picked":"SKIP","floor":35},{"not_picked":["Choke+1","Leg Sweep+1"],"picked":"Catalyst+1","floor":37},{"not_picked":["Catalyst+1","Deflect+1","Quick Slash+1"],"picked":"SKIP","floor":38},{"not_picked":["Bandage Up+1","Panacea+1"],"picked":"PanicButton+1","floor":39},{"not_picked":["Eviscerate","Slice"],"picked":"Reflex+1","floor":41},{"not_picked":["Footwork","Dagger Spray"],"picked":"Calculated Gamble+1","floor":44},{"not_picked":["Setup+1","Flechettes+1","Dagger Spray+1"],"picked":"SKIP","floor":44},{"not_picked":["Accuracy","Masterful Stab","Eviscerate+1"],"picked":"SKIP","floor":47},{"not_picked":["Quick Slash+1","Dagger Throw+1","Choke"],"picked":"SKIP","floor":47},{"not_picked":["Sucker Punch+1","Bane+1"],"picked":"Calculated Gamble+1","floor":48},{"not_picked":["Dash+1","Bane"],"picked":"Well Laid Plans","floor":48}],"player_experience":271722,"relics_obtained":[{"floor":9,"key":"Toxic Egg 2"},{"floor":14,"key":"Pear"},{"floor":26,"key":"Meat on the Bone"},{"floor":41,"key":"Prayer Wheel"},{"floor":43,"key":"Calipers"}],"event_choices":[{"damage_healed":0,"gold_gain":0,"player_choice":"Donut","damage_taken":0,"max_hp_gain":5,"max_hp_loss":0,"event_name":"Big Fish","floor":4,"gold_loss":0},{"damage_healed":0,"gold_gain":0,"player_choice":"Upgraded","damage_taken":0,"max_hp_gain":0,"max_hp_loss":0,"event_name":"Upgrade Shrine","floor":11,"gold_loss":0,"cards_upgraded":["Quick Slash"]},{"damage_healed":0,"gold_gain":0,"player_choice":"Became a Ghost","damage_taken":0,"max_hp_gain":0,"max_hp_loss":45,"event_name":"Ghosts","floor":19,"gold_loss":0,"cards_obtained":["Ghostly","Ghostly","Ghostly","Ghostly","Ghostly"]},{"damage_healed":0,"gold_gain":99,"player_choice":"Stole From Cult","damage_taken":0,"max_hp_gain":0,"max_hp_loss":0,"event_name":"Nest","floor":21,"gold_loss":0},{"damage_healed":0,"gold_gain":0,"player_choice":"Shed Blood","damage_taken":11,"max_hp_gain":5,"max_hp_loss":0,"event_name":"Forgotten Altar","floor":22,"gold_loss":0},{"damage_healed":0,"gold_gain":0,"player_choice":"Simplicity","damage_taken":0,"max_hp_gain":0,"max_hp_loss":0,"event_name":"Back to Basics","floor":25,"gold_loss":0,"cards_upgraded":["Strike_G","Strike_G","Strike_G","Defend_G","Defend_G","Defend_G","Defend_G","Defend_G"]},{"damage_healed":0,"gold_gain":0,"player_choice":"Memory 1","damage_taken":0,"max_hp_gain":0,"max_hp_loss":0,"event_name":"SensoryStone","floor":39,"gold_loss":0},{"damage_healed":0,"gold_gain":0,"player_choice":"Fight","damage_taken":0,"max_hp_gain":0,"max_hp_loss":0,"event_name":"MindBloom","floor":41,"gold_loss":0},{"cards_removed":["Strike_G"],"damage_healed":0,"gold_gain":0,"player_choice":"Removed Attack","damage_taken":0,"max_hp_gain":0,"max_hp_loss":0,"event_name":"Falling","floor":45,"gold_loss":0}],"is_beta":false,"boss_relics":[{"not_picked":["Velvet Choker","Sozu"],"picked":"Tiny House"},{"not_picked":["Snecko Eye","Black Star"],"picked":"Ring of the Serpent"}],"items_purged_floors":[29,36],"is_endless":false,"potions_floor_spawned":[1,12,14,20,27,31,33,35,41,47],"ascension_level":7}