{"gold_per_floor":[111,124,49,62,77,103,103,116,116,141,141,153,183,193,193,291,291,311,324,143,143,170,170,196,196,196,208,237,252,276,288,288,389,389,408,286,303,525,542,542,542,569,569,569],"floor_reached":44,"playtime":5723,"items_purged":["Strike_R","Strike_R","Bash"],"score":675,"play_id":"c2581e75-b26a-4f0f-93ce-ec2b1467dc4c","local_time":"20180927165020","is_ascension_mode":true,"campfire_choices":[{"data":"True Grit","floor":7.0,"key":"SMITH"},{"data":"Body Slam","floor":11.0,"key":"SMITH"},{"data":"Rampage","floor":15.0,"key":"SMITH"},{"data":"Entrench","floor":23,"key":"SMITH"},{"floor":25,"key":"DIG"},{"data":"Shrug It Off","floor":32,"key":"SMITH"},{"floor":40,"key":"DIG"}],"neow_cost":"NONE","seed_source_timestamp":0,"circlet_count":0,"master_deck":["Defend_R","Defend_R","Defend_R","Defend_R","Twin Strike","Body Slam+1","True Grit+1","Rampage+1","Battle Trance","Metallicize","Shrug It Off+1","Cleave","Thunderclap","Demon Form","Entrench+1","Bite","Bite","Bite","Bite","Bite","Disarm","Shrug It Off","Limit Break","Feel No Pain","Shrug It Off+1"],"special_seed":0,"relics":["Burning Blood","Bronze Scales","Shovel","Matryoshka","Pocketwatch","Velvet Choker","Red Mask","Smiling Mask","Bottled Lightning","Bag of Marbles","Pantograph","Art of War","Boot","Letter Opener","Fusion Hammer","WingedGreaves","Peace Pipe","Blue Candle"],"potions_floor_usage":[19,22,28,31,35,42,42],"damage_taken":[{"damage":6.0,"enemies":"Cultist","floor":1.0,"turns":4.0},{"damage":0.0,"enemies":"Small Slimes","floor":2.0,"turns":3.0},{"damage":0.0,"enemies":"Jaw Worm","floor":4.0,"turns":3.0},{"damage":0.0,"enemies":"Large Slime","floor":5.0,"turns":5.0},{"damage":14.0,"enemies":"Gremlin Nob","floor":6.0,"turns":4.0},{"damage":0.0,"enemies":"Blue Slaver","floor":8.0,"turns":4.0},{"damage":16.0,"enemies":"3 Sentries","floor":10.0,"turns":7.0},{"damage":8.0,"enemies":"Looter","floor":12.0,"turns":3.0},{"damage":12.0,"enemies":"Lagavulin","floor":13.0,"turns":7.0},{"damage":0.0,"enemies":"2 Fungi Beasts","floor":14.0,"turns":2.0},{"damage":21.0,"enemies":"Slime Boss","floor":16.0,"turns":8.0},{"damage":2.0,"enemies":"Shell Parasite","floor":18.0,"turns":3.0},{"damage":15,"enemies":"Spheric Guardian","floor":19,"turns":5},{"damage":17,"enemies":"Masked Bandits","floor":22,"turns":3},{"damage":17,"enemies":"Book of Stabbing","floor":24,"turns":6},{"damage":5,"enemies":"Centurion and Healer","floor":27,"turns":6},{"damage":12,"enemies":"Gremlin Leader","floor":28,"turns":7},{"damage":2,"enemies":"3 Cultists","floor":29,"turns":5},{"damage":10,"enemies":"Snake Plant","floor":31,"turns":3},{"damage":48,"enemies":"Automaton","floor":33,"turns":9},{"damage":0,"enemies":"Orb Walker","floor":35,"turns":3},{"damage":25,"enemies":"3 Shapes","floor":37,"turns":6},{"damage":6,"enemies":"Maw","floor":39,"turns":8},{"damage":31,"enemies":"2 Orb Walkers","floor":42,"turns":5},{"damage":57,"enemies":"Nemesis","floor":44,"turns":6}],"seed_played":"2204929251841046027","potions_obtained":[{"floor":0.0,"key":"Fire Potion"},{"floor":0.0,"key":"Energy Potion"},{"floor":0.0,"key":"BloodPotion"},{"floor":2.0,"key":"Block Potion"},{"floor":4.0,"key":"PowerPotion"},{"floor":10.0,"key":"SpeedPotion"},{"floor":13.0,"key":"Explosive Potion"},{"floor":16.0,"key":"SkillPotion"},{"floor":19,"key":"PowerPotion"},{"floor":24,"key":"SkillPotion"},{"floor":27,"key":"PowerPotion"},{"floor":31,"key":"SneckoOil"},{"floor":33,"key":"LiquidBronze"},{"floor":35,"key":"SpeedPotion"},{"floor":37,"key":"Fire Potion"}],"is_trial":false,"path_per_floor":["M","M","$","M","M","E","R","M","T","E","R","M","E","M","R","B",null,"M","M","$","?","?","R","E","R","T","M","E","M","T","M","R","B",null,"M","$","M","?","M","R","?","E","T"],"character_chosen":"IRONCLAD","items_purchased":["Entrench","Feel No Pain"],"campfire_rested":0,"item_purchase_floors":[20,36],"current_hp_per_floor":[72,78,78,80,80,72,72,78,78,68,68,66,60,66,66,51,73,77,68,68,56,53,53,48,48,48,56,56,56,56,56,56,20,47,56,56,47,47,56,56,53,38,38,0],"gold":569,"neow_bonus":"THREE_SMALL_POTIONS","is_prod":false,"is_daily":false,"chose_seed":false,"campfire_upgraded":5,"win_rate":0,"timestamp":1538081420,"path_taken":["M","?","?","?","M","E","R","M","T","E","R","M","E","M","R","BOSS","M","M","$","?","?","R","E","R","T","M","E","M","?","M","R","BOSS","M","$","M","?","?","R","?","E","T","E"],"build_version":"2018-09-20","purchased_purges":3,"victory":false,"max_hp_per_floor":[80,80,80,80,80,80,80,80,80,80,80,80,80,80,80,80,80,80,80,80,56,56,56,56,56,56,56,56,56,56,56,56,56,56,56,56,56,56,56,56,53,53,53,53],"card_choices":[{"not_picked":["Perfected Strike","Shrug It Off"],"picked":"Twin Strike","floor":1.0},{"not_picked":["Thunderclap","Ghostly Armor"],"picked":"Body Slam","floor":2.0},{"not_picked":["Perfected Strike","Twin Strike"],"picked":"True Grit","floor":4.0},{"not_picked":["Iron Wave","Twin Strike"],"picked":"Rampage","floor":5.0},{"not_picked":["Pommel Strike","Exhume"],"picked":"Battle Trance","floor":6.0},{"not_picked":["Wild Strike","True Grit","Blood for Blood"],"picked":"SKIP","floor":8.0},{"not_picked":["Flex","Rage"],"picked":"Metallicize","floor":10.0},{"not_picked":["Feel No Pain","Metallicize"],"picked":"Shrug It Off","floor":12.0},{"not_picked":["Clash","Havoc"],"picked":"Cleave","floor":13.0},{"not_picked":["Bloodletting","Wild Strike"],"picked":"Thunderclap","floor":14.0},{"not_picked":["Juggernaut","Berserk"],"picked":"Demon Form","floor":16.0},{"not_picked":["Armaments","Intimidate","Flame Barrier"],"picked":"SKIP","floor":18.0},{"not_picked":["Perfected Strike","Clash+1","Metallicize"],"picked":"SKIP","floor":19},{"not_picked":["Burning Pact","Sever Soul"],"picked":"Disarm","floor":22},{"not_picked":["Body Slam","Seeing Red","Armaments"],"picked":"SKIP","floor":24},{"not_picked":["Immolate","Thunderclap+1","Clothesline"],"picked":"SKIP","floor":27},{"not_picked":["Wild Strike+1","Havoc","Inflame+1"],"picked":"SKIP","floor":28},{"not_picked":["Carnage","Cleave+1","Perfected Strike"],"picked":"SKIP","floor":29},{"not_picked":["Cleave+1","Anger+1"],"picked":"Shrug It Off","floor":31},{"not_picked":["Demon Form","Bludgeon"],"picked":"Limit Break","floor":33},{"not_picked":["Sentinel+1","Iron Wave+1","Ghostly Armor"],"picked":"SKIP","floor":35},{"not_picked":["Perfected Strike","Corruption+1","Sword Boomerang"],"picked":"SKIP","floor":37},{"not_picked":["Perfected Strike","Dropkick+1","Cleave"],"picked":"SKIP","floor":39},{"not_picked":["Hemokinesis+1","Barricade"],"picked":"Shrug It Off+1","floor":42}],"player_experience":406710,"relics_obtained":[{"floor":6.0,"key":"Bronze Scales"},{"floor":9.0,"key":"Shovel"},{"floor":10.0,"key":"Matryoshka"},{"floor":13.0,"key":"Pocketwatch"},{"floor":22,"key":"Red Mask"},{"floor":24,"key":"Smiling Mask"},{"floor":25,"key":"Bottled Lightning"},{"floor":26,"key":"Bag of Marbles"},{"floor":26,"key":"Pantograph"},{"floor":28,"key":"Art of War"},{"floor":30,"key":"Boot"},{"floor":30,"key":"Letter Opener"},{"floor":40,"key":"WingedGreaves"},{"floor":42,"key":"Peace Pipe"},{"floor":43,"key":"Blue Candle"}],"event_choices":[{"event_name":"Vampires","player_choice":"Became a vampire","floor":21,"damage_taken":0},{"event_name":"Masked Bandits","player_choice":"Fought Bandits","floor":22,"damage_taken":0},{"event_name":"Tomb of Lord Red Mask","player_choice":"Wore Mask","floor":38,"damage_taken":0},{"event_name":"Winding Halls","player_choice":"Max HP","floor":41,"damage_taken":0}],"is_beta":false,"boss_relics":[{"not_picked":["Pandora\u0027s Box","Ectoplasm"],"picked":"Velvet Choker"},{"not_picked":["Snecko Eye","Runic Pyramid"],"picked":"Fusion Hammer"}],"items_purged_floors":[3,20,36],"is_endless":false,"potions_floor_spawned":[2,4,10,13,16,19,24,27,31,33,35,37],"killed_by":"Nemesis","ascension_level":6}