{"gold_per_floor":[116,131,142,142,157,157,189,189,489,5,5,30,70,95,95,224,224,238,238,251,139,139,182,198,229,256,296,314,314,389,410,410,536,536,550,148,148,173,193,193,217,217,240,256,289,289,302,333,345,357],"floor_reached":51,"playtime":7039,"items_purged":[],"score":1004,"play_id":"d4c49c34-615e-4012-893e-ac250b1c7b3c","local_time":"20190705193553","is_ascension_mode":false,"campfire_choices":[{"data":"Zap","floor":6,"key":"SMITH"},{"data":"Consume","floor":8,"key":"SMITH"},{"data":"Coolheaded","floor":15,"key":"SMITH"},{"data":"Chaos","floor":29,"key":"SMITH"},{"data":"Coolheaded","floor":32,"key":"SMITH"},{"data":"Coolheaded","floor":40,"key":"SMITH"},{"data":"Coolheaded","floor":42,"key":"SMITH"},{"data":"Zap","floor":46,"key":"SMITH"},{"data":"Aggregate","floor":49,"key":"SMITH"}],"neow_cost":"NONE","seed_source_timestamp":0,"circlet_count":0,"master_deck":["Strike_B","Strike_B","Strike_B","Defend_B","Defend_B","Defend_B","Zap+1","Dualcast","Coolheaded+1","Cold Snap","Stack","Stack","Bandage Up","Zap+1","Stack","Consume+1","Self Repair+1","Steam","Coolheaded+1","Go for the Eyes","Capacitor+1","BootSequence","Compile Driver","Creative AI+1","BootSequence+1","Defragment+1","Double Energy","Heatsinks+1","Defragment+1","Chaos+1","Tempest+1","Compile Driver+1","Coolheaded+1","FTL+1","Biased Cognition+1","Redo+1","Electrodynamics+1","Aggregate+1","Coolheaded+1","Parasite","Stack+1","Doubt","Self Repair+1","Storm+1","Doom and Gloom+1","Creative AI+1"],"special_seed":0,"relics":["Cracked Core","Frozen Egg 2","Old Coin","Bag of Preparation","PreservedInsect","Golden Idol","Gambling Chip","Sozu","Gremlin Horn","Boot","Blood Vial","Molten Egg 2","Cursed Key","Mummified Hand","Juzu Bracelet","Bag of Marbles","MawBank"],"potions_floor_usage":[7,25,50,50],"damage_taken":[{"damage":0,"enemies":"Cultist","floor":1,"turns":3},{"damage":10,"enemies":"Small Slimes","floor":2,"turns":3},{"damage":2,"enemies":"Jaw Worm","floor":3,"turns":6},{"damage":5,"enemies":"Exordium Thugs","floor":5,"turns":5},{"damage":10,"enemies":"3 Sentries","floor":7,"turns":9},{"damage":0,"enemies":"2 Fungi Beasts","floor":12,"turns":4},{"damage":0,"enemies":"Lagavulin","floor":13,"turns":6},{"damage":0,"enemies":"Lots of Slimes","floor":14,"turns":4},{"damage":20,"enemies":"Hexaghost","floor":16,"turns":11},{"damage":20,"enemies":"Spheric Guardian","floor":18,"turns":4},{"damage":0,"enemies":"Chosen","floor":20,"turns":5},{"damage":0,"enemies":"Book of Stabbing","floor":23,"turns":5},{"damage":0,"enemies":"Centurion and Healer","floor":24,"turns":5},{"damage":6,"enemies":"Slavers","floor":25,"turns":6},{"damage":27,"enemies":"Book of Stabbing","floor":27,"turns":5},{"damage":13,"enemies":"Snake Plant","floor":28,"turns":4},{"damage":0,"enemies":"Shelled Parasite and Fungi","floor":31,"turns":4},{"damage":4,"enemies":"Automaton","floor":33,"turns":8},{"damage":0,"enemies":"3 Darklings","floor":35,"turns":3},{"damage":0,"enemies":"3 Shapes","floor":38,"turns":1},{"damage":21,"enemies":"Spire Growth","floor":39,"turns":3},{"damage":0,"enemies":"Writhing Mass","floor":41,"turns":4},{"damage":0,"enemies":"4 Shapes","floor":44,"turns":1},{"damage":0,"enemies":"Reptomancer","floor":45,"turns":2},{"damage":0,"enemies":"Maw","floor":47,"turns":5},{"damage":0,"enemies":"Giant Head","floor":48,"turns":3},{"damage":0,"enemies":"Awakened One","floor":50,"turns":5}],"seed_played":"-3338599405037877445","potions_obtained":[{"floor":1,"key":"Dexterity Potion"},{"floor":2,"key":"LiquidBronze"},{"floor":13,"key":"Energy Potion"},{"floor":16,"key":"FearPotion"}],"is_trial":false,"path_per_floor":["M","M","M","?","M","R","E","R","T","$","?","M","E","M","R","B",null,"M","?","M","$","$","E","M","E","T","E","M","R","?","M","R","B",null,"M","$","?","M","M","R","M","R","T","M","E","R","M","E","R","B",null],"character_chosen":"DEFECT","items_purchased":["Self Repair+1","Bag of Preparation","PreservedInsect","Steam","Coolheaded","Go for the Eyes","Defragment+1","Chaos","Mummified Hand","Electrodynamics+1"],"campfire_rested":0,"item_purchase_floors":[10,10,10,10,10,10,21,21,36,36],"current_hp_per_floor":[82,72,70,70,69,69,63,63,63,63,43,57,71,75,75,69,82,72,72,82,82,82,82,82,82,82,65,68,68,60,76,76,82,82,82,82,78,78,67,67,78,78,78,78,78,78,78,78,78,78],"gold":369,"neow_bonus":"TEN_PERCENT_HP_BONUS","is_prod":false,"is_daily":false,"chose_seed":false,"campfire_upgraded":9,"win_rate":0.0,"timestamp":1562369753,"path_taken":["M","M","M","?","?","R","E","R","T","$","?","M","E","M","R","BOSS","M","?","M","?","$","E","M","E","T","E","M","R","?","?","R","BOSS","M","$","?","M","M","R","M","R","T","M","E","R","M","E","R","BOSS"],"build_version":"2019-07-05","purchased_purges":0,"victory":true,"max_hp_per_floor":[82,82,82,82,82,82,82,82,82,82,82,82,82,82,82,82,82,82,82,82,82,82,82,82,82,82,82,82,82,82,82,82,82,82,82,82,78,78,78,78,78,78,78,78,78,78,78,78,78,78],"card_choices":[{"not_picked":["Gash","Hologram"],"picked":"Coolheaded","floor":1},{"not_picked":["Rip and Tear","Gash"],"picked":"Cold Snap","floor":2},{"not_picked":["Lockon","Streamline"],"picked":"Stack","floor":3},{"not_picked":["Gash","White Noise"],"picked":"Stack","floor":5},{"not_picked":["Skim","Hologram"],"picked":"Consume","floor":7},{"not_picked":["Gash","Beam Cell"],"picked":"Capacitor+1","floor":12},{"not_picked":["Multi-Cast","Streamline"],"picked":"BootSequence","floor":13},{"not_picked":["Go for the Eyes","Genetic Algorithm"],"picked":"Compile Driver","floor":14},{"not_picked":["Thunder Strike","Buffer+1"],"picked":"Creative AI+1","floor":16},{"not_picked":["Skim","Storm+1"],"picked":"BootSequence+1","floor":18},{"not_picked":["Cold Snap","Leap"],"picked":"Heatsinks+1","floor":20},{"not_picked":["Cold Snap","FTL","Leap+1"],"picked":"SKIP","floor":23},{"not_picked":["Rip and Tear","Ball Lightning","Leap"],"picked":"SKIP","floor":24},{"not_picked":["Stack","Reprogram"],"picked":"Tempest+1","floor":25},{"not_picked":["Leap","Ball Lightning"],"picked":"Compile Driver","floor":27},{"not_picked":["Leap+1","Streamline+1"],"picked":"Coolheaded","floor":28},{"not_picked":["Ball Lightning+1","Barrage+1"],"picked":"FTL+1","floor":31},{"not_picked":["All For One+1","Machine Learning+1"],"picked":"Biased Cognition+1","floor":33},{"not_picked":["Static Discharge+1","Auto Shields+1"],"picked":"Redo+1","floor":35},{"not_picked":["Genetic Algorithm+1","Lockon+1"],"picked":"Aggregate","floor":38},{"not_picked":["Cold Snap+1","Leap+1"],"picked":"Coolheaded","floor":39},{"not_picked":["Conserve Battery","Aggregate"],"picked":"Stack+1","floor":41},{"not_picked":["Cold Snap+1","Skim+1"],"picked":"Self Repair+1","floor":44},{"not_picked":["Streamline+1","Tempest+1"],"picked":"Storm+1","floor":45},{"not_picked":["Ball Lightning+1","Leap+1"],"picked":"Doom and Gloom+1","floor":47},{"not_picked":["Barrage+1","Reprogram+1"],"picked":"Creative AI+1","floor":48}],"player_experience":533148,"relics_obtained":[{"floor":7,"key":"Frozen Egg 2"},{"floor":9,"key":"Old Coin"},{"floor":13,"key":"Gambling Chip"},{"floor":23,"key":"Gremlin Horn"},{"floor":25,"key":"Boot"},{"floor":26,"key":"Blood Vial"},{"floor":27,"key":"Molten Egg 2"},{"floor":43,"key":"Juzu Bracelet"},{"floor":45,"key":"Bag of Marbles"},{"floor":48,"key":"MawBank"}],"event_choices":[{"damage_healed":0,"gold_gain":0,"player_choice":"3 cards matched","damage_taken":0,"max_hp_gain":0,"max_hp_loss":0,"event_name":"Match and Keep!","floor":4,"gold_loss":0,"cards_obtained":["Stack","Bandage Up","Zap"]},{"damage_healed":0,"gold_gain":0,"player_choice":"Take Damage","damage_taken":20,"relics_obtained":["Golden Idol"],"max_hp_gain":0,"max_hp_loss":0,"event_name":"Golden Idol","floor":11,"gold_loss":0},{"damage_healed":0,"gold_gain":0,"cards_transformed":["Strike_B","Defend_B"],"player_choice":"Became Test Subject","damage_taken":0,"max_hp_gain":0,"max_hp_loss":0,"event_name":"Drug Dealer","floor":19,"gold_loss":0,"cards_obtained":["Defragment","Double Energy"]},{"damage_healed":0,"gold_gain":75,"player_choice":"Touch","damage_taken":8,"max_hp_gain":0,"max_hp_loss":0,"event_name":"FaceTrader","floor":30,"gold_loss":0},{"damage_healed":0,"gold_gain":0,"player_choice":"Max HP","damage_taken":0,"max_hp_gain":0,"max_hp_loss":4,"event_name":"Winding Halls","floor":37,"gold_loss":0}],"is_beta":false,"boss_relics":[{"not_picked":["FrozenCore","Fusion Hammer"],"picked":"Sozu"},{"not_picked":["Pandora\u0027s Box","Lizard Tail"],"picked":"Cursed Key"}],"items_purged_floors":[],"is_endless":false,"potions_floor_spawned":[1,2,13,16,18,24,28,31,35,44,47,48],"ascension_level":0}