{"path_per_floor":["M","T","M","?","?","R","E","R","T","?","T","E","M","M","R","B",null,"M","?","?","?","M","R","?","M","T","M","E","M","R","M","R","B",null,"M","?","$","M","$","R","E","M","T","R","?","?","?","?","R"],"character_chosen":"IRONCLAD","items_purchased":["Flex"],"gold_per_floor":[99,99,99,99,99,99,99,99,99,99,99,99,99,99,99,99,99,69,69,69,69,69,69,69,69,69,69,69,69,69,69,69,69,69,69,69,43,43,43,43,43,43,43,43,43,43,43,43,43],"floor_reached":50,"campfire_rested":4,"playtime":866,"current_hp_per_floor":[80,80,74,58,58,58,50,50,50,50,50,50,50,35,57,31,74,72,72,72,56,46,46,46,49,49,42,40,13,37,25,49,31,84,43,71,71,41,41,69,25,44,44,44,87,87,87,87,87],"items_purged":[],"gold":43,"score":471,"play_id":"eff17425-dc51-4b37-80f6-2591e72ac019","is_prod":false,"is_daily":false,"is_ascension_mode":false,"campfire_upgraded":2,"path_taken":["M","?","M","?","?","R","E","R","T","?","?","E","M","M","R","BOSS","M","?","?","?","M","R","?","M","T","M","E","M","R","M","R","BOSS","M","?","$","M","$","R","E","M","T","R","?","?","?","?","R","BOSS"],"build_version":"2018-02-22-PROD1","purchased_purges":0,"victory":false,"master_deck":["Strike_R","Strike_R+1","Strike_R+1","Defend_R","Defend_R+1","Defend_R","Defend_R","Bash+1","Dropkick","Whirlwind+1","Clash","Heavy Blade+1","Feed","Inflame","Heavy Blade","Seeing Red","Spot Weakness","Flex","Shrug It Off+1"],"max_hp_per_floor":[80,80,80,80,80,80,80,80,80,74,74,74,74,74,74,74,74,74,74,74,74,74,74,74,74,74,74,79,82,82,82,82,84,84,86,92,92,94,94,94,96,99,99,99,87,87,87,87,87],"relics":["Ectoplasm","Juzu Bracelet","Mummified Hand","Sundial","Golden Idol","Gremlin Horn","Girya","Runic Dome","Enchiridion","Darkstone Periapt","Singing Bowl","Lizard Tail","Tiny Chest","Whetstone"],"card_choices":[{"not_picked":["Bloodletting","Pommel Strike"],"picked":"Dropkick"},{"not_picked":["Blood for Blood","Shockwave"],"picked":"Whirlwind"},{"not_picked":["Pommel Strike","Bloodletting"],"picked":"Clash"},{"not_picked":["Thunderclap","Wild Strike"],"picked":"Heavy Blade"},{"not_picked":["Immolate","Brutality"],"picked":"Feed"},{"not_picked":["Sword Boomerang","Warcry"],"picked":"Inflame"},{"not_picked":["Clothesline","Headbutt"],"picked":"Heavy Blade"},{"not_picked":["True Grit","Disarm"],"picked":"Seeing Red"},{"not_picked":["Evolve","Uppercut"],"picked":"Spot Weakness"},{"not_picked":["Body Slam","Heavy Blade"],"picked":"Shrug It Off"}],"player_experience":344706,"potions_floor_usage":[7,12,18,25,28,28,28,41,41],"damage_taken":[{"damage":0,"enemies":"Cultist","floor":1,"turns":2},{"damage":6,"enemies":"Jaw Worm","floor":3,"turns":2},{"damage":8,"enemies":"Lagavulin","floor":7,"turns":3},{"damage":0,"enemies":"3 Sentries","floor":12,"turns":1},{"damage":0,"enemies":"Small Slimes","floor":13,"turns":3},{"damage":15,"enemies":"Exordium Wildlife","floor":14,"turns":2},{"damage":26,"enemies":"Hexaghost","floor":16,"turns":7},{"damage":2,"enemies":"2 Thieves","floor":18,"turns":3},{"damage":10,"enemies":"Chosen","floor":22,"turns":3},{"damage":0,"enemies":"Snecko","floor":25,"turns":2},{"damage":7,"enemies":"Centurion and Healer","floor":27,"turns":2},{"damage":7,"enemies":"Slavers","floor":28,"turns":3},{"damage":30,"enemies":"Slaver and Parasite","floor":29,"turns":3},{"damage":12,"enemies":"Cultist and Chosen","floor":31,"turns":4},{"damage":20,"enemies":"Champ","floor":33,"turns":5},{"damage":43,"enemies":"3 Darklings","floor":35,"turns":3},{"damage":32,"enemies":"3 Shapes","floor":38,"turns":4},{"damage":46,"enemies":"Nemesis","floor":41,"turns":7},{"damage":35,"enemies":"Sphere and 2 Shapes","floor":42,"turns":4},{"damage":102,"enemies":"Awakened One","floor":50,"turns":5}],"event_choices":[{"event_name":"Shining Light","player_choice":"Entered Light","floor":4,"damage_taken":0},{"event_name":"Living Wall","player_choice":"Forget","floor":5,"damage_taken":0},{"event_name":"Golden Idol","player_choice":"Lose Max HP","floor":10,"damage_taken":0},{"event_name":"Vampires","player_choice":"Ignored","floor":19,"damage_taken":0},{"event_name":"The Mausoleum","player_choice":"No","floor":20,"damage_taken":0},{"event_name":"Cursed Tome","player_choice":"Obtained Book","floor":21,"damage_taken":0},{"event_name":"Addict","player_choice":"Ignored","floor":24,"damage_taken":0},{"event_name":"Winding Halls","player_choice":"Writhe","floor":36,"damage_taken":0},{"event_name":"The Moai Head","player_choice":"Heal","floor":45,"damage_taken":0},{"event_name":"Fountain of Cleansing","player_choice":"Removed Curse","floor":47,"damage_taken":0},{"event_name":"Mysterious Sphere","player_choice":"Ignore","floor":48,"damage_taken":0}],"boss_relics":[{"not_picked":["Black Star","Cursed Key"],"picked":"Runic Dome"},{"not_picked":["White Beast Statue","Orrery"],"picked":"Lizard Tail"}],"potions_floor_spawned":[1,3,14,16,18,22,27,35,38],"seed_played":"-1456045189490823347","killed_by":"Awakened One","ascension_level":0,"is_trial":false}