{"gold_per_floor":[112,128,29,29,79,79,147,177,201,201,251,280,347,359,359,359],"floor_reached":16,"playtime":1439,"items_purged":["Strike_R"],"score":165,"play_id":"4396b3cb-e430-4366-84f1-4a7ee396d023","local_time":"20181002211810","is_ascension_mode":true,"campfire_choices":[{"data":"Bash","floor":6,"key":"SMITH"},{"data":"Armaments","floor":10,"key":"SMITH"},{"floor":15,"key":"REST"}],"neow_cost":"","seed_source_timestamp":1830201080054207,"circlet_count":0,"master_deck":["Strike_R","Strike_R","Strike_R","Strike_R","Defend_R","Defend_R","Defend_R","Defend_R","Bash+1","AscendersBane","Pommel Strike","Shrug It Off","Dark Shackles","Body Slam","Armaments+1","Wild Strike","Intimidate+1"],"relics":["Burning Blood","SsserpentHead","Strawberry","Pen Nib","Bag of Preparation","Toxic Egg 2"],"potions_floor_usage":[8,16],"damage_taken":[{"damage":1,"enemies":"2 Louse","floor":1,"turns":4},{"damage":6,"enemies":"Cultist","floor":2,"turns":4},{"damage":0,"enemies":"Jaw Worm","floor":7,"turns":3},{"damage":39,"enemies":"3 Sentries","floor":8,"turns":12},{"damage":25,"enemies":"Gremlin Nob","floor":12,"turns":5},{"damage":0,"enemies":"3 Louse","floor":13,"turns":6},{"damage":14,"enemies":"Exordium Thugs","floor":14,"turns":5},{"damage":61,"enemies":"Slime Boss","floor":16,"turns":10}],"seed_played":"534474517152469562","potions_obtained":[{"floor":2,"key":"Poison Potion"},{"floor":13,"key":"Ancient Potion"}],"is_trial":false,"path_per_floor":["M","M","$","?","?","R","M","E","T","R","?","E","M","M","R"],"character_chosen":"IRONCLAD","items_purchased":["Shrug It Off"],"campfire_rested":1,"item_purchase_floors":[3],"current_hp_per_floor":[77,77,77,77,77,77,80,54,54,54,54,35,41,33,59,0],"gold":359,"neow_bonus":"","is_prod":false,"is_daily":false,"chose_seed":false,"campfire_upgraded":2,"win_rate":0,"timestamp":1538529490,"path_taken":["M","M","$","?","?","R","?","E","T","R","?","E","?","M","R","BOSS"],"build_version":"2018-09-27","purchased_purges":1,"victory":false,"max_hp_per_floor":[80,80,80,80,80,80,80,87,87,87,87,87,87,87,87,87],"card_choices":[{"not_picked":["Anger","Clothesline","Burning Pact"],"picked":"SKIP","floor":1},{"not_picked":["Havoc","Clothesline"],"picked":"Pommel Strike","floor":2},{"not_picked":["Evolve","Cleave"],"picked":"Body Slam","floor":7},{"not_picked":["Feel No Pain","Pommel Strike"],"picked":"Armaments","floor":8},{"not_picked":["Intimidate","Perfected Strike","Warcry"],"picked":"SKIP","floor":12},{"not_picked":["Havoc+1","Clothesline"],"picked":"Wild Strike","floor":13},{"not_picked":["Exhume+1","Combust"],"picked":"Intimidate+1","floor":14}],"player_experience":433354,"relics_obtained":[{"floor":8,"key":"Strawberry"},{"floor":9,"key":"Pen Nib"},{"floor":12,"key":"Toxic Egg 2"}],"event_choices":[{"event_name":"FaceTrader","player_choice":"Trade","floor":4,"damage_taken":0},{"event_name":"Match and Keep!","player_choice":"1 cards matched","floor":5,"damage_taken":0},{"event_name":"Dead Adventurer","player_choice":"Searched \u00273\u0027 times","floor":11,"damage_taken":0}],"is_beta":false,"boss_relics":[],"items_purged_floors":[3],"is_endless":false,"potions_floor_spawned":[2,13],"killed_by":"Slime Boss","ascension_level":10}