{"gold_per_floor":[118,118,118,133,133,164,164,177,231,72,96,120,145,189,189,319,319,333,333,432,455,455,491,491,491],"floor_reached":25,"playtime":2056,"items_purged":["Strike_G"],"score":347,"play_id":"cdaa385d-612c-4e67-9eae-7e85e8d5b723","local_time":"20190811225445","is_ascension_mode":true,"campfire_choices":[{"data":"Adrenaline","floor":7.0,"key":"SMITH"},{"data":"Neutralize","floor":15.0,"key":"SMITH"},{"floor":24,"key":"REST"}],"neow_cost":"NONE","seed_source_timestamp":567648154524379,"circlet_count":0,"master_deck":["AscendersBane","Strike_G","Strike_G","Strike_G","Defend_G","Defend_G","Defend_G","Defend_G","Defend_G","Survivor","Neutralize+1","Quick Slash","Poisoned Stab","Flying Knee","Adrenaline+1","Poisoned Stab","Noxious Fumes","Blur","Slice","Well Laid Plans","Sucker Punch","Envenom","Deadly Poison+1","Neutralize","Venomology","Underhanded Strike","Writhe","Leg Sweep+1"],"special_seed":0,"relics":["Ring of the Snake","Bag of Marbles","Golden Idol","Centennial Puzzle","Bronze Scales","Juzu Bracelet","Ancient Tea Set","HoveringKite","Pen Nib","Frozen Egg 2"],"potions_floor_usage":[23,25,25],"damage_taken":[{"damage":0.0,"enemies":"2 Louse","floor":1.0,"turns":4.0},{"damage":0.0,"enemies":"Small Slimes","floor":4.0,"turns":2.0},{"damage":21.0,"enemies":"Gremlin Nob","floor":6.0,"turns":4.0},{"damage":0.0,"enemies":"Cultist","floor":8.0,"turns":2.0},{"damage":1.0,"enemies":"Blue Slaver","floor":11.0,"turns":2.0},{"damage":1.0,"enemies":"Gremlin Gang","floor":12.0,"turns":3.0},{"damage":0.0,"enemies":"3 Louse","floor":13.0,"turns":2.0},{"damage":3.0,"enemies":"3 Sentries","floor":14.0,"turns":6.0},{"damage":7.0,"enemies":"Hexaghost","floor":16.0,"turns":7.0},{"damage":25.0,"enemies":"2 Thieves","floor":18.0,"turns":5.0},{"damage":3.0,"enemies":"Chosen","floor":21.0,"turns":4.0},{"damage":25,"enemies":"Book of Stabbing","floor":23,"turns":5},{"damage":22,"enemies":"3 Cultists","floor":25,"turns":5}],"seed_played":"4708604123677677571","potions_obtained":[{"floor":1.0,"key":"Swift Potion"},{"floor":8.0,"key":"AttackPotion"},{"floor":11.0,"key":"Fire Potion"},{"floor":12.0,"key":"SkillPotion"},{"floor":14.0,"key":"SpeedPotion"},{"floor":21.0,"key":"Weak Potion"}],"is_trial":false,"path_per_floor":["M","?","?","M","?","E","R","M","T","$","M","M","M","E","R","B",null,"M","?","?","M","?","E","R","M"],"character_chosen":"THE_SILENT","items_purchased":["Noxious Fumes","PowerPotion"],"campfire_rested":1,"item_purchase_floors":[10,10],"current_hp_per_floor":[63,63,63,63,63,42,42,42,42,42,41,40,40,37,37,30,56,31,31,31,28,28,3,22,0],"gold":491,"neow_bonus":"RANDOM_COMMON_RELIC","is_prod":false,"is_daily":false,"chose_seed":false,"campfire_upgraded":2,"win_rate":0,"timestamp":1565589285,"path_taken":["M","?","?","M","?","E","R","?","T","$","M","M","M","E","R","BOSS","M","?","?","M","?","E","R","M"],"build_version":"2019-07-17","purchased_purges":1,"victory":false,"max_hp_per_floor":[70,65,65,65,65,65,65,65,65,65,65,65,65,65,65,65,65,65,65,65,65,65,65,65,65],"card_choices":[{"not_picked":["Catalyst","Prepared"],"picked":"Quick Slash","floor":1.0},{"not_picked":["Bane","Deadly Poison"],"picked":"Flying Knee","floor":4.0},{"not_picked":["Predator","Finisher"],"picked":"Adrenaline","floor":6.0},{"not_picked":["Acrobatics","Accuracy"],"picked":"Poisoned Stab","floor":8.0},{"not_picked":["Expertise","Underhanded Strike"],"picked":"Blur","floor":11.0},{"not_picked":["Expertise","Underhanded Strike"],"picked":"Slice","floor":12.0},{"not_picked":["Expertise","Backflip"],"picked":"Well Laid Plans","floor":13.0},{"not_picked":["Eviscerate","Blade Dance"],"picked":"Sucker Punch","floor":14.0},{"not_picked":["Unload","After Image"],"picked":"Envenom","floor":16.0},{"not_picked":["Well Laid Plans","Dagger Throw"],"picked":"Deadly Poison+1","floor":18.0},{"not_picked":["Accuracy","Finisher"],"picked":"Underhanded Strike","floor":21.0},{"not_picked":["Cloak And Dagger","Distraction"],"picked":"Leg Sweep+1","floor":23}],"player_experience":575146,"relics_obtained":[{"floor":6.0,"key":"Bronze Scales"},{"floor":9.0,"key":"Juzu Bracelet"},{"floor":14.0,"key":"Ancient Tea Set"},{"floor":23,"key":"Frozen Egg 2"}],"event_choices":[{"damage_healed":0.0,"max_hp_gain":0.0,"max_hp_loss":5.0,"gold_gain":0.0,"event_name":"Golden Idol","player_choice":"Lose Max HP","floor":2.0,"gold_loss":0.0,"damage_taken":0.0,"relics_obtained":["Golden Idol"]},{"damage_healed":0.0,"max_hp_gain":0.0,"max_hp_loss":0.0,"gold_gain":0.0,"cards_transformed":["Strike_G"],"event_name":"Living Wall","player_choice":"Change","floor":3.0,"gold_loss":0.0,"damage_taken":0.0,"cards_obtained":["Poisoned Stab"]},{"damage_healed":0.0,"max_hp_gain":0.0,"max_hp_loss":0.0,"gold_gain":0.0,"event_name":"WeMeetAgain","player_choice":"Gave Potion","floor":5.0,"gold_loss":0.0,"damage_taken":0.0,"relics_obtained":["Centennial Puzzle"]},{"damage_healed":0.0,"max_hp_gain":0.0,"max_hp_loss":0.0,"gold_gain":0.0,"event_name":"Match and Keep!","player_choice":"2 cards matched","floor":19.0,"gold_loss":0.0,"damage_taken":0.0,"cards_obtained":["Neutralize","Venomology"]},{"damage_healed":0.0,"max_hp_gain":0.0,"max_hp_loss":0.0,"gold_gain":99.0,"event_name":"Nest","player_choice":"Stole From Cult","floor":20.0,"gold_loss":0.0,"damage_taken":0.0},{"damage_healed":0.0,"max_hp_gain":0.0,"max_hp_loss":0.0,"gold_gain":0.0,"event_name":"The Mausoleum","player_choice":"Opened","floor":22.0,"gold_loss":0.0,"damage_taken":0.0,"relics_obtained":["Pen Nib"],"cards_obtained":["Writhe"]}],"is_beta":false,"boss_relics":[{"not_picked":["Runic Pyramid","Orrery"],"picked":"HoveringKite"}],"items_purged_floors":[10],"is_endless":false,"potions_floor_spawned":[1,8,11,12,14,21],"killed_by":"3 Cultists","ascension_level":10}