{"gold_per_floor":[112,112,37,60,135,174,248,248,248,72,72,112,137,162,162,281,281,295,313,313,188,212,251,251,287,323,335,366,393,426,438,450,462],"floor_reached":33,"playtime":4042,"items_purged":["Defend_G","Strike_G","Strike_G"],"score":320,"play_id":"0d099b1e-ed01-4aa9-b10e-a986bfc1448c","local_time":"20190629134853","is_ascension_mode":false,"campfire_choices":[{"floor":8,"key":"REST"},{"floor":11,"key":"REST"},{"data":"Distraction","floor":15,"key":"SMITH"},{"floor":24,"key":"REST"},{"data":"Phantasmal Killer","floor":27,"key":"SMITH"},{"floor":32,"key":"REST"}],"neow_cost":"NONE","seed_source_timestamp":277424521126201,"circlet_count":0,"master_deck":["Defend_G","Defend_G","Defend_G","Defend_G","Strike_G","Strike_G","Survivor","Neutralize","Dagger Throw","Deflect","Flying Knee","Slice","Infinite Blades","Dagger Throw","Distraction+1","Acrobatics","Phantasmal Killer+1","Heel Hook+1","Underhanded Strike+1","Underhanded Strike","Terror+1","Tactician","Footwork"],"relics":["Ring of the Snake","Golden Idol","Strawberry","Tingsha","PreservedInsect","Anchor","Black Star","Centennial Puzzle","Bag of Preparation","Question Card","MawBank","MutagenicStrength"],"potions_floor_usage":[7,12,16,23,33,33],"damage_taken":[{"damage":0,"enemies":"Jaw Worm","floor":1,"turns":5},{"damage":0,"enemies":"2 Louse","floor":4,"turns":3},{"damage":35,"enemies":"Lagavulin","floor":6,"turns":11},{"damage":16,"enemies":"Gremlin Nob","floor":7,"turns":5},{"damage":10,"enemies":"3 Sentries","floor":12,"turns":4},{"damage":0,"enemies":"Small Slimes","floor":13,"turns":2},{"damage":0,"enemies":"Blue Slaver","floor":14,"turns":2},{"damage":5,"enemies":"Hexaghost","floor":16,"turns":9},{"damage":8,"enemies":"3 Byrds","floor":18,"turns":8},{"damage":8,"enemies":"Shell Parasite","floor":19,"turns":6},{"damage":24,"enemies":"Snake Plant","floor":22,"turns":5},{"damage":0,"enemies":"Gremlin Leader","floor":23,"turns":5},{"damage":18,"enemies":"Book of Stabbing","floor":25,"turns":5},{"damage":1,"enemies":"Centurion and Healer","floor":28,"turns":3},{"damage":25,"enemies":"Sentry and Sphere","floor":29,"turns":6},{"damage":7,"enemies":"Snake Plant","floor":30,"turns":4},{"damage":56,"enemies":"Automaton","floor":33,"turns":6}],"seed_played":"-3163405859980600940","potions_obtained":[{"floor":1,"key":"PowerPotion"},{"floor":7,"key":"Explosive Potion"},{"floor":12,"key":"Explosive Potion"},{"floor":14,"key":"Strength Potion"},{"floor":19,"key":"Ancient Potion"},{"floor":25,"key":"GamblersBrew"}],"is_trial":false,"path_per_floor":["M","?","$","M","?","E","?","R","T","$","R","E","M","M","R","B",null,"M","M","?","$","M","E","R","E","T","R","M","M","M","?","R","B"],"character_chosen":"THE_SILENT","items_purchased":["Infinite Blades"],"campfire_rested":4,"item_purchase_floors":[10],"current_hp_per_floor":[70,65,65,65,54,26,10,31,31,31,52,42,42,42,42,37,72,64,56,56,56,32,32,53,35,35,35,34,9,2,2,23,0],"gold":462,"neow_bonus":"REMOVE_CARD","is_prod":false,"is_daily":false,"chose_seed":false,"campfire_upgraded":2,"win_rate":0,"timestamp":1561841333,"path_taken":["M","?","?","M","?","E","?","R","T","$","R","E","M","M","R","BOSS","M","M","?","$","M","E","R","E","T","R","M","M","M","?","R","BOSS"],"build_version":"2019-01-23","purchased_purges":3,"victory":false,"max_hp_per_floor":[70,65,65,65,65,72,72,72,72,72,72,72,72,72,72,72,72,72,72,72,72,72,72,72,72,72,72,72,72,72,72,72,72],"card_choices":[{"not_picked":["Skewer","Leg Sweep"],"picked":"Dagger Throw","floor":1},{"not_picked":["Quick Slash","Predator"],"picked":"Deflect","floor":4},{"not_picked":["Acrobatics","Slice"],"picked":"Flying Knee","floor":6},{"not_picked":["Deflect","Noxious Fumes"],"picked":"Slice","floor":7},{"not_picked":["Prepared","Leg Sweep"],"picked":"Dagger Throw","floor":12},{"not_picked":["Deflect","Heel Hook"],"picked":"Distraction","floor":13},{"not_picked":["Unload","Blade Dance"],"picked":"Acrobatics","floor":14},{"not_picked":["Bullet Time","Malaise"],"picked":"Phantasmal Killer","floor":16},{"not_picked":["Choke","Quick Slash+1"],"picked":"Heel Hook+1","floor":18},{"not_picked":["Cloak And Dagger","Noxious Fumes+1"],"picked":"Underhanded Strike+1","floor":19},{"not_picked":["Outmaneuver+1","Cloak And Dagger+1","Blade Dance"],"picked":"SKIP","floor":22},{"not_picked":["Slice","PiercingWail"],"picked":"Underhanded Strike","floor":23},{"not_picked":["Quick Slash","Sucker Punch+1"],"picked":"Terror+1","floor":25},{"not_picked":["Riddle With Holes","Underhanded Strike+1","Slice"],"picked":"Tactician","floor":28},{"not_picked":["Calculated Gamble+1","Blade Dance","Sucker Punch"],"picked":"Footwork","floor":29},{"not_picked":["Sucker Punch","Deadly Poison","Doppelganger","Poisoned Stab"],"picked":"SKIP","floor":30}],"player_experience":63338,"relics_obtained":[{"floor":6,"key":"Strawberry"},{"floor":7,"key":"Tingsha"},{"floor":9,"key":"PreservedInsect"},{"floor":12,"key":"Anchor"},{"floor":23,"key":"Centennial Puzzle"},{"floor":23,"key":"Bag of Preparation"},{"floor":25,"key":"Question Card"},{"floor":25,"key":"MawBank"}],"event_choices":[{"damage_healed":0,"gold_gain":0,"player_choice":"Lose Max HP","damage_taken":0,"relics_obtained":["Golden Idol"],"max_hp_gain":0,"max_hp_loss":5,"event_name":"Golden Idol","floor":2,"gold_loss":0},{"damage_healed":0,"gold_gain":75,"player_choice":"Gather Gold","damage_taken":11,"max_hp_gain":0,"max_hp_loss":0,"event_name":"World of Goop","floor":5,"gold_loss":0},{"damage_healed":0,"gold_gain":0,"player_choice":"Searched \u00271\u0027 times","damage_taken":0,"max_hp_gain":0,"max_hp_loss":0,"event_name":"Dead Adventurer","floor":7,"gold_loss":0},{"damage_healed":0,"gold_gain":0,"player_choice":"Ignored","damage_taken":0,"max_hp_gain":0,"max_hp_loss":0,"event_name":"Vampires","floor":20,"gold_loss":0},{"damage_healed":0,"gold_gain":0,"player_choice":"Inject Mutagens","damage_taken":0,"relics_obtained":["MutagenicStrength"],"max_hp_gain":0,"max_hp_loss":0,"event_name":"Drug Dealer","floor":31,"gold_loss":0}],"is_beta":false,"boss_relics":[{"not_picked":["Fusion Hammer","Empty Cage"],"picked":"Black Star"}],"items_purged_floors":[3,10,21],"is_endless":false,"potions_floor_spawned":[1,7,12,14,19,25],"killed_by":"Automaton","ascension_level":0}