{"gold_per_floor":[113,113,123,103,115,115,144,144,168,200,50,50,62,96,96,200,200,220,170,187,87,87,87,122,122,122,147,22,33,33,47,47,147,147,159,159,120,120,120,120,151,169,169,183,183,201,232,232,232,232],"floor_reached":51,"playtime":4136,"items_purged":["Defend_B","Defend_B","Strike_B"],"score":1043,"play_id":"96b38b8e-c6c8-4347-8ec2-a933cceaeff8","local_time":"20190813065740","is_ascension_mode":true,"campfire_choices":[{"data":"White Noise","floor":6.0,"key":"SMITH"},{"data":"Defragment","floor":8.0,"key":"SMITH"},{"floor":15,"key":"REST"},{"data":"White Noise","floor":23,"key":"SMITH"},{"floor":25,"key":"DIG"},{"floor":30,"key":"DIG"},{"floor":32,"key":"DIG"},{"floor":40,"key":"DIG"},{"floor":45,"key":"DIG"},{"floor":49,"key":"REST"}],"neow_cost":"NONE","seed_source_timestamp":0,"circlet_count":0,"master_deck":["Strike_B","Strike_B","Defend_B","Zap+1","Dualcast+1","Glacier+1","Cold Snap","White Noise+1","Defragment+1","BootSequence+1","Capacitor","Melter","Reinforced Body","Electrodynamics","White Noise+1","Consume","Chill+1","Writhe","Skim","FTL","Defragment","White Noise","Hologram","Capacitor","Parasite","Capacitor+1","Parasite","Conserve Battery+1","Writhe"],"special_seed":0,"relics":["Cracked Core","Art of War","Orichalcum","Matryoshka","Bottled Tornado","Cursed Key","Shovel","Dodecahedron","War Paint","Bottled Flame","Centennial Puzzle","Dream Catcher","Meat on the Bone","Black Star","Question Card","Mercury Hourglass","Oddly Smooth Stone","Happy Flower","Calipers","Frozen Egg 2","Toxic Egg 2","Ornamental Fan","Molten Egg 2"],"potions_floor_usage":[18,27,33,33,42],"damage_taken":[{"damage":0.0,"enemies":"Small Slimes","floor":1.0,"turns":2.0},{"damage":0.0,"enemies":"2 Louse","floor":3.0,"turns":1.0},{"damage":2.0,"enemies":"Cultist","floor":5.0,"turns":3.0},{"damage":9.0,"enemies":"3 Sentries","floor":7.0,"turns":9.0},{"damage":18.0,"enemies":"Gremlin Nob","floor":10.0,"turns":5.0},{"damage":0.0,"enemies":"Large Slime","floor":13.0,"turns":7.0},{"damage":0.0,"enemies":"Lagavulin","floor":14.0,"turns":8.0},{"damage":0,"enemies":"Hexaghost","floor":16,"turns":11},{"damage":0,"enemies":"Chosen","floor":18,"turns":4},{"damage":0,"enemies":"3 Byrds","floor":20,"turns":3},{"damage":21,"enemies":"Gremlin Leader","floor":24,"turns":5},{"damage":2,"enemies":"Slavers","floor":27,"turns":4},{"damage":0,"enemies":"Centurion and Healer","floor":29,"turns":6},{"damage":0,"enemies":"Shelled Parasite and Fungi","floor":31,"turns":5},{"damage":0,"enemies":"Collector","floor":33,"turns":7},{"damage":0,"enemies":"3 Darklings","floor":35,"turns":4},{"damage":10,"enemies":"Nemesis","floor":41,"turns":9},{"damage":0,"enemies":"3 Shapes","floor":42,"turns":4},{"damage":5,"enemies":"Writhing Mass","floor":44,"turns":5},{"damage":4,"enemies":"Spire Growth","floor":46,"turns":5},{"damage":33,"enemies":"Reptomancer","floor":47,"turns":5},{"damage":9,"enemies":"Donu and Deca","floor":50,"turns":10}],"seed_played":"-7534805512112886531","potions_obtained":[{"floor":0.0,"key":"Fire Potion"},{"floor":0.0,"key":"PowerPotion"},{"floor":0.0,"key":"Poison Potion"},{"floor":1.0,"key":"Fire Potion"},{"floor":4.0,"key":"FearPotion"},{"floor":16,"key":"Strength Potion"},{"floor":18,"key":"Fruit Juice"},{"floor":27,"key":"Block Potion"},{"floor":29,"key":"Block Potion"},{"floor":41,"key":"Regen Potion"},{"floor":44,"key":"SteroidPotion"},{"floor":46,"key":"FearPotion"},{"floor":47,"key":"SpeedPotion"}],"is_trial":false,"path_per_floor":["M","?","M","?","M","R","E","R","T","E","$","?","M","E","R","B",null,"M","?","M","$","$","R","E","R","T","E","$","M","R","M","R","B",null,"M","?","$","T","$","R","E","M","T","M","R","M","E","?","R","B",null],"character_chosen":"DEFECT","items_purchased":["Capacitor","Capacitor"],"campfire_rested":2,"item_purchase_floors":[11,37],"current_hp_per_floor":[75,68,68,68,66,66,57,57,57,39,39,24,24,24,46,46,68,73,73,73,73,73,73,52,52,52,50,50,50,50,50,50,50,73,73,73,73,73,73,73,63,75,75,70,70,66,45,65,80,71],"gold":232,"neow_bonus":"THREE_SMALL_POTIONS","is_prod":false,"is_daily":false,"chose_seed":false,"campfire_upgraded":3,"win_rate":0,"timestamp":1565704660,"path_taken":["M","?","M","?","?","R","E","R","T","E","$","?","M","E","R","BOSS","M","?","M","?","$","R","E","R","T","E","?","M","R","?","R","BOSS","M","?","$","?","$","R","E","?","T","M","R","M","E","?","R","BOSS"],"build_version":"2019-07-17","purchased_purges":3,"victory":true,"max_hp_per_floor":[75,75,75,75,75,75,75,75,75,75,75,75,75,75,75,75,75,80,80,80,80,80,80,80,80,80,80,80,80,80,80,80,80,80,80,80,80,80,80,80,80,80,80,80,80,80,80,80,80,80],"card_choices":[{"not_picked":["Go for the Eyes","Steam"],"picked":"Glacier","floor":1.0},{"not_picked":["Redo","Go for the Eyes"],"picked":"Cold Snap","floor":3.0},{"not_picked":["Gash","Sweeping Beam"],"picked":"White Noise","floor":5.0},{"not_picked":["Self Repair","Rebound"],"picked":"Defragment","floor":7.0},{"not_picked":["Force Field","Heatsinks"],"picked":"BootSequence","floor":10.0},{"not_picked":["Stack","Leap"],"picked":"Melter","floor":13.0},{"not_picked":["Doom and Gloom","Rip and Tear"],"picked":"Reinforced Body","floor":14},{"not_picked":["Thunder Strike","Machine Learning"],"picked":"Electrodynamics","floor":16},{"not_picked":["Leap","Doom and Gloom"],"picked":"White Noise","floor":18},{"not_picked":["Beam Cell+1","Turbo"],"picked":"Consume","floor":20},{"not_picked":["Leap","Cold Snap"],"picked":"Chill+1","floor":24},{"not_picked":["Self Repair","Fission"],"picked":"Skim","floor":27},{"not_picked":["Rebound","Hologram+1"],"picked":"FTL","floor":29},{"not_picked":["Force Field","Go for the Eyes"],"picked":"Defragment","floor":31},{"not_picked":["Steam","Gash+1"],"picked":"White Noise","floor":35},{"not_picked":["Beam Cell+1","Stack","Turbo"],"picked":"Capacitor+1","floor":41},{"not_picked":["Barrage","Capacitor","FTL+1","Sweeping Beam"],"picked":"SKIP","floor":42},{"not_picked":["Force Field+1","Melter+1","Rebound+1","Conserve Battery+1"],"picked":"SKIP","floor":44},{"not_picked":["Force Field+1","Melter+1","Rebound+1","Conserve Battery+1"],"picked":"SKIP","floor":44},{"not_picked":["Steam+1","Rip and Tear","Blizzard","Machine Learning+1"],"picked":"SKIP","floor":46},{"not_picked":["FTL+1","Ball Lightning","Beam Cell+1"],"picked":"Conserve Battery+1","floor":47}],"player_experience":324995,"relics_obtained":[{"floor":7.0,"key":"Art of War"},{"floor":9.0,"key":"Orichalcum"},{"floor":10.0,"key":"Matryoshka"},{"floor":14,"key":"Bottled Tornado"},{"floor":24,"key":"Shovel"},{"floor":25,"key":"Dodecahedron"},{"floor":26,"key":"War Paint"},{"floor":26,"key":"Bottled Flame"},{"floor":27,"key":"Centennial Puzzle"},{"floor":30,"key":"Dream Catcher"},{"floor":32,"key":"Meat on the Bone"},{"floor":38,"key":"Question Card"},{"floor":38,"key":"Mercury Hourglass"},{"floor":40,"key":"Oddly Smooth Stone"},{"floor":41,"key":"Happy Flower"},{"floor":41,"key":"Calipers"},{"floor":43,"key":"Frozen Egg 2"},{"floor":45,"key":"Toxic Egg 2"},{"floor":47,"key":"Ornamental Fan"},{"floor":47,"key":"Molten Egg 2"}],"event_choices":[{"cards_removed":["Defend_B"],"damage_healed":0.0,"max_hp_gain":0.0,"max_hp_loss":0.0,"gold_gain":0.0,"event_name":"Golden Wing","player_choice":"Card Removal","floor":2.0,"gold_loss":0.0,"damage_taken":7.0},{"damage_healed":0.0,"max_hp_gain":0.0,"max_hp_loss":0.0,"gold_gain":0.0,"event_name":"The Woman in Blue","player_choice":"Bought 1 Potion","floor":4.0,"gold_loss":0.0,"damage_taken":0.0},{"damage_healed":0.0,"max_hp_gain":0.0,"max_hp_loss":0.0,"gold_gain":0.0,"event_name":"Shining Light","player_choice":"Entered Light","floor":12.0,"gold_loss":0.0,"damage_taken":15.0,"cards_upgraded":["Glacier","Dualcast"]},{"damage_healed":0,"gold_gain":0,"player_choice":"Bet on Murderer","damage_taken":0,"max_hp_gain":0,"max_hp_loss":0,"event_name":"The Joust","floor":19,"gold_loss":50},{"damage_healed":0,"gold_gain":0,"cards_transformed":["Strike_B"],"player_choice":"Transformed","damage_taken":0,"max_hp_gain":0,"max_hp_loss":0,"event_name":"Transmorgrifier","floor":36,"gold_loss":0,"cards_obtained":["Hologram"]},{"damage_healed":20,"gold_gain":0,"player_choice":"Writhe","damage_taken":0,"max_hp_gain":0,"max_hp_loss":0,"event_name":"Winding Halls","floor":48,"gold_loss":0,"cards_obtained":["Writhe"]}],"is_beta":false,"boss_relics":[{"not_picked":["Coffee Dripper","Orrery"],"picked":"Cursed Key"},{"not_picked":["Runic Dome","Philosopher\u0027s Stone"],"picked":"Black Star"}],"items_purged_floors":[11,21,28],"is_endless":false,"potions_floor_spawned":[1,16,18,27,29,41,44,46,47],"ascension_level":5}