{"gold_per_floor":[118,4,23,23,98,98,129,129,129,141,172,172,194,204,204,308,308,324,342,342,361,286,286,286,286,286,300,316,316,332,345,345,446,496,516,530,530,540,540],"floor_reached":39,"playtime":3747,"items_purged":["Strike_G"],"score":509,"play_id":"c16acf89-c64a-42a9-b84b-e1da9ca32dde","local_time":"20190706094515","is_ascension_mode":true,"campfire_choices":[{"data":"Neutralize","floor":6,"key":"SMITH"},{"floor":8,"key":"REST"},{"floor":12,"key":"REST"},{"data":"Accuracy","floor":15,"key":"SMITH"},{"floor":23,"key":"REST"},{"data":"Storm of Steel","floor":25,"key":"SMITH"},{"floor":29,"key":"REST"},{"floor":32,"key":"REST"}],"neow_cost":"NONE","seed_source_timestamp":58414214294352,"circlet_count":0,"master_deck":["Strike_G","Strike_G","Strike_G","Defend_G","Defend_G","Defend_G","Defend_G","Survivor","Neutralize+1","Grand Finale","Accuracy+1","Footwork","Terror","Dodge and Roll","Blade Dance","Quick Slash","Slice","Storm of Steel+1","Acrobatics+1","Slice","Dagger Throw","RitualDagger+1","Escape Plan","Cloak And Dagger","Footwork","Flying Knee","Venomology","Finisher","Backflip","Dagger Spray+1","Slice+1"],"relics":["Ring of the Snake","Question Card","Bag of Marbles","Boot","Blue Candle","Odd Mushroom","WristBlade","Regal Pillow","Ornamental Fan","Tiny House"],"potions_floor_usage":[13,16,16,30,33,33,36,38,38,39],"damage_taken":[{"damage":0,"enemies":"Cultist","floor":1,"turns":5},{"damage":4,"enemies":"Small Slimes","floor":3,"turns":5},{"damage":28,"enemies":"Lagavulin","floor":7,"turns":16},{"damage":2,"enemies":"2 Louse","floor":10,"turns":5},{"damage":29,"enemies":"3 Sentries","floor":11,"turns":18},{"damage":0,"enemies":"The Mushroom Lair","floor":13,"turns":3},{"damage":11,"enemies":"Blue Slaver","floor":14,"turns":5},{"damage":0,"enemies":"Hexaghost","floor":16,"turns":10},{"damage":26,"enemies":"3 Byrds","floor":18,"turns":6},{"damage":8,"enemies":"2 Thieves","floor":19,"turns":4},{"damage":32,"enemies":"Centurion and Healer","floor":21,"turns":6},{"damage":25,"enemies":"Snake Plant","floor":27,"turns":4},{"damage":0,"enemies":"Sentry and Sphere","floor":28,"turns":3},{"damage":18,"enemies":"Cultist and Chosen","floor":30,"turns":7},{"damage":7,"enemies":"Centurion and Healer","floor":31,"turns":8},{"damage":38,"enemies":"Automaton","floor":33,"turns":16},{"damage":0,"enemies":"Orb Walker","floor":35,"turns":2},{"damage":29,"enemies":"3 Darklings","floor":36,"turns":9},{"damage":37,"enemies":"Jaw Worm Horde","floor":38,"turns":5},{"damage":18,"enemies":"Maw","floor":39,"turns":5}],"seed_played":"-3728788396408546760","potions_obtained":[{"floor":1,"key":"Ancient Potion"},{"floor":7,"key":"Energy Potion"},{"floor":10,"key":"Dexterity Potion"},{"floor":13,"key":"Strength Potion"},{"floor":27,"key":"Dexterity Potion"},{"floor":28,"key":"SteroidPotion"},{"floor":30,"key":"GhostInAJar"},{"floor":33,"key":"AttackPotion"},{"floor":34,"key":"Dexterity Potion"},{"floor":36,"key":"Fruit Juice"}],"is_trial":false,"path_per_floor":["M","$","M","T","?","R","E","R","T","M","E","R","?","M","R","B",null,"M","M","?","M","?","R","?","R","T","M","M","R","M","M","R","B",null,"M","M","?","M","M"],"character_chosen":"THE_SILENT","items_purchased":["Footwork"],"campfire_rested":5,"item_purchase_floors":[2],"current_hp_per_floor":[70,70,66,66,55,55,27,48,48,46,17,38,38,27,27,27,70,44,36,36,4,4,40,34,34,34,9,9,45,27,20,56,18,75,75,46,46,14,0],"gold":540,"neow_bonus":"ONE_RANDOM_RARE_CARD","is_prod":false,"is_daily":false,"chose_seed":false,"campfire_upgraded":3,"win_rate":0,"timestamp":1562431515,"path_taken":["M","$","M","?","?","R","E","R","T","M","E","R","?","?","R","BOSS","M","M","?","M","?","R","?","R","T","M","M","R","M","M","R","BOSS","M","M","?","M","M"],"build_version":"2019-07-05","purchased_purges":1,"victory":false,"max_hp_per_floor":[70,70,70,70,70,70,70,70,70,70,70,70,70,70,70,70,70,70,70,70,70,70,70,70,70,70,70,70,70,70,70,70,70,75,75,75,75,80,80],"card_choices":[{"not_picked":["Endless Agony","Concentrate"],"picked":"Accuracy","floor":1},{"not_picked":["Riddle With Holes","Bane"],"picked":"Terror","floor":3},{"not_picked":["Bouncing Flask","Poisoned Stab","Grand Finale"],"picked":"Dodge and Roll","floor":7},{"not_picked":["Eviscerate","Sucker Punch","Underhanded Strike","Prepared"],"picked":"SKIP","floor":10},{"not_picked":["Dagger Throw","Bane","Calculated Gamble"],"picked":"Blade Dance","floor":11},{"not_picked":["Wraith Form v2","Dagger Throw","Sucker Punch"],"picked":"Quick Slash","floor":13},{"not_picked":["Leg Sweep","Dagger Throw","Poisoned Stab"],"picked":"Slice","floor":14},{"not_picked":["Envenom","Unload","Adrenaline"],"picked":"Storm of Steel","floor":16},{"not_picked":["Prepared","Underhanded Strike","Calculated Gamble"],"picked":"Acrobatics+1","floor":18},{"not_picked":["Dagger Throw","Sucker Punch+1","Outmaneuver"],"picked":"Slice","floor":19},{"not_picked":["Bane","Skewer","Caltrops"],"picked":"Dagger Throw","floor":21},{"not_picked":["Choke","Underhanded Strike","Sucker Punch+1"],"picked":"Escape Plan","floor":27},{"not_picked":["Burst","Dagger Throw","Escape Plan+1"],"picked":"Cloak And Dagger","floor":28},{"not_picked":["Backflip","All Out Attack","Escape Plan"],"picked":"Footwork","floor":30},{"not_picked":["Backstab+1","Dagger Throw+1","Distraction"],"picked":"Flying Knee","floor":31},{"not_picked":["Malaise","Wraith Form v2","Burst"],"picked":"Venomology","floor":33},{"not_picked":["Heel Hook","Outmaneuver","Leg Sweep"],"picked":"Finisher","floor":34},{"not_picked":["Bane+1","Flying Knee+1","Noxious Fumes+1"],"picked":"Backflip","floor":35},{"not_picked":["Dagger Throw","Sucker Punch","Dash+1"],"picked":"Dagger Spray+1","floor":36},{"not_picked":["Bane+1","Calculated Gamble+1","Deflect+1"],"picked":"Slice+1","floor":38}],"player_experience":196693,"relics_obtained":[{"floor":4,"key":"Question Card"},{"floor":7,"key":"Bag of Marbles"},{"floor":9,"key":"Boot"},{"floor":11,"key":"Blue Candle"},{"floor":13,"key":"Odd Mushroom"},{"floor":26,"key":"Ornamental Fan"}],"event_choices":[{"damage_healed":0,"gold_gain":75,"player_choice":"Gather Gold","damage_taken":11,"max_hp_gain":0,"max_hp_loss":0,"event_name":"World of Goop","floor":5,"gold_loss":0},{"damage_healed":0,"gold_gain":0,"player_choice":"Fought Mushrooms","damage_taken":0,"max_hp_gain":0,"max_hp_loss":0,"event_name":"Mushrooms","floor":13,"gold_loss":0},{"damage_healed":0,"gold_gain":0,"player_choice":"Opened","damage_taken":0,"relics_obtained":["Regal Pillow"],"max_hp_gain":0,"max_hp_loss":0,"event_name":"The Mausoleum","floor":20,"gold_loss":0},{"cards_removed":["Strike_G"],"damage_healed":0,"gold_gain":0,"player_choice":"Gave Gold","damage_taken":0,"max_hp_gain":0,"max_hp_loss":0,"event_name":"Beggar","floor":22,"gold_loss":75},{"damage_healed":0,"gold_gain":0,"player_choice":"Joined the Cult","damage_taken":6,"max_hp_gain":0,"max_hp_loss":0,"event_name":"Nest","floor":24,"gold_loss":0,"cards_obtained":["RitualDagger"]},{"cards_removed":["Defend_G"],"damage_healed":0,"gold_gain":0,"player_choice":"Removed Skill","damage_taken":0,"max_hp_gain":0,"max_hp_loss":0,"event_name":"Falling","floor":37,"gold_loss":0}],"is_beta":false,"boss_relics":[{"not_picked":["Empty Cage","Philosopher\u0027s Stone"],"picked":"WristBlade"},{"not_picked":["Astrolabe","Lizard Tail"],"picked":"Tiny House"}],"items_purged_floors":[2],"is_endless":false,"potions_floor_spawned":[1,7,10,13,14,27,28,30,33,36],"killed_by":"Maw","ascension_level":3}