{"gold_per_floor":[114,114,114,64,25,25,52,52,52,52,65,79,92,127,127,203,203,213,18,36,36,36,36,64,36,74,115,127,150,28,46,46,46],"floor_reached":33,"playtime":2233,"items_purged":["Strike_B","Defend_B"],"score":521,"play_id":"0abe69ed-0529-43d1-9cd0-9e95adc7e199","local_time":"20190714111841","is_ascension_mode":true,"campfire_choices":[{"data":"Zap","floor":6.0,"key":"SMITH"},{"data":"Defragment","floor":8.0,"key":"SMITH"},{"data":"Dualcast","floor":10.0,"key":"SMITH"},{"data":"Rainbow","floor":15.0,"key":"SMITH"},{"floor":23.0,"key":"REST"},{"floor":28.0,"key":"REST"},{"data":"Storm","floor":32,"key":"SMITH"}],"neow_cost":"NONE","seed_source_timestamp":0,"circlet_count":0,"master_deck":["AscendersBane","Defend_B+1","Defend_B","Zap+1","Dualcast+1","FTL","Defragment+1","Conserve Battery","Recycle","Sweeping Beam","Rainbow+1","Creative AI+1","Coolheaded","Storm+1","Glacier","Chaos","Self Repair","Hello World"],"special_seed":0,"relics":["Cracked Core","NeowsBlessing","Bag of Marbles","Mercury Hourglass","Blue Candle","Oddly Smooth Stone","Empty Cage","MawBank","Regal Pillow","Letter Opener"],"potions_floor_usage":[],"damage_taken":[{"damage":0.0,"enemies":"2 Louse","floor":1.0,"turns":1.0},{"damage":0.0,"enemies":"Gremlin Nob","floor":7.0,"turns":1.0},{"damage":0.0,"enemies":"Small Slimes","floor":11.0,"turns":1.0},{"damage":1.0,"enemies":"Cultist","floor":12.0,"turns":3.0},{"damage":1.0,"enemies":"Exordium Thugs","floor":13.0,"turns":4.0},{"damage":18.0,"enemies":"3 Sentries","floor":14.0,"turns":4.0},{"damage":30.0,"enemies":"Hexaghost","floor":16.0,"turns":10.0},{"damage":10.0,"enemies":"2 Thieves","floor":18.0,"turns":3.0},{"damage":0.0,"enemies":"3 Byrds","floor":20.0,"turns":4.0},{"damage":33.0,"enemies":"Slavers","floor":24.0,"turns":5.0},{"damage":16.0,"enemies":"Gremlin Leader","floor":27.0,"turns":7.0},{"damage":11,"enemies":"3 Cultists","floor":29,"turns":4},{"damage":1,"enemies":"Shelled Parasite and Fungi","floor":31,"turns":5},{"damage":52,"enemies":"Collector","floor":33,"turns":3}],"seed_played":"-6920586355989845512","potions_obtained":[{"floor":7.0,"key":"Strength Potion"},{"floor":12.0,"key":"Weak Potion"},{"floor":14.0,"key":"Block Potion"},{"floor":16.0,"key":"FocusPotion"},{"floor":20.0,"key":"Poison Potion"},{"floor":24.0,"key":"Explosive Potion"}],"is_trial":false,"path_per_floor":["M","?","?","?","$","R","E","R","T","R","M","M","M","E","R","B",null,"M","$","M","?","?","R","E","?","T","E","R","M","$","M","R","B"],"character_chosen":"DEFECT","items_purchased":["Defragment","Storm","Glacier","Self Repair"],"campfire_rested":2,"item_purchase_floors":[5,19,19,30],"current_hp_per_floor":[68,68,61,61,61,61,61,61,61,61,61,60,59,41,41,11,59,49,49,49,35,35,59,26,26,26,10,49,38,38,44,44,0],"gold":46,"neow_bonus":"THREE_ENEMY_KILL","is_prod":false,"is_daily":false,"chose_seed":false,"campfire_upgraded":5,"win_rate":0,"timestamp":1563117521,"path_taken":["M","?","?","?","$","R","E","R","T","R","M","M","M","E","R","BOSS","M","$","M","?","?","R","E","?","T","E","R","M","$","?","R","BOSS"],"build_version":"2019-07-05","purchased_purges":2,"victory":false,"max_hp_per_floor":[75,75,75,75,75,75,75,75,75,75,75,75,75,75,75,75,75,75,75,75,80,80,80,80,80,80,80,80,80,80,80,80,80],"card_choices":[{"not_picked":["Stack","Tempest"],"picked":"FTL","floor":1.0},{"not_picked":["Steam","Fusion","Aggregate"],"picked":"SKIP","floor":7.0},{"not_picked":["Turbo","Stack"],"picked":"Conserve Battery","floor":11.0},{"not_picked":["Auto Shields","Steam"],"picked":"Recycle","floor":12.0},{"not_picked":["Hello World","Leap"],"picked":"Sweeping Beam","floor":13.0},{"not_picked":["Leap","Recycle"],"picked":"Rainbow","floor":14.0},{"not_picked":["All For One","Buffer"],"picked":"Creative AI","floor":16.0},{"not_picked":["Stack","Compile Driver"],"picked":"Coolheaded","floor":18.0},{"not_picked":["Redo","Sweeping Beam","Glacier"],"picked":"SKIP","floor":20.0},{"not_picked":["Cold Snap","Steam Power","Meteor Strike"],"picked":"SKIP","floor":24.0},{"not_picked":["Conserve Battery","Stack"],"picked":"Chaos","floor":27.0},{"not_picked":["Chill","Recycle","Scrape+1"],"picked":"SKIP","floor":29},{"not_picked":["Double Energy","Redo"],"picked":"Hello World","floor":31}],"player_experience":872363,"relics_obtained":[{"floor":7.0,"key":"Mercury Hourglass"},{"floor":9.0,"key":"Blue Candle"},{"floor":14.0,"key":"Oddly Smooth Stone"},{"floor":24.0,"key":"MawBank"},{"floor":26.0,"key":"Regal Pillow"},{"floor":27.0,"key":"Letter Opener"}],"event_choices":[{"damage_healed":0.0,"max_hp_gain":0.0,"max_hp_loss":0.0,"gold_gain":0.0,"event_name":"Big Fish","player_choice":"Box","floor":2.0,"gold_loss":0.0,"damage_taken":0.0,"relics_obtained":["Bag of Marbles"],"cards_obtained":["Regret"]},{"cards_removed":["Regret"],"damage_healed":0.0,"max_hp_gain":0.0,"max_hp_loss":0.0,"gold_gain":0.0,"event_name":"Golden Wing","player_choice":"Card Removal","floor":3.0,"gold_loss":0.0,"damage_taken":7.0},{"cards_removed":["Strike_B"],"damage_healed":0.0,"max_hp_gain":0.0,"max_hp_loss":0.0,"gold_gain":0.0,"event_name":"The Cleric","player_choice":"Card Removal","floor":4.0,"gold_loss":50.0,"damage_taken":0.0},{"damage_healed":0.0,"max_hp_gain":5.0,"max_hp_loss":0.0,"gold_gain":0.0,"event_name":"Forgotten Altar","player_choice":"Shed Blood","floor":21.0,"gold_loss":0.0,"damage_taken":19.0},{"cards_removed":["Defend_B"],"damage_healed":0.0,"max_hp_gain":0.0,"max_hp_loss":0.0,"gold_gain":0.0,"event_name":"Back to Basics","player_choice":"Elegance","floor":22.0,"gold_loss":0.0,"damage_taken":0.0},{"damage_healed":0.0,"max_hp_gain":0.0,"max_hp_loss":0.0,"gold_gain":0.0,"event_name":"Designer","player_choice":"Upgraded Two","floor":25.0,"gold_loss":40.0,"damage_taken":0.0,"cards_upgraded":["Defend_B","Creative AI"]}],"is_beta":false,"boss_relics":[{"not_picked":["Tiny House","Lizard Tail"],"picked":"Empty Cage"}],"items_purged_floors":[19,30],"is_endless":false,"potions_floor_spawned":[7,12,14,16,20,24],"killed_by":"Collector","ascension_level":13}