{"gold_per_floor":[117,117,130,55,55,84,84,113,113,113,129,17,17,29,29,133,133,143,156,172,172,192,221,221,247,273,304,322,20,39,39,39,139,139,158,158,158,46,0,34,34,34,34,67,77,77,77,77,77,77],"floor_reached":50,"playtime":4117,"items_purged":["Strike_B","Strike_B"],"score":706,"play_id":"c390d20f-d11b-45c8-b8ea-589a98c910c7","local_time":"20190702202346","is_ascension_mode":true,"campfire_choices":[{"data":"Defragment","floor":7,"key":"SMITH"},{"floor":10,"key":"REST"},{"data":"Dualcast","floor":13,"key":"SMITH"},{"data":"Biased Cognition","floor":15,"key":"SMITH"},{"data":"Conserve Battery","floor":24,"key":"SMITH"},{"data":"Capacitor","floor":32,"key":"SMITH"},{"floor":42,"key":"RECALL"},{"data":"Storm","floor":47,"key":"SMITH"},{"floor":49,"key":"REST"}],"neow_cost":"NONE","seed_source_timestamp":560239202514688,"circlet_count":0,"master_deck":["Defend_B+1","Zap+1","Dualcast+1","Turbo+1","Lockon+1","Defragment+1","Conserve Battery+1","Sweeping Beam+1","Doom and Gloom+1","Biased Cognition+1","Amplify+1","Lockon+1","Chill+1","Glacier+1","Conserve Battery+1","Blizzard+1","Self Repair+1","Rebound+1","Chill+1","Compile Driver+1","Capacitor+1","Sunder+1","Coolheaded+1","Shame","Echo Form+1","Defragment+1","Storm+1","Heatsinks+1","Streamline+1","Go for the Eyes+1","Flash of Steel+1"],"relics":["Cracked Core","GremlinMask","Unceasing Top","Singing Bowl","Molten Egg 2","Astrolabe","Blue Candle","Pantograph","Regal Pillow","Gremlin Horn","Nuclear Battery","Mark of the Bloom","Red Mask","Kunai","Bottled Flame","Bronze Scales"],"potions_floor_usage":[8,14,16,16,16,23,28,28,28,33,33,35,40,50,50],"damage_taken":[{"damage":0,"enemies":"Cultist","floor":1,"turns":4},{"damage":0,"enemies":"Small Slimes","floor":3,"turns":3},{"damage":40,"enemies":"3 Sentries","floor":6,"turns":10},{"damage":20,"enemies":"Lagavulin","floor":8,"turns":5},{"damage":0,"enemies":"Jaw Worm","floor":11,"turns":2},{"damage":1,"enemies":"2 Fungi Beasts","floor":14,"turns":3},{"damage":9,"enemies":"The Guardian","floor":16,"turns":6},{"damage":6,"enemies":"2 Thieves","floor":18,"turns":3},{"damage":1,"enemies":"Shell Parasite","floor":19,"turns":7},{"damage":7,"enemies":"3 Cultists","floor":20,"turns":5},{"damage":9,"enemies":"Snecko","floor":22,"turns":5},{"damage":5,"enemies":"Gremlin Leader","floor":23,"turns":5},{"damage":29,"enemies":"Book of Stabbing","floor":25,"turns":7},{"damage":0,"enemies":"Slavers","floor":27,"turns":6},{"damage":3,"enemies":"Snake Plant","floor":28,"turns":4},{"damage":0,"enemies":"Shelled Parasite and Fungi","floor":30,"turns":6},{"damage":58,"enemies":"Champ","floor":33,"turns":13},{"damage":0,"enemies":"3 Shapes","floor":35,"turns":2},{"damage":14,"enemies":"Giant Head","floor":40,"turns":7},{"damage":0,"enemies":"Reptomancer","floor":44,"turns":4},{"damage":15,"enemies":"3 Darklings","floor":45,"turns":4},{"damage":55,"enemies":"Awakened One","floor":50,"turns":6}],"seed_played":"206997490825511712","potions_obtained":[{"floor":6,"key":"Poison Potion"},{"floor":8,"key":"EssenceOfSteel"},{"floor":11,"key":"EntropicBrew"},{"floor":16,"key":"FearPotion"},{"floor":23,"key":"SneckoOil"},{"floor":28,"key":"FocusPotion"},{"floor":33,"key":"Fire Potion"},{"floor":35,"key":"SteroidPotion"},{"floor":45,"key":"AttackPotion"}],"is_trial":false,"path_per_floor":["M","?","M","$","?","E","R","E","T","R","M","$","R","M","R","B",null,"M","M","M","?","M","E","R","E","T","E","M","$","M","?","R","B",null,"M","?","?","$","?","E","?","R","T","E","M","?","R","?","R","B"],"character_chosen":"DEFECT","items_purchased":["Doom and Gloom+1","FocusPotion","Capacitor","Sunder+1","Coolheaded","PowerPotion","Storm","FocusPotion"],"campfire_rested":2,"item_purchase_floors":[12,12,29,29,29,29,38,38],"current_hp_per_floor":[75,75,75,75,75,35,35,15,15,37,37,37,37,36,36,27,75,69,68,63,63,61,70,70,50,50,64,70,70,83,83,83,32,83,83,83,83,83,83,69,69,69,69,69,54,54,54,54,54,0],"gold":77,"neow_bonus":"UPGRADE_CARD","is_prod":false,"is_daily":false,"chose_seed":false,"campfire_upgraded":6,"win_rate":0,"timestamp":1562124226,"path_taken":["M","?","?","$","?","E","R","E","T","R","M","?","R","M","R","BOSS","M","?","M","?","M","E","R","E","T","E","M","$","M","?","R","BOSS","M","?","?","$","?","E","?","R","T","E","?","?","R","?","R","BOSS"],"build_version":"2019-07-01","purchased_purges":2,"victory":false,"max_hp_per_floor":[75,75,75,75,75,75,75,75,75,75,75,75,75,75,75,75,75,75,75,77,77,77,77,77,79,79,79,81,81,83,83,83,83,83,83,83,83,83,83,83,83,83,83,83,83,83,83,83,83,83],"card_choices":[{"not_picked":["Leap","Reprogram"],"picked":"Turbo","floor":1},{"not_picked":["BootSequence","Hologram"],"picked":"Lockon","floor":3},{"not_picked":["Turbo","Gash"],"picked":"Defragment","floor":6},{"not_picked":["Reinforced Body","Turbo"],"picked":"Conserve Battery","floor":8},{"not_picked":["Gash+1","Hologram"],"picked":"Sweeping Beam+1","floor":11},{"not_picked":["Compile Driver+1","Leap"],"picked":"Biased Cognition","floor":14},{"not_picked":["All For One+1","Reboot"],"picked":"Amplify","floor":16},{"not_picked":["Consume+1","Stack"],"picked":"Conserve Battery","floor":18},{"not_picked":["Turbo","Aggregate"],"picked":"Blizzard+1","floor":19},{"not_picked":["Turbo","Leap+1","BootSequence+1"],"picked":"Singing Bowl","floor":20},{"not_picked":["Turbo+1","Thunder Strike+1"],"picked":"Rebound+1","floor":22},{"not_picked":["Compile Driver+1","Redo"],"picked":"Chill","floor":23},{"not_picked":["Fusion","Steam Power","Cold Snap+1"],"picked":"Singing Bowl","floor":25},{"not_picked":["Stack","Redo"],"picked":"Compile Driver+1","floor":27},{"not_picked":["Aggregate","Chaos","Static Discharge"],"picked":"Singing Bowl","floor":28},{"not_picked":["Genetic Algorithm","Leap","Barrage+1"],"picked":"Singing Bowl","floor":30},{"not_picked":["Creative AI","Seek"],"picked":"Echo Form","floor":33},{"not_picked":["Steam Power+1","Cold Snap+1"],"picked":"Defragment","floor":35},{"not_picked":["Sweeping Beam+1","Glacier"],"picked":"Heatsinks+1","floor":40},{"not_picked":["Static Discharge","Heatsinks+1"],"picked":"Streamline+1","floor":44},{"not_picked":["Barrage+1","Conserve Battery+1"],"picked":"Go for the Eyes+1","floor":45},{"not_picked":["Trip","Deep Breath"],"picked":"Flash of Steel+1","floor":46}],"player_experience":137814,"relics_obtained":[{"floor":6,"key":"Unceasing Top"},{"floor":8,"key":"Singing Bowl"},{"floor":9,"key":"Molten Egg 2"},{"floor":23,"key":"Blue Candle"},{"floor":25,"key":"Pantograph"},{"floor":27,"key":"Regal Pillow"},{"floor":40,"key":"Kunai"},{"floor":43,"key":"Bottled Flame"},{"floor":44,"key":"Bronze Scales"}],"event_choices":[{"damage_healed":0,"gold_gain":0,"player_choice":"Trade","damage_taken":0,"relics_obtained":["GremlinMask"],"max_hp_gain":0,"max_hp_loss":0,"event_name":"FaceTrader","floor":2,"gold_loss":0},{"cards_removed":["Strike_B"],"damage_healed":0,"gold_gain":0,"player_choice":"Offered Basic","damage_taken":0,"max_hp_gain":0,"max_hp_loss":0,"event_name":"Bonfire Elementals","floor":5,"gold_loss":0},{"damage_healed":0,"gold_gain":0,"player_choice":"Read","damage_taken":0,"max_hp_gain":0,"max_hp_loss":0,"event_name":"The Library","floor":21,"gold_loss":0,"cards_obtained":["Self Repair"]},{"damage_healed":0,"gold_gain":0,"player_choice":"Stole Relic","damage_taken":0,"relics_obtained":["Gremlin Horn"],"max_hp_gain":0,"max_hp_loss":0,"event_name":"Addict","floor":31,"gold_loss":0,"cards_obtained":["Shame"]},{"damage_healed":0,"gold_gain":0,"player_choice":"Upgrade","damage_taken":0,"relics_obtained":["Mark of the Bloom"],"max_hp_gain":0,"max_hp_loss":0,"event_name":"MindBloom","floor":36,"gold_loss":0,"cards_upgraded":["Defend_B","Defend_B","Turbo","Lockon","Amplify","Conserve Battery","Self Repair","Chill","Coolheaded","Echo Form","Defragment"]},{"cards_removed":["Defend_B"],"damage_healed":0,"gold_gain":0,"player_choice":"Removed Skill","damage_taken":0,"max_hp_gain":0,"max_hp_loss":0,"event_name":"Falling","floor":37,"gold_loss":0},{"damage_healed":0,"gold_gain":0,"player_choice":"Paid","damage_taken":0,"relics_obtained":["Red Mask"],"max_hp_gain":0,"max_hp_loss":0,"event_name":"Tomb of Lord Red Mask","floor":39,"gold_loss":46},{"damage_healed":14,"gold_gain":0,"player_choice":"Full Heal","damage_taken":0,"max_hp_gain":0,"max_hp_loss":0,"event_name":"Wheel of Change","floor":41,"gold_loss":0},{"damage_healed":0,"gold_gain":0,"player_choice":"Memory 1","damage_taken":0,"max_hp_gain":0,"max_hp_loss":0,"event_name":"SensoryStone","floor":46,"gold_loss":0},{"damage_healed":0,"gold_gain":0,"player_choice":"Ignored","damage_taken":0,"max_hp_gain":0,"max_hp_loss":0,"event_name":"Mysterious Sphere","floor":48,"gold_loss":0}],"is_beta":false,"boss_relics":[{"not_picked":["Eternal Feather","Philosopher\u0027s Stone"],"picked":"Astrolabe"},{"not_picked":["Black Star","Fusion Hammer"],"picked":"Nuclear Battery"}],"items_purged_floors":[4,29],"is_endless":false,"potions_floor_spawned":[6,8,11,16,20,22,23,28,33,35,45],"killed_by":"Awakened One","ascension_level":3}