{"gold_per_floor":[113,130,305,325,340,374,28,28,28,28,58,58,74,104,104,207,207,217,142,155,0,11,11],"floor_reached":23,"playtime":1594,"items_purged":[],"score":264,"play_id":"1a2dcfc1-782a-4d64-8d08-3d8a215296d1","local_time":"20190719191054","is_ascension_mode":true,"campfire_choices":[{"floor":8,"key":"REST"},{"floor":12,"key":"REST"},{"floor":15,"key":"REST"}],"neow_cost":"NONE","seed_source_timestamp":958089456603140,"circlet_count":0,"master_deck":["Strike_G+1","Strike_G","Strike_G","Strike_G","Defend_G","Defend_G","Defend_G","Defend_G","Defend_G","Survivor","Neutralize+1","Backflip","Reflex","Doubt","Quick Slash","Deadly Poison","Caltrops+1","Well Laid Plans","Unload","Bane","Leg Sweep","A Thousand Cuts","Deadly Poison","Caltrops"],"relics":["Fusion Hammer","Ancient Tea Set","Thread and Needle","Bag of Marbles","Sundial","Whetstone","Black Star","Oddly Smooth Stone"],"potions_floor_usage":[6,6,14,23],"damage_taken":[{"damage":0,"enemies":"Cultist","floor":1,"turns":4},{"damage":2,"enemies":"Small Slimes","floor":2,"turns":4},{"damage":0,"enemies":"2 Louse","floor":4,"turns":3},{"damage":0,"enemies":"2 Fungi Beasts","floor":5,"turns":4},{"damage":15,"enemies":"3 Sentries","floor":6,"turns":11},{"damage":18,"enemies":"Lagavulin","floor":11,"turns":7},{"damage":11,"enemies":"3 Louse","floor":13,"turns":3},{"damage":18,"enemies":"Gremlin Nob","floor":14,"turns":4},{"damage":7,"enemies":"Hexaghost","floor":16,"turns":9},{"damage":12,"enemies":"Spheric Guardian","floor":18,"turns":4},{"damage":7,"enemies":"Shell Parasite","floor":20,"turns":6},{"damage":22,"enemies":"Snake Plant","floor":22,"turns":4},{"damage":26,"enemies":"Gremlin Leader","floor":23,"turns":2}],"seed_played":"4344871885510795237","potions_obtained":[{"floor":4,"key":"AttackPotion"},{"floor":5,"key":"Poison Potion"},{"floor":11,"key":"SteroidPotion"},{"floor":20,"key":"Ancient Potion"}],"is_trial":false,"path_per_floor":["M","M","?","M","M","E","$","R","T","?","E","R","M","E","R","B",null,"M","?","M","$","M","E"],"character_chosen":"THE_SILENT","items_purchased":["Thread and Needle","Well Laid Plans","Oddly Smooth Stone"],"campfire_rested":3,"item_purchase_floors":[7,7,21],"current_hp_per_floor":[70,68,68,68,68,53,53,70,70,70,52,70,59,41,62,55,66,54,54,47,47,25,0],"gold":11,"neow_bonus":"BOSS_RELIC","is_prod":false,"is_daily":false,"chose_seed":false,"campfire_upgraded":0,"win_rate":0,"timestamp":1563588654,"path_taken":["M","M","?","M","M","E","$","R","T","?","E","R","M","E","R","BOSS","M","?","M","$","M","E"],"build_version":"2019-07-17","purchased_purges":0,"victory":false,"max_hp_per_floor":[70,70,70,70,70,70,70,70,70,70,70,70,70,70,70,70,70,70,70,70,70,70,70],"card_choices":[{"not_picked":["Cloak And Dagger","Slice"],"picked":"Backflip","floor":1},{"not_picked":["Cloak And Dagger","Calculated Gamble"],"picked":"Reflex","floor":2},{"not_picked":["Backflip","Skewer"],"picked":"Quick Slash","floor":4},{"not_picked":["Catalyst","Sucker Punch"],"picked":"Deadly Poison","floor":5},{"not_picked":["Cloak And Dagger","Prepared"],"picked":"Caltrops","floor":6},{"not_picked":["Sucker Punch","Backstab"],"picked":"Unload","floor":11},{"not_picked":["Quick Slash","Backflip"],"picked":"Bane","floor":13},{"not_picked":["Deflect","All Out Attack"],"picked":"Leg Sweep","floor":14},{"not_picked":["Burst","Grand Finale"],"picked":"A Thousand Cuts","floor":16},{"not_picked":["Bane","Expertise"],"picked":"Deadly Poison","floor":18},{"not_picked":["Quick Slash","Finisher+1","Backstab+1"],"picked":"SKIP","floor":20},{"not_picked":["Quick Slash","Riddle With Holes"],"picked":"Caltrops","floor":22}],"player_experience":357660,"relics_obtained":[{"floor":6,"key":"Ancient Tea Set"},{"floor":9,"key":"Bag of Marbles"},{"floor":11,"key":"Sundial"},{"floor":14,"key":"Whetstone"}],"event_choices":[{"damage_healed":0,"gold_gain":175,"player_choice":"AGREE","damage_taken":0,"max_hp_gain":0,"max_hp_loss":0,"event_name":"Liars Game","floor":3,"gold_loss":0,"cards_obtained":["Doubt"]},{"damage_healed":0,"gold_gain":0,"player_choice":"Grow","damage_taken":0,"max_hp_gain":0,"max_hp_loss":0,"event_name":"Living Wall","floor":10,"gold_loss":0,"cards_upgraded":["Caltrops"]},{"cards_removed":["Strike_G"],"damage_healed":0,"gold_gain":0,"player_choice":"Gave Gold","damage_taken":0,"max_hp_gain":0,"max_hp_loss":0,"event_name":"Beggar","floor":19,"gold_loss":75}],"is_beta":false,"boss_relics":[{"not_picked":["Busted Crown","Velvet Choker"],"picked":"Black Star"}],"items_purged_floors":[],"is_endless":false,"potions_floor_spawned":[4,5,11,20],"killed_by":"Gremlin Leader","ascension_level":5}