{"gold_per_floor":[113,63,25,25,42,67,78,78,78,78,78,78,88,99,99,204,204,221,146,146,158,169,169,181,198,198,227,244,244],"floor_reached":29,"playtime":1637,"items_purged":["Strike_B"],"score":371,"play_id":"626b9266-d9eb-4d27-b945-104eef4d9b9a","local_time":"20181016102455","is_ascension_mode":true,"campfire_choices":[{"data":"Zap","floor":8,"key":"SMITH"},{"data":"Conserve Battery","floor":10,"key":"SMITH"},{"data":"Lockon","floor":12,"key":"SMITH"},{"data":"Coolheaded","floor":15,"key":"SMITH"},{"data":"Conserve Battery","floor":23,"key":"SMITH"}],"neow_cost":"NONE","seed_source_timestamp":256719503954230,"circlet_count":0,"master_deck":["Strike_B","Strike_B","Defend_B","Defend_B","Defend_B","Defend_B","Zap+1","Dualcast","AscendersBane","Lockon+1","Rip and Tear","Conserve Battery+1","Core Surge","Conserve Battery+1","Coolheaded+1","Conserve Battery+1","Core Surge","Tempest","Reinforced Body+1","Defragment+1","Stack+1"],"relics":["Cracked Core","Potion Belt","Frozen Egg 2","Pantograph","Nuclear Battery","Anchor","Oddly Smooth Stone"],"potions_floor_usage":[13,16,16,16,24,29],"damage_taken":[{"damage":5,"enemies":"Small Slimes","floor":1,"turns":3},{"damage":0,"enemies":"2 Louse","floor":5,"turns":2},{"damage":29,"enemies":"Lagavulin","floor":6,"turns":6},{"damage":2,"enemies":"Jaw Worm","floor":7,"turns":3},{"damage":7,"enemies":"Exordium Thugs","floor":13,"turns":4},{"damage":7,"enemies":"Red Slaver","floor":14,"turns":4},{"damage":33,"enemies":"Slime Boss","floor":16,"turns":16},{"damage":2,"enemies":"Chosen","floor":18,"turns":5},{"damage":13,"enemies":"Shell Parasite","floor":21,"turns":6},{"damage":8,"enemies":"Chosen and Byrds","floor":22,"turns":5},{"damage":5,"enemies":"Snecko","floor":24,"turns":3},{"damage":8,"enemies":"Centurion and Healer","floor":25,"turns":6},{"damage":20,"enemies":"Slavers","floor":27,"turns":9},{"damage":4,"enemies":"Shelled Parasite and Fungi","floor":28,"turns":7},{"damage":20,"enemies":"Snecko","floor":29,"turns":4}],"seed_played":"8611754713234766912","potions_obtained":[{"floor":5,"key":"Swift Potion"},{"floor":6,"key":"Weak Potion"},{"floor":13,"key":"Explosive Potion"},{"floor":14,"key":"SkillPotion"},{"floor":18,"key":"FocusPotion"},{"floor":22,"key":"Regen Potion"},{"floor":27,"key":"FearPotion"},{"floor":28,"key":"Swift Potion"}],"is_trial":false,"path_per_floor":["M","?","$","$","M","E","M","R","T","R","?","R","M","M","R","B",null,"M","$","?","M","M","R","M","M","T","E","M"],"character_chosen":"DEFECT","items_purchased":["Rip and Tear"],"campfire_rested":0,"item_purchase_floors":[3],"current_hp_per_floor":[63,63,63,63,63,34,32,32,32,32,32,32,25,18,18,10,59,57,57,57,44,36,36,40,32,32,12,8,0],"gold":244,"neow_bonus":"RANDOM_COMMON_RELIC","is_prod":false,"is_daily":false,"chose_seed":false,"campfire_upgraded":5,"win_rate":0,"timestamp":1539699895,"path_taken":["M","?","?","$","?","E","M","R","T","R","?","R","M","M","R","BOSS","M","$","?","M","M","R","M","M","T","E","M","M"],"build_version":"2018-10-11","purchased_purges":1,"victory":false,"max_hp_per_floor":[75,75,75,75,75,75,75,75,75,75,75,75,75,75,75,75,75,75,75,75,75,75,75,75,75,75,75,75,75],"card_choices":[{"not_picked":["Go for the Eyes","Stack"],"picked":"Lockon","floor":1},{"not_picked":["Storm","Turbo"],"picked":"Conserve Battery","floor":5},{"not_picked":["Compile Driver","Redo"],"picked":"Core Surge","floor":6},{"not_picked":["Steam","Go for the Eyes"],"picked":"Conserve Battery","floor":7},{"not_picked":["Steam","Ball Lightning"],"picked":"Coolheaded","floor":13},{"not_picked":["Go for the Eyes","Ball Lightning"],"picked":"Conserve Battery","floor":14},{"not_picked":["Reboot","Multi-Cast"],"picked":"Core Surge","floor":16},{"not_picked":["Capacitor+1","Glacier"],"picked":"Tempest","floor":18},{"not_picked":["Aggregate","Hello World+1","Streamline+1"],"picked":"SKIP","floor":21},{"not_picked":["Doom and Gloom+1","Skim"],"picked":"Reinforced Body+1","floor":22},{"not_picked":["Skim","Scrape+1"],"picked":"Defragment+1","floor":24},{"not_picked":["Ball Lightning","Compile Driver+1","Hello World+1"],"picked":"SKIP","floor":25},{"not_picked":["Hologram","Beam Cell"],"picked":"Stack+1","floor":27},{"not_picked":["Rebound","Undo","Hologram"],"picked":"SKIP","floor":28}],"player_experience":498948,"relics_obtained":[{"floor":6,"key":"Frozen Egg 2"},{"floor":9,"key":"Pantograph"},{"floor":26,"key":"Anchor"},{"floor":27,"key":"Oddly Smooth Stone"}],"event_choices":[{"event_name":"The Cleric","player_choice":"Card Removal","floor":2,"damage_taken":0},{"event_name":"Upgrade Shrine","player_choice":"Upgraded","floor":11,"damage_taken":0},{"event_name":"Vampires","player_choice":"Ignored","floor":20,"damage_taken":0}],"is_beta":false,"boss_relics":[{"not_picked":["Philosopher\u0027s Stone","Inserter"],"picked":"Nuclear Battery"}],"items_purged_floors":[19],"is_endless":false,"potions_floor_spawned":[5,6,13,14,18,22,27,28],"killed_by":"Snecko","ascension_level":10}