{"gold_per_floor":[115,131,131,131,141,141,172,172,172,228,80,107,107,107,107,204,204,217,217,230,145,145,175,175,75,75,103,103,123,134,148,148,247,247,261,136,156,66,84,118,118,118],"floor_reached":42,"playtime":4247,"items_purged":["Strike_B","Strike_B","Dualcast"],"score":796,"play_id":"860d0e79-61c3-4bc2-b965-1c5a94d9ee5a","local_time":"20181124153501","is_ascension_mode":true,"campfire_choices":[{"data":"Chill","floor":6.0,"key":"SMITH"},{"floor":8.0,"key":"REST"},{"data":"Defragment","floor":13.0,"key":"SMITH"},{"floor":15.0,"key":"REST"},{"floor":24.0,"key":"REST"},{"data":"Zap","floor":28.0,"key":"SMITH"},{"data":"Reinforced Body","floor":32.0,"key":"SMITH"},{"floor":41.0,"key":"DIG"}],"neow_cost":"NONE","seed_source_timestamp":0,"circlet_count":0,"master_deck":["AscendersBane","Defend_B+1","Defend_B","Defend_B","Zap+1","Heatsinks","Skim","Coolheaded+1","Chill+1","Electrodynamics","White Noise+1","Tempest","Defragment+1","Echo Form","Reinforced Body+1","Storm","Static Discharge","Consume","Self Repair","Force Field","Core Surge","Thunder Strike+1"],"special_seed":0,"relics":["Cracked Core","Prayer Wheel","Gambling Chip","Tiny Chest","Art of War","Sozu","Dream Catcher","Bottled Tornado","Blue Candle","Singing Bowl","Darkstone Periapt","Inserter","Shovel","Ice Cream"],"potions_floor_usage":[],"damage_taken":[{"damage":10.0,"enemies":"Small Slimes","floor":1.0,"turns":4.0},{"damage":1.0,"enemies":"Jaw Worm","floor":2.0,"turns":4.0},{"damage":1.0,"enemies":"Cultist","floor":5.0,"turns":3.0},{"damage":40.0,"enemies":"Lagavulin","floor":7.0,"turns":10.0},{"damage":10.0,"enemies":"3 Sentries","floor":10.0,"turns":5.0},{"damage":13.0,"enemies":"Gremlin Nob","floor":12.0,"turns":5.0},{"damage":35.0,"enemies":"Hexaghost","floor":16.0,"turns":10.0},{"damage":13.0,"enemies":"2 Thieves","floor":18.0,"turns":2.0},{"damage":0.0,"enemies":"Chosen","floor":20.0,"turns":3.0},{"damage":15.0,"enemies":"Book of Stabbing","floor":23.0,"turns":4.0},{"damage":3.0,"enemies":"Gremlin Leader","floor":27.0,"turns":6.0},{"damage":0.0,"enemies":"3 Cultists","floor":29.0,"turns":3.0},{"damage":0.0,"enemies":"Centurion and Healer","floor":30.0,"turns":3.0},{"damage":3.0,"enemies":"Snecko","floor":31.0,"turns":4.0},{"damage":14.0,"enemies":"Automaton","floor":33.0,"turns":8.0},{"damage":9.0,"enemies":"Orb Walker","floor":35.0,"turns":4.0},{"damage":1.0,"enemies":"3 Darklings","floor":37.0,"turns":4.0},{"damage":52.0,"enemies":"Transient","floor":39.0,"turns":5.0},{"damage":9.0,"enemies":"Giant Head","floor":40.0,"turns":7.0},{"damage":61,"enemies":"Writhing Mass","floor":42,"turns":5}],"seed_played":"-8037885061663946297","potions_obtained":[{"floor":1.0,"key":"Weak Potion"},{"floor":2.0,"key":"LiquidBronze"}],"is_trial":false,"path_per_floor":["M","M","?","?","M","R","E","R","T","E","$","E","R","?","R","B",null,"M","?","M","?","T","E","R","$","T","E","R","M","M","M","R","B",null,"M","$","M","?","M","E","R","M"],"character_chosen":"DEFECT","items_purchased":["Tempest"],"campfire_rested":3,"item_purchase_floors":[11],"current_hp_per_floor":[58,57,57,75,74,74,34,56,56,46,46,33,33,18,40,5,58,45,45,45,45,45,30,52,52,52,49,49,58,69,82,82,75,81,83,83,91,91,50,57,57,0],"gold":118,"neow_bonus":"TRANSFORM_CARD","is_prod":false,"is_daily":false,"chose_seed":false,"campfire_upgraded":4,"win_rate":0,"timestamp":1543091701,"path_taken":["M","M","?","?","M","R","E","R","T","E","$","E","R","?","R","BOSS","M","?","?","?","?","E","R","?","T","E","R","M","?","M","R","BOSS","M","$","?","?","M","E","R","?"],"build_version":"2018-11-15","purchased_purges":3,"victory":false,"max_hp_per_floor":[75,75,75,75,75,75,75,75,75,75,75,75,75,75,75,75,75,75,75,75,75,75,75,75,75,75,75,75,77,81,83,83,83,83,87,87,91,91,95,97,97,97],"card_choices":[{"not_picked":["Conserve Battery","Barrage"],"picked":"Skim","floor":1.0},{"not_picked":["Conserve Battery","Sweeping Beam"],"picked":"Coolheaded","floor":2.0},{"not_picked":["Go for the Eyes","Sweeping Beam"],"picked":"Chill","floor":5.0},{"not_picked":["Chill","Compile Driver"],"picked":"Electrodynamics","floor":7.0},{"not_picked":["Cold Snap","Fusion"],"picked":"White Noise","floor":10.0},{"not_picked":["Compile Driver","Steam"],"picked":"Defragment","floor":12.0},{"not_picked":["Core Surge","Biased Cognition"],"picked":"Echo Form","floor":16.0},{"not_picked":["Aggregate","White Noise"],"picked":"Reinforced Body","floor":18.0},{"not_picked":["Streamline","Undo+1"],"picked":"Storm","floor":18.0},{"not_picked":["Rebound","Scrape+1"],"picked":"Static Discharge","floor":20.0},{"not_picked":["Ball Lightning","Sweeping Beam+1","Storm"],"picked":"SKIP","floor":20.0},{"not_picked":["Reinforced Body","White Noise","Aggregate"],"picked":"SKIP","floor":23.0},{"not_picked":["Chill","Rebound"],"picked":"Consume","floor":24.0},{"not_picked":["Heatsinks","Gash"],"picked":"Self Repair","floor":27.0},{"not_picked":["Self Repair","Rebound"],"picked":"Force Field","floor":29.0},{"not_picked":["Coolheaded+1","Cold Snap","Auto Shields"],"picked":"Singing Bowl","floor":29.0},{"not_picked":["Turbo","Scrape","Stack"],"picked":"Singing Bowl","floor":30.0},{"not_picked":["Rebound","Sunder+1","Hologram"],"picked":"Singing Bowl","floor":30.0},{"not_picked":["Cold Snap","Go for the Eyes","Doom and Gloom"],"picked":"Singing Bowl","floor":31.0},{"not_picked":["Cold Snap","Rebound"],"picked":"Core Surge","floor":31.0},{"not_picked":["Creative AI","Amplify"],"picked":"Thunder Strike","floor":33.0},{"not_picked":["Skim+1","Hello World","Rebound"],"picked":"Singing Bowl","floor":35.0},{"not_picked":["Compile Driver+1","Conserve Battery","Gash+1"],"picked":"Singing Bowl","floor":35.0},{"not_picked":["Capacitor","Reprogram","Conserve Battery"],"picked":"Singing Bowl","floor":37.0},{"not_picked":["Core Surge","Coolheaded","Tempest"],"picked":"SKIP","floor":37.0},{"not_picked":["Core Surge","Coolheaded","Tempest"],"picked":"Singing Bowl","floor":37.0},{"not_picked":["Hologram","Glacier","FTL+1"],"picked":"Singing Bowl","floor":39.0},{"not_picked":["Scrape","Beam Cell+1","Redo"],"picked":"Singing Bowl","floor":39.0},{"not_picked":["Aggregate","Multi-Cast","Rebound"],"picked":"Singing Bowl","floor":40.0}],"player_experience":571148,"relics_obtained":[{"floor":7.0,"key":"Prayer Wheel"},{"floor":9.0,"key":"Gambling Chip"},{"floor":10.0,"key":"Tiny Chest"},{"floor":12.0,"key":"Art of War"},{"floor":22.0,"key":"Bottled Tornado"},{"floor":23.0,"key":"Blue Candle"},{"floor":26.0,"key":"Singing Bowl"},{"floor":27.0,"key":"Darkstone Periapt"},{"floor":40.0,"key":"Shovel"},{"floor":41.0,"key":"Ice Cream"}],"event_choices":[{"cards_removed":["Strike_B"],"damage_healed":0.0,"max_hp_gain":0.0,"max_hp_loss":0.0,"gold_gain":0.0,"event_name":"Living Wall","player_choice":"Forget","floor":3.0,"gold_loss":0.0,"damage_taken":0.0},{"damage_healed":25.0,"max_hp_gain":0.0,"max_hp_loss":0.0,"gold_gain":0.0,"event_name":"Big Fish","player_choice":"Banana","floor":4.0,"gold_loss":0.0,"damage_taken":0.0},{"damage_healed":0.0,"max_hp_gain":0.0,"max_hp_loss":0.0,"gold_gain":0.0,"event_name":"Shining Light","player_choice":"Entered Light","floor":14.0,"gold_loss":0.0,"damage_taken":15.0,"cards_upgraded":["Coolheaded","Defend_B"]},{"damage_healed":0.0,"max_hp_gain":0.0,"max_hp_loss":0.0,"gold_gain":0.0,"event_name":"Accursed Blacksmith","player_choice":"Forge","floor":19.0,"gold_loss":0.0,"damage_taken":0.0,"cards_upgraded":["White Noise"]},{"damage_healed":0.0,"max_hp_gain":0.0,"max_hp_loss":0.0,"gold_gain":0.0,"event_name":"Addict","player_choice":"Obtained Relic","floor":21.0,"gold_loss":85.0,"damage_taken":0.0,"relics_obtained":["Dream Catcher"]},{"cards_removed":["Defend_B"],"damage_healed":0.0,"max_hp_gain":0.0,"max_hp_loss":0.0,"gold_gain":0.0,"event_name":"Designer","player_choice":"Upgrade and Remove","floor":38.0,"gold_loss":90.0,"damage_taken":0.0,"cards_upgraded":["Thunder Strike"]}],"is_beta":false,"boss_relics":[{"not_picked":["Cursed Key","Runic Dome"],"picked":"Sozu"},{"not_picked":["Astrolabe","Nuclear Battery"],"picked":"Inserter"}],"items_purged_floors":[11,25,36],"is_endless":false,"potions_floor_spawned":[1,2,27,30,31,35,40],"killed_by":"Writhing Mass","ascension_level":12}