{"gold_per_floor":[13,33,52,52,69,99,99,2,2,2,2,33,45,63,63,164,164,181,197,197,213,230,230,155,166,193,207,10,0,35,35,35,130,130,148,160,160,160,260,292,292,322,349,37,55,69,69,82,82,82],"floor_reached":51,"playtime":7110,"items_purged":["Strike_R","Strike_R","Normality"],"score":789,"play_id":"2d5d4671-6e69-4f4a-bb6b-3c553385f99c","local_time":"20190625234221","is_ascension_mode":false,"campfire_choices":[{"data":"Entrench","floor":7,"key":"SMITH"},{"data":"Rupture","floor":11,"key":"SMITH"},{"data":"Hemokinesis","floor":15,"key":"SMITH"},{"data":"Cleave","floor":23,"key":"SMITH"},{"data":"Armaments","floor":32,"key":"SMITH"},{"data":"Whirlwind","floor":41,"key":"SMITH"},{"data":"Intimidate","floor":47,"key":"SMITH"},{"floor":49,"key":"REST"}],"neow_cost":"NO_GOLD","seed_source_timestamp":571762294146626,"circlet_count":0,"master_deck":["Defend_R","Defend_R+1","Defend_R","Bash+1","Demon Form","Headbutt","Cleave","Entrench+1","Double Tap","Rupture+1","Thunderclap","Rampage","Armaments+1","Hemokinesis+1","Offering","Seeing Red+1","Burning Pact+1","Dropkick+1","Cleave+1","Searing Blow+1","Ghostly","Ghostly","Ghostly","Ghostly","Ghostly","Pommel Strike","Whirlwind+1","Shockwave","Swift Strike","Sword Boomerang+1","Brutality","Anger","Juggernaut","Heavy Blade","Blood for Blood","Rupture+1","Feel No Pain+1","Heavy Blade+1","Apotheosis","Intimidate+1","Ghostly Armor+1","Thunderclap+1"],"relics":["Burning Blood","Thread and Needle","Meat on the Bone","Dodecahedron","Astrolabe","Juzu Bracelet","Pantograph","FaceOfCleric","Runic Dome","Gambling Chip","Centennial Puzzle","Happy Flower","Blood Vial"],"potions_floor_usage":[16,16,30,33,33,48],"damage_taken":[{"damage":6,"enemies":"Cultist","floor":1,"turns":3},{"damage":12,"enemies":"Small Slimes","floor":2,"turns":4},{"damage":6,"enemies":"Jaw Worm","floor":3,"turns":3},{"damage":6,"enemies":"3 Louse","floor":5,"turns":2},{"damage":18,"enemies":"Gremlin Nob","floor":6,"turns":4},{"damage":9,"enemies":"Lagavulin","floor":12,"turns":6},{"damage":9,"enemies":"Red Slaver","floor":13,"turns":3},{"damage":0,"enemies":"Gremlin Gang","floor":14,"turns":3},{"damage":41,"enemies":"Hexaghost","floor":16,"turns":9},{"damage":15,"enemies":"3 Byrds","floor":18,"turns":5},{"damage":23,"enemies":"Spheric Guardian","floor":19,"turns":4},{"damage":3,"enemies":"Centurion and Healer","floor":21,"turns":5},{"damage":1,"enemies":"3 Cultists","floor":22,"turns":6},{"damage":15,"enemies":"Snecko","floor":25,"turns":5},{"damage":3,"enemies":"Snake Plant","floor":27,"turns":5},{"damage":10,"enemies":"Book of Stabbing","floor":30,"turns":7},{"damage":37,"enemies":"Automaton","floor":33,"turns":11},{"damage":2,"enemies":"Orb Walker","floor":35,"turns":4},{"damage":14,"enemies":"3 Darklings","floor":36,"turns":3},{"damage":9,"enemies":"Mind Bloom Boss Battle","floor":39,"turns":8},{"damage":22,"enemies":"Reptomancer","floor":40,"turns":3},{"damage":4,"enemies":"Nemesis","floor":42,"turns":5},{"damage":10,"enemies":"Writhing Mass","floor":45,"turns":6},{"damage":9,"enemies":"Transient","floor":46,"turns":5},{"damage":10,"enemies":"4 Shapes","floor":48,"turns":5},{"damage":48,"enemies":"Donu and Deca","floor":50,"turns":9}],"seed_played":"-7600221619450191100","potions_obtained":[{"floor":2,"key":"Regen Potion"},{"floor":13,"key":"Weak Potion"},{"floor":14,"key":"SteroidPotion"},{"floor":16,"key":"SteroidPotion"},{"floor":21,"key":"Block Potion"},{"floor":27,"key":"Poison Potion"},{"floor":30,"key":"SkillPotion"},{"floor":39,"key":"Weak Potion"},{"floor":42,"key":"Explosive Potion"},{"floor":48,"key":"FairyPotion"}],"is_trial":false,"path_per_floor":["M","M","M","?","M","E","R","$","T","$","R","E","M","M","R","B",null,"M","M","?","M","M","R","?","M","T","M","$","?","E","?","R","B",null,"M","M","?","?","?","E","R","E","T","$","M","M","R","M","R","B",null],"character_chosen":"IRONCLAD","items_purchased":["Thunderclap","Swift Strike","Apotheosis"],"campfire_rested":1,"item_purchase_floors":[8,28,44],"current_hp_per_floor":[80,74,74,58,58,46,46,46,46,46,46,55,52,58,58,35,80,71,54,40,40,40,40,40,31,31,34,34,34,40,40,40,22,41,42,35,35,35,41,38,38,41,41,41,40,40,40,39,49,20],"gold":82,"neow_bonus":"THREE_RARE_CARDS","is_prod":false,"is_daily":false,"chose_seed":false,"campfire_upgraded":7,"win_rate":0.0,"timestamp":1561531341,"path_taken":["M","?","?","?","M","E","R","$","T","$","R","E","M","M","R","BOSS","M","M","?","M","M","R","?","M","T","M","$","?","E","?","R","BOSS","M","M","?","?","?","E","R","E","T","$","M","M","R","M","R","BOSS"],"build_version":"2019-01-23","purchased_purges":3,"victory":true,"max_hp_per_floor":[80,80,80,80,80,80,80,80,80,80,80,80,80,80,80,80,80,80,80,40,40,40,40,40,40,40,40,40,40,40,40,40,41,41,42,43,43,43,44,45,45,46,46,46,47,48,48,49,49,50],"card_choices":[{"not_picked":["Dark Embrace","Barricade"],"picked":"Demon Form","floor":0},{"not_picked":["True Grit","Clash"],"picked":"Headbutt","floor":1},{"not_picked":["Twin Strike","Thunderclap"],"picked":"Cleave","floor":2},{"not_picked":["Hemokinesis","Flex"],"picked":"Entrench","floor":3},{"not_picked":["Bloodletting","Iron Wave"],"picked":"Double Tap","floor":5},{"not_picked":["Battle Trance","Shrug It Off"],"picked":"Rupture","floor":6},{"not_picked":["True Grit","Reckless Charge"],"picked":"Rampage","floor":12},{"not_picked":["Metallicize","Anger"],"picked":"Armaments","floor":13},{"not_picked":["Warcry","True Grit"],"picked":"Hemokinesis","floor":14},{"not_picked":["Juggernaut","Double Tap"],"picked":"Offering","floor":16},{"not_picked":["Sever Soul","Clash"],"picked":"Cleave","floor":18},{"not_picked":["Warcry","Headbutt"],"picked":"Searing Blow+1","floor":19},{"not_picked":["Battle Trance","Dual Wield"],"picked":"Warcry+1","floor":21},{"not_picked":["True Grit","Warcry"],"picked":"Pommel Strike","floor":22},{"not_picked":["Clash","Pommel Strike"],"picked":"Whirlwind","floor":25},{"not_picked":["True Grit+1","Clothesline"],"picked":"Shockwave","floor":27},{"not_picked":["Clothesline+1","Disarm+1"],"picked":"Sword Boomerang+1","floor":30},{"not_picked":["Reaper","Double Tap"],"picked":"Brutality","floor":33},{"not_picked":["Iron Wave+1","Sword Boomerang"],"picked":"Anger","floor":35},{"not_picked":["Perfected Strike+1","Reckless Charge"],"picked":"Juggernaut","floor":36},{"not_picked":["Anger+1","Clash+1"],"picked":"Rupture+1","floor":39},{"not_picked":["Whirlwind","Body Slam+1"],"picked":"Feel No Pain+1","floor":40},{"not_picked":["Clothesline","Warcry+1"],"picked":"Heavy Blade+1","floor":42},{"not_picked":["Brutality","Uppercut+1"],"picked":"Intimidate","floor":45},{"not_picked":["Iron Wave","Headbutt"],"picked":"Ghostly Armor+1","floor":46},{"not_picked":["Sever Soul","Perfected Strike+1"],"picked":"Thunderclap+1","floor":48}],"player_experience":8076,"relics_obtained":[{"floor":6,"key":"Thread and Needle"},{"floor":9,"key":"Meat on the Bone"},{"floor":12,"key":"Dodecahedron"},{"floor":26,"key":"Juzu Bracelet"},{"floor":30,"key":"Pantograph"},{"floor":39,"key":"Gambling Chip"},{"floor":40,"key":"Centennial Puzzle"},{"floor":42,"key":"Happy Flower"},{"floor":43,"key":"Blood Vial"}],"event_choices":[{"damage_healed":0,"gold_gain":0,"player_choice":"Entered Light","damage_taken":16,"max_hp_gain":0,"max_hp_loss":0,"event_name":"Shining Light","floor":4,"gold_loss":0,"cards_upgraded":["Defend_R","Bash"]},{"damage_healed":0,"gold_gain":0,"player_choice":"Became a Ghost","damage_taken":0,"max_hp_gain":0,"max_hp_loss":40,"event_name":"Ghosts","floor":20,"gold_loss":0,"cards_obtained":["Ghostly","Ghostly","Ghostly","Ghostly","Ghostly"]},{"cards_removed":["Strike_R"],"damage_healed":0,"gold_gain":0,"player_choice":"Gave Gold","damage_taken":0,"max_hp_gain":0,"max_hp_loss":0,"event_name":"Beggar","floor":24,"gold_loss":75},{"damage_healed":0,"gold_gain":0,"player_choice":"Paid Fearfully","damage_taken":0,"max_hp_gain":0,"max_hp_loss":0,"event_name":"Masked Bandits","floor":29,"gold_loss":10},{"damage_healed":0,"gold_gain":0,"player_choice":"Trade","damage_taken":0,"relics_obtained":["FaceOfCleric"],"max_hp_gain":0,"max_hp_loss":0,"event_name":"FaceTrader","floor":31,"gold_loss":0},{"damage_healed":0,"gold_gain":0,"player_choice":"3 cards matched","damage_taken":0,"max_hp_gain":0,"max_hp_loss":0,"event_name":"Match and Keep!","floor":37,"gold_loss":0,"cards_obtained":["Heavy Blade","Normality","Blood for Blood"]},{"cards_removed":["Warcry"],"damage_healed":0,"gold_gain":0,"player_choice":"Removed Skill","damage_taken":0,"max_hp_gain":0,"max_hp_loss":0,"event_name":"Falling","floor":38,"gold_loss":0},{"damage_healed":0,"gold_gain":0,"player_choice":"Fight","damage_taken":0,"max_hp_gain":0,"max_hp_loss":0,"event_name":"MindBloom","floor":39,"gold_loss":0}],"is_beta":false,"boss_relics":[{"not_picked":["Snecko Eye","Black Blood"],"picked":"Astrolabe"},{"not_picked":["Orrery","Black Star"],"picked":"Runic Dome"}],"items_purged_floors":[8,28,44],"is_endless":false,"potions_floor_spawned":[2,13,14,16,21,27,30,39,42,48],"ascension_level":0}