{"gold_per_floor":[114,64,64,76,76,76,91,91,91,110,110,121,156,174,174,272,272,291,216,228,228,240,272,272,289,313,412,426,426],"floor_reached":29,"playtime":1487,"items_purged":["Defend_G"],"score":296,"play_id":"d5a20a62-e040-47aa-91ce-e3d1e06228ec","local_time":"20181018122901","is_ascension_mode":true,"campfire_choices":[{"data":"Deadly Poison","floor":6,"key":"SMITH"},{"data":"Cloak And Dagger","floor":8,"key":"SMITH"},{"data":"Acrobatics","floor":11,"key":"SMITH"},{"data":"Noxious Fumes","floor":15,"key":"SMITH"},{"data":"Bane","floor":24,"key":"SMITH"}],"neow_cost":"NONE","seed_source_timestamp":437114271241096,"circlet_count":0,"master_deck":["Defend_G","Defend_G","Defend_G","Defend_G","Strike_G","Strike_G","Strike_G","Strike_G","Survivor","Neutralize","Cloak And Dagger+1","Deadly Poison+1","Acrobatics+1","Bane+1","Bullet Time","Noxious Fumes+1","Burst","Calculated Gamble+1","J.A.X."],"relics":["Ring of the Snake","Bronze Scales","Gremlin Horn","Mercury Hourglass","Dream Catcher","Busted Crown","Unceasing Top","Omamori"],"potions_floor_usage":[18,29,29,29],"damage_taken":[{"damage":0,"enemies":"Cultist","floor":1,"turns":3},{"damage":0,"enemies":"Jaw Worm","floor":4,"turns":7},{"damage":1,"enemies":"Small Slimes","floor":7,"turns":2},{"damage":4,"enemies":"3 Louse","floor":10,"turns":2},{"damage":3,"enemies":"Looter","floor":12,"turns":2},{"damage":9,"enemies":"Gremlin Nob","floor":13,"turns":3},{"damage":4,"enemies":"Large Slime","floor":14,"turns":4},{"damage":25,"enemies":"Hexaghost","floor":16,"turns":8},{"damage":1,"enemies":"Spheric Guardian","floor":18,"turns":4},{"damage":0,"enemies":"Chosen","floor":20,"turns":3},{"damage":19,"enemies":"Snake Plant","floor":22,"turns":4},{"damage":25,"enemies":"Slavers","floor":23,"turns":5},{"damage":22,"enemies":"Chosen and Byrds","floor":25,"turns":4},{"damage":7,"enemies":"Sentry and Sphere","floor":28,"turns":4},{"damage":4,"enemies":"Gremlin Leader","floor":29,"turns":2}],"seed_played":"-7646777786897242999","potions_obtained":[{"floor":4,"key":"Strength Potion"},{"floor":10,"key":"GhostInAJar"},{"floor":16,"key":"Strength Potion"},{"floor":22,"key":"Strength Potion"},{"floor":28,"key":"Poison Potion"}],"is_trial":false,"path_per_floor":["M","?","?","M","?","R","M","R","T","M","R","M","E","M","R","B",null,"M","$","M","?","M","E","R","M","T","?","M"],"character_chosen":"THE_SILENT","items_purchased":[],"campfire_rested":0,"item_purchase_floors":[],"current_hp_per_floor":[70,70,63,63,68,68,67,67,67,63,63,60,51,47,47,22,75,74,74,74,74,55,30,30,8,8,8,1,0],"gold":426,"neow_bonus":"RANDOM_COMMON_RELIC","is_prod":false,"is_daily":false,"chose_seed":false,"campfire_upgraded":5,"win_rate":0,"timestamp":1539880141,"path_taken":["M","?","?","M","?","R","M","R","T","M","R","M","E","?","R","BOSS","M","$","M","?","M","E","R","M","T","?","M","E"],"build_version":"2018-10-11","purchased_purges":1,"victory":false,"max_hp_per_floor":[70,70,70,70,75,75,75,75,75,75,75,75,75,75,75,75,75,75,75,75,75,75,75,75,75,75,75,75,75],"card_choices":[{"not_picked":["Outmaneuver","Deflect"],"picked":"Cloak And Dagger","floor":1},{"not_picked":["Quick Slash","Underhanded Strike"],"picked":"Deadly Poison","floor":4},{"not_picked":["Underhanded Strike","Flying Knee","Poisoned Stab"],"picked":"SKIP","floor":7},{"not_picked":["Choke","Bane"],"picked":"Acrobatics","floor":10},{"not_picked":["Grand Finale","Footwork"],"picked":"Bane","floor":12},{"not_picked":["Prepared","Acrobatics"],"picked":"Bullet Time","floor":13},{"not_picked":["Acrobatics","Prepared"],"picked":"Noxious Fumes","floor":14},{"not_picked":["Unload","Doppelganger"],"picked":"Burst","floor":16},{"not_picked":[],"picked":"Calculated Gamble+1","floor":18},{"not_picked":["Poisoned Stab"],"picked":"SKIP","floor":20},{"not_picked":["Slice"],"picked":"SKIP","floor":22},{"not_picked":["Tactician"],"picked":"SKIP","floor":23},{"not_picked":["Blade Dance"],"picked":"SKIP","floor":25},{"not_picked":["Quick Slash+1"],"picked":"SKIP","floor":28}],"player_experience":518526,"relics_obtained":[{"floor":9,"key":"Mercury Hourglass"},{"floor":13,"key":"Dream Catcher"},{"floor":23,"key":"Unceasing Top"},{"floor":26,"key":"Omamori"}],"event_choices":[{"event_name":"The Cleric","player_choice":"Card Removal","floor":2,"damage_taken":0},{"event_name":"Scrap Ooze","player_choice":"success","floor":3,"damage_taken":7},{"event_name":"Big Fish","player_choice":"Donut","floor":5,"damage_taken":0},{"event_name":"Drug Dealer","player_choice":"Got JAX","floor":21,"damage_taken":0},{"event_name":"Nest","player_choice":"Stole From Cult","floor":27,"damage_taken":0}],"is_beta":false,"boss_relics":[{"not_picked":["Calling Bell","Orrery"],"picked":"Busted Crown"}],"items_purged_floors":[19],"is_endless":false,"potions_floor_spawned":[4,10,16,22,23,28],"killed_by":"Gremlin Leader","ascension_level":4}