{"gold_per_floor":[112,132,146,166,91,91,148,148,175,202,202,202],"floor_reached":12,"playtime":592,"items_purged":["Strike_R"],"score":90,"play_id":"5dfcaf16-4929-42dc-8ab3-6e16bc732d89","local_time":"20190305222714","is_ascension_mode":true,"campfire_choices":[{"data":"Searing Blow","floor":6,"key":"SMITH"},{"data":"Searing Blow+1","floor":11,"key":"SMITH"}],"neow_cost":"NONE","seed_source_timestamp":414821293731066,"circlet_count":0,"master_deck":["Strike_R","Strike_R","Strike_R","Strike_R","Defend_R","Defend_R","Defend_R","Defend_R","Bash","Searing Blow+2","Burning Pact","Havoc","Clothesline","Fiend Fire"],"relics":["Burning Blood","Boot","Blood Vial"],"potions_floor_usage":[10,10,12],"damage_taken":[{"damage":7,"enemies":"2 Louse","floor":1,"turns":3},{"damage":14,"enemies":"Jaw Worm","floor":2,"turns":3},{"damage":11,"enemies":"Cultist","floor":3,"turns":4},{"damage":22,"enemies":"Exordium Wildlife","floor":4,"turns":4},{"damage":47,"enemies":"Lagavulin","floor":10,"turns":7},{"damage":25,"enemies":"3 Sentries","floor":12,"turns":3}],"seed_played":"2219740386057421855","potions_obtained":[{"floor":1,"key":"Energy Potion"},{"floor":3,"key":"Energy Potion"},{"floor":4,"key":"Block Potion"}],"is_trial":false,"path_per_floor":["M","M","M","M","$","R","?","?","T","E","R","E"],"character_chosen":"IRONCLAD","items_purchased":[],"campfire_rested":0,"item_purchase_floors":[],"current_hp_per_floor":[87,79,74,58,58,58,58,63,63,22,22,0],"gold":202,"neow_bonus":"TEN_PERCENT_HP_BONUS","is_prod":false,"is_daily":false,"chose_seed":false,"campfire_upgraded":2,"win_rate":0,"timestamp":1551853634,"path_taken":["M","M","M","M","$","R","?","?","T","E","R","E"],"build_version":"2019-01-23","purchased_purges":1,"victory":false,"max_hp_per_floor":[88,88,88,88,88,88,88,93,93,93,93,93],"card_choices":[{"not_picked":["Anger","Burning Pact"],"picked":"Searing Blow","floor":1},{"not_picked":["Intimidate","Searing Blow"],"picked":"Burning Pact","floor":2},{"not_picked":["Sword Boomerang","Bloodletting"],"picked":"Havoc","floor":3},{"not_picked":["Wild Strike","Bloodletting"],"picked":"Clothesline","floor":4},{"not_picked":["Ghostly Armor","Twin Strike"],"picked":"Fiend Fire","floor":10}],"player_experience":86030,"relics_obtained":[{"floor":9,"key":"Boot"},{"floor":10,"key":"Blood Vial"}],"event_choices":[{"damage_healed":0,"gold_gain":57,"player_choice":"Gained Gold","damage_taken":0,"max_hp_gain":0,"max_hp_loss":0,"event_name":"Golden Wing","floor":7,"gold_loss":0},{"damage_healed":0,"gold_gain":0,"player_choice":"Donut","damage_taken":0,"max_hp_gain":5,"max_hp_loss":0,"event_name":"Big Fish","floor":8,"gold_loss":0}],"is_beta":false,"boss_relics":[],"items_purged_floors":[5],"is_endless":false,"potions_floor_spawned":[1,3,4],"killed_by":"3 Sentries","ascension_level":3}