{"path_per_floor":["M","?","?","?","?","M","M","R","T","R","E","M","E","M","R","B",null,"M","?","$","M","?","R","E","R","T","M","?","T","R","M","R","B",null,"M","?","M","$","?","R","$","M","T","M","M","R","M","M","R"],"character_chosen":"IRONCLAD","items_purchased":["Whirlwind","Frozen Egg"],"gold_per_floor":[14,14,14,14,14,33,48,48,48,48,86,107,151,171,171,295,295,308,308,67,90,90,90,121,121,121,135,35,35,35,50,50,171,171,184,184,209,159,220,220,170,195,195,219,244,244,265,284,284],"floor_reached":50,"campfire_rested":1,"playtime":17169,"current_hp_per_floor":[80,62,62,62,62,62,61,61,61,61,59,65,63,64,64,14,74,74,74,74,74,74,74,50,50,50,56,56,56,56,52,52,28,74,61,74,74,74,66,66,66,63,63,31,37,37,45,36,58],"items_purged":["Defend_R","Defend_R","Strike_R"],"gold":284,"play_id":"fe09607b-5018-4eda-a276-02e721197eef","is_prod":false,"is_daily":false,"campfire_rituals":0,"campfire_upgraded":6,"is_hardmode":false,"path_taken":["M","?","?","?","?","M","?","R","T","R","E","M","E","M","R","BOSS","M","?","$","?","?","R","E","R","T","?","?","?","R","?","R","BOSS","M","?","M","$","?","R","$","M","T","M","?","R","M","M","R","BOSS"],"build_version":"2018-01-18-PROD4","purchased_purges":3,"victory":false,"master_deck":["Defend_R","Bash","Metallicize","Pommel Strike","Heavy Blade","Flex","Shrug It Off","Seeing Red","Barricade","True Grit","Whirlwind","Intimidate","J.A.X.","Body Slam","Limit Break","Heavy Blade"],"max_hp_per_floor":[80,80,74,74,74,74,74,74,74,74,74,74,74,74,74,74,74,74,74,74,74,74,74,74,74,74,74,74,74,74,74,74,74,74,74,74,74,74,74,74,74,74,74,74,74,74,74,74,74],"relics":["Burning Blood","Peace Pipe","Paper Frog","Golden Idol","Gambling Chip","Bag of Preparation","Smiling Mask","Runic Dome","Frozen Egg","Shuriken","Calipers","Omamori","White Beast Statue","Red Skull","Unceasing Top"],"campfire_meditates":0,"card_choices":[{"not_picked":["Iron Wave","True Grit"],"picked":"Metallicize"},{"not_picked":["Flex","Second Wind"],"picked":"Pommel Strike"},{"not_picked":["Body Slam","Second Wind"],"picked":"Heavy Blade"},{"not_picked":["Intimidate","Rampage"],"picked":"Flex"},{"not_picked":["Wild Strike","Blood for Blood"],"picked":"Shrug It Off"},{"not_picked":["Second Wind","Cleave"],"picked":"Seeing Red"},{"not_picked":["Juggernaut","Fiend Fire"],"picked":"Barricade"},{"not_picked":["Thunderclap","Sword Boomerang"],"picked":"True Grit"},{"not_picked":["Rupture","Burning Pact"],"picked":"Intimidate"},{"not_picked":["Anger","Whirlwind"],"picked":"Body Slam"},{"not_picked":["Brutality","Dark Embrace"],"picked":"Limit Break"},{"not_picked":["Perfected Strike","Flex"],"picked":"Heavy Blade"}],"player_experience":60785,"potions_floor_usage":[11,11,13,16,24,31,31,33,44,45,47,50,50],"damage_taken":[{"damage":5,"enemies":"Jaw Worm","floor":1,"turns":4},{"damage":6,"enemies":"2 Louse","floor":6,"turns":3},{"damage":7,"enemies":"Small Slimes","floor":7,"turns":4},{"damage":8,"enemies":"3 Sentries","floor":11,"turns":7},{"damage":0,"enemies":"3 Louse","floor":12,"turns":4},{"damage":8,"enemies":"Gremlin Nob","floor":13,"turns":3},{"damage":5,"enemies":"Looter","floor":14,"turns":2},{"damage":56,"enemies":"The Guardian","floor":16,"turns":12},{"damage":5,"enemies":"Chosen","floor":18,"turns":5},{"damage":3,"enemies":"3 Byrds","floor":21,"turns":3},{"damage":45,"enemies":"Slavers","floor":24,"turns":7},{"damage":0,"enemies":"Snecko","floor":27,"turns":2},{"damage":10,"enemies":"Chosen and Byrds","floor":31,"turns":3},{"damage":30,"enemies":"Collector","floor":33,"turns":4},{"damage":19,"enemies":"3 Shapes","floor":35,"turns":3},{"damage":3,"enemies":"3 Darklings","floor":37,"turns":1},{"damage":14,"enemies":"Mysterious Sphere","floor":39,"turns":2},{"damage":9,"enemies":"Sphere and 2 Shapes","floor":42,"turns":1},{"damage":38,"enemies":"4 Shapes","floor":44,"turns":2},{"damage":0,"enemies":"3 Darklings","floor":45,"turns":1},{"damage":7,"enemies":"Maw","floor":47,"turns":4},{"damage":15,"enemies":"Sphere and 2 Shapes","floor":48,"turns":1},{"damage":66,"enemies":"Donu and Deca","floor":50,"turns":3}],"event_choices":[{"event_name":"Scrap Ooze","player_choice":"success","floor":2,"damage_taken":18},{"event_name":"Golden Idol","player_choice":"Lose Max HP","floor":3,"damage_taken":0},{"event_name":"The Lab","player_choice":"Got Potions","floor":4,"damage_taken":0},{"event_name":"Living Wall","player_choice":"Forget","floor":5,"damage_taken":0},{"event_name":"Upgrade Shrine","player_choice":"Upgraded","floor":19,"damage_taken":0},{"event_name":"Back to Basics","player_choice":"Elegance","floor":22,"damage_taken":0},{"event_name":"Drug Dealer","player_choice":"Got JAXXED","floor":28,"damage_taken":0},{"event_name":"Winding Halls","player_choice":"Writhe","floor":36,"damage_taken":0},{"event_name":"Mysterious Sphere","player_choice":"Fight","floor":39,"damage_taken":0}],"boss_relics":[{"not_picked":["Black Star","Orrery"],"picked":"Runic Dome"},{"not_picked":["Question Card","Eternal Feather"],"picked":"White Beast Statue"}],"potions_floor_spawned":[6,12,14,16,21,27,35,37,39,42,44,45,47,48],"seed_played":"4988990005473811441","killed_by":"Donu and Deca","is_trial":false}