{"gold_per_floor":[114,114,146,333,365,377,423,435,472,484,511,523,550,574,586,702,714,741,149,160,60,70,98,98,112,166,166,265,265,265,265,265,366,366,381,381,400,400,400,400,417,417,417,417,11,11,11,24,24,24],"floor_reached":51,"playtime":3202,"items_purged":["Strike_B","Decay","Strike_B+1"],"score":1231,"play_id":"7384e449-dee4-4b5f-8b13-e017e3ba0fe0","local_time":"20190712132628","is_ascension_mode":true,"campfire_choices":[{"data":"Defragment","floor":6.0,"key":"SMITH"},{"data":"Zap","floor":8.0,"key":"SMITH"},{"data":"White Noise","floor":10.0,"key":"SMITH"},{"floor":15.0,"key":"REST"},{"data":"Machine Learning","floor":24.0,"key":"SMITH"},{"data":"Buffer","floor":27.0,"key":"SMITH"},{"data":"Loop","floor":30.0,"key":"SMITH"},{"floor":32.0,"key":"REST"},{"data":"Defragment","floor":40,"key":"SMITH"},{"data":"Loop","floor":42,"key":"SMITH"},{"floor":46,"key":"DIG"},{"floor":49,"key":"REST"}],"neow_cost":"NONE","seed_source_timestamp":0,"circlet_count":0,"master_deck":["AscendersBane","Defend_B","Defend_B","Defend_B","Defend_B","Zap+1","Dualcast","FTL","Glacier","Defragment+1","White Noise+1","Loop+1","Echo Form","Loop+1","Machine Learning+1","Leap","Buffer+1","Static Discharge","Reboot","Defragment+1","Gash","Heatsinks","Force Field"],"special_seed":0,"relics":["FrozenCore","NeowsBlessing","MawBank","Mummified Hand","Strawberry","Busted Crown","Anchor","Bottled Lightning","Whetstone","Boot","Symbiotic Virus","Shovel","Ornamental Fan"],"potions_floor_usage":[41,50,50],"damage_taken":[{"damage":0.0,"enemies":"Cultist","floor":1.0,"turns":1.0},{"damage":0.0,"enemies":"Small Slimes","floor":3.0,"turns":1.0},{"damage":0.0,"enemies":"Jaw Worm","floor":5.0,"turns":1.0},{"damage":30.0,"enemies":"Gremlin Nob","floor":7.0,"turns":6.0},{"damage":17.0,"enemies":"Exordium Thugs","floor":11.0,"turns":4.0},{"damage":10.0,"enemies":"Looter","floor":13.0,"turns":4.0},{"damage":8.0,"enemies":"Blue Slaver","floor":14.0,"turns":3.0},{"damage":17.0,"enemies":"Hexaghost","floor":16.0,"turns":10.0},{"damage":31.0,"enemies":"Shell Parasite","floor":18.0,"turns":5.0},{"damage":0.0,"enemies":"Spheric Guardian","floor":20.0,"turns":6.0},{"damage":0.0,"enemies":"Centurion and Healer","floor":22.0,"turns":9.0},{"damage":0.0,"enemies":"Book of Stabbing","floor":23.0,"turns":7.0},{"damage":0.0,"enemies":"Chosen and Byrds","floor":25.0,"turns":6.0},{"damage":17.0,"enemies":"Colosseum Slavers","floor":31.0,"turns":5.0},{"damage":0.0,"enemies":"Automaton","floor":33.0,"turns":11.0},{"damage":16,"enemies":"3 Shapes","floor":35,"turns":4},{"damage":0,"enemies":"Orb Walker","floor":37,"turns":6},{"damage":0,"enemies":"3 Darklings","floor":41,"turns":9},{"damage":0,"enemies":"Transient","floor":48,"turns":5},{"damage":0,"enemies":"Time Eater","floor":50,"turns":12}],"seed_played":"-3773632593751887324","potions_obtained":[{"floor":1.0,"key":"GamblersBrew"},{"floor":3.0,"key":"Block Potion"},{"floor":5.0,"key":"GamblersBrew"},{"floor":7.0,"key":"AttackPotion"},{"floor":14.0,"key":"Strength Potion"},{"floor":22.0,"key":"EssenceOfSteel"},{"floor":23.0,"key":"Dexterity Potion"},{"floor":33.0,"key":"Swift Potion"},{"floor":35,"key":"Block Potion"},{"floor":41,"key":"Fruit Juice"}],"is_trial":false,"path_per_floor":["M","?","M","?","M","R","E","R","T","R","M","?","M","M","R","B",null,"M","$","M","$","M","E","R","M","T","R","?","?","R","?","R","B",null,"M","?","M","?","T","R","M","R","T","?","$","R","$","M","R","B",null],"character_chosen":"DEFECT","items_purchased":["Buffer","Anchor","Bottled Lightning","Heatsinks","Force Field","EssenceOfSteel","Dexterity Potion"],"campfire_rested":3,"item_purchase_floors":[19,19,19,45,45,45,45],"current_hp_per_floor":[68,68,68,68,68,68,38,38,45,45,28,28,18,10,34,17,66,35,35,35,35,35,35,35,35,35,35,35,35,35,18,42,42,72,56,56,56,56,56,56,61,61,61,61,61,61,61,61,83,83],"gold":24,"neow_bonus":"THREE_ENEMY_KILL","is_prod":false,"is_daily":false,"chose_seed":false,"campfire_upgraded":8,"win_rate":0,"timestamp":1562952388,"path_taken":["M","?","?","?","M","R","E","R","T","R","M","?","M","?","R","BOSS","M","$","M","$","M","E","R","M","T","R","?","?","R","?","R","BOSS","M","?","?","?","?","R","M","R","T","?","$","R","?","M","R","BOSS"],"build_version":"2019-07-05","purchased_purges":3,"victory":true,"max_hp_per_floor":[75,75,75,75,75,75,75,75,82,82,82,82,82,82,82,82,82,82,82,82,82,82,82,82,82,82,82,82,82,82,82,82,82,82,82,82,82,78,78,78,83,83,83,83,83,83,83,83,83,83],"card_choices":[{"not_picked":["Redo","Heatsinks"],"picked":"FTL","floor":1.0},{"not_picked":["Hologram","Go for the Eyes"],"picked":"Glacier","floor":3.0},{"not_picked":["Go for the Eyes","Streamline"],"picked":"Defragment","floor":5.0},{"not_picked":["Gash","Reinforced Body"],"picked":"White Noise","floor":7.0},{"not_picked":["Steam","Turbo"],"picked":"Loop","floor":11.0},{"not_picked":["Conserve Battery","Beam Cell"],"picked":"Echo Form","floor":13.0},{"not_picked":["Turbo","Ball Lightning"],"picked":"Loop","floor":14.0},{"not_picked":["Rainbow","Seek"],"picked":"Machine Learning","floor":16.0},{"not_picked":[],"picked":"Leap","floor":18.0},{"not_picked":["Fusion"],"picked":"SKIP","floor":20.0},{"not_picked":["Gash"],"picked":"SKIP","floor":22.0},{"not_picked":[],"picked":"Static Discharge","floor":23.0},{"not_picked":["Cold Snap"],"picked":"SKIP","floor":25.0},{"not_picked":[],"picked":"Reboot","floor":33.0},{"not_picked":[],"picked":"Defragment","floor":35},{"not_picked":["Sweeping Beam"],"picked":"SKIP","floor":37},{"not_picked":["Compile Driver+1"],"picked":"SKIP","floor":41},{"not_picked":["Genetic Algorithm"],"picked":"SKIP","floor":48}],"player_experience":868496,"relics_obtained":[{"floor":7.0,"key":"Mummified Hand"},{"floor":9.0,"key":"Strawberry"},{"floor":23.0,"key":"Whetstone"},{"floor":26.0,"key":"Boot"},{"floor":39,"key":"Symbiotic Virus"},{"floor":43,"key":"Shovel"},{"floor":46,"key":"Ornamental Fan"}],"event_choices":[{"damage_healed":0.0,"max_hp_gain":0.0,"max_hp_loss":0.0,"gold_gain":0.0,"event_name":"WeMeetAgain","player_choice":"Gave Potion","floor":2.0,"gold_loss":0.0,"damage_taken":0.0,"relics_obtained":["MawBank"]},{"damage_healed":0.0,"max_hp_gain":0.0,"max_hp_loss":0.0,"gold_gain":175.0,"event_name":"Liars Game","player_choice":"AGREE","floor":4.0,"gold_loss":0.0,"damage_taken":0.0,"cards_obtained":["Doubt"]},{"damage_healed":0.0,"max_hp_gain":0.0,"max_hp_loss":0.0,"gold_gain":0.0,"event_name":"Wheel of Change","player_choice":"Cursed","floor":12.0,"gold_loss":0.0,"damage_taken":0.0,"cards_obtained":["Decay"]},{"damage_healed":0.0,"max_hp_gain":0.0,"max_hp_loss":0.0,"gold_gain":99.0,"event_name":"Nest","player_choice":"Stole From Cult","floor":28.0,"gold_loss":0.0,"damage_taken":0.0},{"cards_removed":["Doubt"],"damage_healed":0.0,"max_hp_gain":0.0,"max_hp_loss":0.0,"gold_gain":0.0,"event_name":"Back to Basics","player_choice":"Elegance","floor":29.0,"gold_loss":0.0,"damage_taken":0.0},{"damage_healed":0.0,"max_hp_gain":0.0,"max_hp_loss":0.0,"gold_gain":0.0,"event_name":"Colosseum","player_choice":"Fight","floor":31.0,"gold_loss":0.0,"damage_taken":0.0},{"damage_healed":0.0,"max_hp_gain":0.0,"max_hp_loss":0.0,"gold_gain":0.0,"event_name":"Colosseum","player_choice":"Fled From Nobs","floor":31.0,"gold_loss":0.0,"damage_taken":0.0},{"damage_healed":0,"gold_gain":0,"cards_transformed":["Strike_B"],"player_choice":"Transformed","damage_taken":0,"max_hp_gain":0,"max_hp_loss":0,"event_name":"Transmorgrifier","floor":36,"gold_loss":0,"cards_obtained":["Gash"]},{"damage_healed":0,"gold_gain":0,"player_choice":"Max HP","damage_taken":0,"max_hp_gain":0,"max_hp_loss":4,"event_name":"Winding Halls","floor":38,"gold_loss":0},{"cards_removed":["Strike_B"],"damage_healed":0,"gold_gain":0,"player_choice":"Removed Attack","damage_taken":0,"max_hp_gain":0,"max_hp_loss":0,"event_name":"Falling","floor":44,"gold_loss":0}],"is_beta":false,"boss_relics":[{"not_picked":["Nuclear Battery","Empty Cage"],"picked":"Busted Crown"},{"not_picked":["Astrolabe","Eternal Feather"],"picked":"FrozenCore"}],"items_purged_floors":[19,21,45],"is_endless":false,"potions_floor_spawned":[1,3,5,7,14,22,23,33,35,41],"ascension_level":12}