{"gold_per_floor":[219,28,28,39,59,59,76,101,178,194,214,214,214,35,35,136,136,155,165,165],"floor_reached":20,"playtime":1859,"items_purged":["Strike_G","Strike_G"],"score":194,"play_id":"175431f3-1982-4ab8-a248-dc5774754c40","local_time":"20190305231342","is_ascension_mode":true,"campfire_choices":[{"data":"Accuracy","floor":6,"key":"SMITH"},{"data":"Distraction","floor":15,"key":"SMITH"}],"neow_cost":"NONE","seed_source_timestamp":416341454465666,"circlet_count":0,"master_deck":["Defend_G","Defend_G","Defend_G","Defend_G","Defend_G","Strike_G","Strike_G","Strike_G","Survivor","Neutralize","Blade Dance","Accuracy+1","Quick Slash","Escape Plan","Distraction+1","Flying Knee","Flash of Steel","Accuracy","Venomology","Injury","Clumsy","Clumsy","Well Laid Plans+1","Tools of the Trade"],"relics":["Ring of the Snake","Bird Faced Urn","Vajra","Blue Candle","Calling Bell","Blood Vial","Ninja Scroll","Nunchaku"],"potions_floor_usage":[16,16],"damage_taken":[{"damage":6,"enemies":"Small Slimes","floor":1,"turns":6},{"damage":1,"enemies":"Cultist","floor":4,"turns":4},{"damage":0,"enemies":"2 Louse","floor":5,"turns":2},{"damage":12,"enemies":"Large Slime","floor":7,"turns":7},{"damage":19,"enemies":"3 Sentries","floor":8,"turns":10},{"damage":8,"enemies":"Gremlin Gang","floor":10,"turns":6},{"damage":12,"enemies":"3 Louse","floor":11,"turns":4},{"damage":38,"enemies":"Slime Boss","floor":16,"turns":8},{"damage":14,"enemies":"3 Byrds","floor":18,"turns":5},{"damage":42,"enemies":"Shell Parasite","floor":19,"turns":6},{"damage":25,"enemies":"Sentry and Sphere","floor":20,"turns":5}],"seed_played":"-239778855344412312","potions_obtained":[{"floor":7,"key":"FearPotion"},{"floor":8,"key":"AttackPotion"}],"is_trial":false,"path_per_floor":["M","$","?","M","M","R","M","E","T","M","M","?","?","$","R","B",null,"M","M","M"],"character_chosen":"THE_SILENT","items_purchased":["Accuracy","Dexterity Potion","Accuracy"],"campfire_rested":0,"item_purchase_floors":[2,2,14],"current_hp_per_floor":[64,64,64,65,67,67,57,40,40,34,24,47,47,47,47,13,70,58,24,9],"gold":165,"neow_bonus":"HUNDRED_GOLD","is_prod":false,"is_daily":false,"chose_seed":false,"campfire_upgraded":2,"win_rate":0,"timestamp":1551856422,"path_taken":["M","$","?","?","M","R","M","E","T","M","M","?","?","$","R","BOSS","M","?","M"],"build_version":"2019-01-23","purchased_purges":2,"victory":false,"max_hp_per_floor":[70,70,70,70,70,70,70,70,70,70,70,70,70,70,70,70,70,70,70,70],"card_choices":[{"not_picked":["Dodge and Roll","Skewer"],"picked":"Blade Dance","floor":1},{"not_picked":["Concentrate","Prepared"],"picked":"Quick Slash","floor":4},{"not_picked":["Dodge and Roll","Dagger Spray","Bane"],"picked":"SKIP","floor":5},{"not_picked":["Dodge and Roll","Prepared"],"picked":"Escape Plan","floor":7},{"not_picked":["Bane","Slice"],"picked":"Distraction","floor":8},{"not_picked":["Eviscerate","Malaise"],"picked":"Flying Knee","floor":10},{"not_picked":["Caltrops","Dash","Outmaneuver"],"picked":"SKIP","floor":11},{"not_picked":["Envenom","Grand Finale"],"picked":"Venomology","floor":16},{"not_picked":["Slice","Heel Hook"],"picked":"Well Laid Plans+1","floor":18},{"not_picked":["Tactician","Heel Hook+1"],"picked":"Tools of the Trade","floor":19}],"player_experience":87505,"relics_obtained":[{"floor":8,"key":"Vajra"},{"floor":9,"key":"Blue Candle"},{"floor":17,"key":"Blood Vial"},{"floor":17,"key":"Ninja Scroll"},{"floor":17,"key":"Nunchaku"}],"event_choices":[{"damage_healed":0,"gold_gain":0,"player_choice":"Gave Potion","damage_taken":0,"relics_obtained":["Bird Faced Urn"],"max_hp_gain":0,"max_hp_loss":0,"event_name":"WeMeetAgain","floor":3,"gold_loss":0},{"damage_healed":23,"gold_gain":0,"player_choice":"Banana","damage_taken":0,"max_hp_gain":0,"max_hp_loss":0,"event_name":"Big Fish","floor":12,"gold_loss":0},{"damage_healed":0,"gold_gain":0,"player_choice":"1 cards matched","damage_taken":0,"max_hp_gain":0,"max_hp_loss":0,"event_name":"Match and Keep!","floor":13,"gold_loss":0,"cards_obtained":["Flash of Steel"]}],"is_beta":false,"boss_relics":[{"not_picked":["Lizard Tail","Busted Crown"],"picked":"Calling Bell"}],"items_purged_floors":[2,14],"is_endless":false,"potions_floor_spawned":[7,8],"killed_by":"Sentry and Sphere","ascension_level":2}