{"gold_per_floor":[113,131,131,8,28,28,28,67,94,125,125,144,162,180,180,305,368,384,384,398,418,430,430,430],"floor_reached":24,"playtime":2960,"items_purged":["Defend_R"],"score":210,"play_id":"54bf47ae-f17b-4b59-b0c1-404d299b3fbc","local_time":"20190626233302","is_ascension_mode":false,"campfire_choices":[{"data":"Bash","floor":6,"key":"SMITH"},{"floor":11,"key":"REST"},{"data":"Armaments","floor":15,"key":"SMITH"},{"data":"Rupture","floor":23,"key":"SMITH"}],"neow_cost":"NONE","seed_source_timestamp":54355110752130,"circlet_count":0,"master_deck":["Strike_R","Strike_R","Strike_R","Strike_R","Defend_R","Defend_R","Defend_R","Bash+1","Impervious","Shrug It Off","Rupture+1","Sword Boomerang","Intimidate","Injury","Brutality+1","Heavy Blade","Intimidate","Armaments+1","Inflame","Demon Form","Blood for Blood","Infernal Blade","Combust","Armaments+1"],"relics":["Burning Blood","Orichalcum","Bloody Idol","Thread and Needle","Dream Catcher","Question Card","Tiny House"],"potions_floor_usage":[16,21,21],"damage_taken":[{"damage":5,"enemies":"Jaw Worm","floor":1,"turns":4},{"damage":6,"enemies":"2 Louse","floor":2,"turns":3},{"damage":4,"enemies":"Small Slimes","floor":5,"turns":4},{"damage":23,"enemies":"3 Sentries","floor":8,"turns":11},{"damage":17,"enemies":"Gremlin Nob","floor":10,"turns":5},{"damage":4,"enemies":"Exordium Wildlife","floor":12,"turns":5},{"damage":0,"enemies":"3 Louse","floor":13,"turns":4},{"damage":0,"enemies":"2 Fungi Beasts","floor":14,"turns":4},{"damage":21,"enemies":"The Guardian","floor":16,"turns":7},{"damage":22,"enemies":"2 Thieves","floor":18,"turns":4},{"damage":17,"enemies":"Spheric Guardian","floor":20,"turns":5},{"damage":27,"enemies":"3 Cultists","floor":21,"turns":6},{"damage":15,"enemies":"Centurion and Healer","floor":22,"turns":7},{"damage":58,"enemies":"Slavers","floor":24,"turns":5}],"seed_played":"-1674179252116440856","potions_obtained":[{"floor":2,"key":"Strength Potion"},{"floor":5,"key":"Fire Potion"},{"floor":8,"key":"BloodPotion"},{"floor":17,"key":"SneckoOil"},{"floor":18,"key":"AttackPotion"},{"floor":20,"key":"Block Potion"}],"is_trial":false,"path_per_floor":["M","M","?","$","M","R","?","E","T","E","R","M","M","M","R","B",null,"M","?","M","M","M","R","E"],"character_chosen":"IRONCLAD","items_purchased":["Sword Boomerang"],"campfire_rested":1,"item_purchase_floors":[4],"current_hp_per_floor":[80,80,55,55,57,57,57,40,40,29,53,55,61,67,67,52,85,69,69,63,55,51,51,0],"gold":430,"neow_bonus":"TRANSFORM_CARD","is_prod":false,"is_daily":false,"chose_seed":false,"campfire_upgraded":3,"win_rate":0,"timestamp":1561617182,"path_taken":["M","M","?","$","M","R","?","E","T","E","R","M","M","M","R","BOSS","M","?","M","M","M","R","E"],"build_version":"2019-01-23","purchased_purges":1,"victory":false,"max_hp_per_floor":[80,80,80,80,80,80,80,80,80,80,80,80,80,80,80,80,85,85,85,85,85,85,85,85],"card_choices":[{"not_picked":["Heavy Blade","Burning Pact"],"picked":"Shrug It Off","floor":1},{"not_picked":["Dropkick","Bloodletting"],"picked":"Rupture","floor":2},{"not_picked":["Second Wind","Wild Strike"],"picked":"Intimidate","floor":5},{"not_picked":["Iron Wave","Fire Breathing"],"picked":"Brutality","floor":8},{"not_picked":["Second Wind","Warcry"],"picked":"Heavy Blade","floor":10},{"not_picked":["True Grit","Pommel Strike","Clothesline"],"picked":"Intimidate","floor":11},{"not_picked":["Heavy Blade","Cleave","Fire Breathing"],"picked":"Armaments","floor":12},{"not_picked":["Shrug It Off","Fire Breathing","Feel No Pain","Sword Boomerang"],"picked":"SKIP","floor":13},{"not_picked":["Seeing Red","Barricade","Twin Strike"],"picked":"Inflame","floor":14},{"not_picked":["Feed","Impervious","Berserk"],"picked":"Demon Form","floor":16},{"not_picked":["Power Through","Headbutt","Cleave"],"picked":"Blood for Blood","floor":17},{"not_picked":["Pommel Strike+1","Clothesline+1","Metallicize"],"picked":"Infernal Blade","floor":18},{"not_picked":["Sword Boomerang","Body Slam","Flex"],"picked":"Combust","floor":20},{"not_picked":["Iron Wave","Limit Break","Burning Pact"],"picked":"Armaments+1","floor":21},{"not_picked":["Pummel","Headbutt","Power Through","Clash"],"picked":"SKIP","floor":22}],"player_experience":17664,"relics_obtained":[{"floor":8,"key":"Thread and Needle"},{"floor":9,"key":"Dream Catcher"},{"floor":10,"key":"Question Card"}],"event_choices":[{"damage_healed":0,"gold_gain":0,"player_choice":"Success","damage_taken":25,"relics_obtained":["Orichalcum"],"max_hp_gain":0,"max_hp_loss":0,"event_name":"Scrap Ooze","floor":3,"gold_loss":0},{"damage_healed":0,"gold_gain":0,"player_choice":"Take Wound","damage_taken":0,"relics_obtained":["Golden Idol"],"max_hp_gain":0,"max_hp_loss":0,"event_name":"Golden Idol","floor":7,"gold_loss":0,"cards_obtained":["Injury"]},{"damage_healed":0,"gold_gain":0,"player_choice":"Gave Idol","damage_taken":0,"relics_obtained":["Bloody Idol"],"max_hp_gain":0,"max_hp_loss":0,"event_name":"Forgotten Altar","floor":19,"relics_lost":["Golden Idol"],"gold_loss":0}],"is_beta":false,"boss_relics":[{"not_picked":["Ectoplasm","White Beast Statue"],"picked":"Tiny House"}],"items_purged_floors":[4],"is_endless":false,"potions_floor_spawned":[2,5,8,10,14,18,20],"killed_by":"Slavers","ascension_level":0}