{"gold_per_floor":[116,127,127,146,146,146,172,172,172,188,188,188,215,232,232,332,332,351,368,138,154,172,172,192,203,203,203,203,213,138,138,138,236,236,248,310,17,17],"floor_reached":38,"playtime":2427,"items_purged":["Strike_R","Anger"],"score":388,"play_id":"06a784f1-57d4-4c50-a5e4-9ece60b72f3c","local_time":"20190301203534","is_ascension_mode":false,"campfire_choices":[{"data":"Whirlwind","floor":6,"key":"SMITH"},{"data":"Rampage","floor":8,"key":"SMITH"},{"floor":15,"key":"REST"},{"data":"Limit Break","floor":23,"key":"SMITH"},{"floor":27,"key":"REST"},{"floor":32,"key":"REST"}],"neow_cost":"NONE","seed_source_timestamp":60674520839355,"circlet_count":0,"master_deck":["Defend_R","Defend_R","Defend_R","Bash","Carnage","Rampage+1","Whirlwind+1","Warcry","Clothesline","Uppercut","Limit Break+1","Clothesline","Demon Form","Armaments","Sword Boomerang+1"],"relics":["Black Blood","Gremlin Horn","Vajra","Torii","Orichalcum","Bottled Lightning","SsserpentHead","Runic Pyramid","Happy Flower"],"potions_floor_usage":[24,33],"damage_taken":[{"damage":6,"enemies":"Jaw Worm","floor":1,"turns":3},{"damage":1,"enemies":"Cultist","floor":2,"turns":3},{"damage":4,"enemies":"2 Louse","floor":4,"turns":2},{"damage":31,"enemies":"Lagavulin","floor":7,"turns":4},{"damage":0,"enemies":"Lots of Slimes","floor":10,"turns":1},{"damage":14,"enemies":"Gremlin Nob","floor":13,"turns":3},{"damage":17,"enemies":"Large Slime","floor":14,"turns":4},{"damage":51,"enemies":"Slime Boss","floor":16,"turns":8},{"damage":0,"enemies":"Chosen","floor":18,"turns":4},{"damage":39,"enemies":"Shell Parasite","floor":19,"turns":6},{"damage":15,"enemies":"Centurion and Healer","floor":21,"turns":6},{"damage":30,"enemies":"Snake Plant","floor":22,"turns":4},{"damage":21,"enemies":"Shelled Parasite and Fungi","floor":24,"turns":8},{"damage":8,"enemies":"Cultist and Chosen","floor":25,"turns":6},{"damage":21,"enemies":"Centurion and Healer","floor":29,"turns":7},{"damage":33,"enemies":"Champ","floor":33,"turns":8},{"damage":21,"enemies":"3 Shapes","floor":35,"turns":5},{"damage":15,"enemies":"Orb Walker","floor":36,"turns":4},{"damage":64,"enemies":"Sphere and 2 Shapes","floor":38,"turns":3}],"seed_played":"3151702951443979150","potions_obtained":[{"floor":2,"key":"Ancient Potion"},{"floor":4,"key":"EssenceOfSteel"},{"floor":7,"key":"PowerPotion"},{"floor":13,"key":"Fire Potion"},{"floor":24,"key":"PowerPotion"},{"floor":25,"key":"Energy Potion"}],"is_trial":false,"path_per_floor":["M","M","?","M","?","R","E","R","T","M","$","?","E","M","R","B",null,"M","M","$","M","M","R","M","M","T","R","$","M","?","?","R","B",null,"M","M","$","M"],"character_chosen":"IRONCLAD","items_purchased":["Orichalcum","Happy Flower","Strength Potion"],"campfire_rested":3,"item_purchase_floors":[20,37,37],"current_hp_per_floor":[80,80,80,80,73,73,48,48,48,54,54,54,46,35,59,14,80,80,51,51,46,26,26,15,17,17,41,41,30,30,30,54,31,80,69,64,64,0],"gold":17,"neow_bonus":"TRANSFORM_CARD","is_prod":false,"is_daily":false,"chose_seed":false,"campfire_upgraded":3,"win_rate":0.0,"timestamp":1551501334,"path_taken":["M","M","?","?","?","R","E","R","T","M","$","?","E","M","R","BOSS","M","M","$","?","M","R","M","M","T","R","$","M","?","?","R","BOSS","M","?","$","M"],"build_version":"2019-01-23","purchased_purges":2,"victory":false,"max_hp_per_floor":[80,80,80,80,80,80,80,80,80,80,80,80,80,80,80,80,80,80,80,80,80,80,80,80,80,80,80,80,80,80,80,80,80,80,80,80,80,80],"card_choices":[{"not_picked":["Perfected Strike","Blood for Blood"],"picked":"Anger","floor":1},{"not_picked":["Evolve","Flex"],"picked":"Rampage","floor":2},{"not_picked":["Twin Strike","Headbutt","Pummel"],"picked":"SKIP","floor":4},{"not_picked":["Rampage","Rage"],"picked":"Warcry","floor":7},{"not_picked":["Iron Wave","Fiend Fire"],"picked":"Clothesline","floor":10},{"not_picked":["Warcry","Seeing Red","Perfected Strike"],"picked":"SKIP","floor":13},{"not_picked":["Evolve","Twin Strike"],"picked":"Uppercut","floor":14},{"not_picked":["Barricade","Fiend Fire"],"picked":"Limit Break","floor":16},{"not_picked":["Seeing Red","Flex","Pommel Strike+1"],"picked":"SKIP","floor":18},{"not_picked":["Corruption+1","Perfected Strike","Sword Boomerang+1"],"picked":"SKIP","floor":19},{"not_picked":["Perfected Strike","Clothesline","Pommel Strike+1"],"picked":"SKIP","floor":21},{"not_picked":["Flame Barrier","Clash"],"picked":"Clothesline","floor":22},{"not_picked":["Thunderclap+1","Cleave"],"picked":"Demon Form","floor":24},{"not_picked":["Combust","Bloodletting"],"picked":"Armaments","floor":25},{"not_picked":["Carnage","True Grit","Hemokinesis"],"picked":"SKIP","floor":29},{"not_picked":["Inflame+1","Flex"],"picked":"Sword Boomerang+1","floor":35},{"not_picked":["Wild Strike","Cleave","Clothesline"],"picked":"SKIP","floor":36}],"player_experience":13208,"relics_obtained":[{"floor":7,"key":"Gremlin Horn"},{"floor":9,"key":"Vajra"},{"floor":13,"key":"Torii"},{"floor":26,"key":"Bottled Lightning"}],"event_choices":[{"damage_healed":0,"gold_gain":0,"cards_transformed":["Strike_R"],"player_choice":"Transformed","damage_taken":0,"max_hp_gain":0,"max_hp_loss":0,"event_name":"Transmorgrifier","floor":3,"gold_loss":0,"cards_obtained":["Whirlwind"]},{"cards_removed":["Strike_R"],"damage_healed":0,"gold_gain":0,"player_choice":"Card Removal","damage_taken":7,"max_hp_gain":0,"max_hp_loss":0,"event_name":"Golden Wing","floor":5,"gold_loss":0},{"cards_removed":["Strike_R"],"damage_healed":0,"gold_gain":0,"player_choice":"Offered Basic","damage_taken":0,"max_hp_gain":0,"max_hp_loss":0,"event_name":"Bonfire Elementals","floor":12,"gold_loss":0},{"cards_removed":["Defend_R"],"damage_healed":0,"gold_gain":0,"player_choice":"Gave Gold","damage_taken":0,"max_hp_gain":0,"max_hp_loss":0,"event_name":"Beggar","floor":30,"gold_loss":75},{"damage_healed":0,"gold_gain":0,"player_choice":"Trade","damage_taken":0,"relics_obtained":["SsserpentHead"],"max_hp_gain":0,"max_hp_loss":0,"event_name":"FaceTrader","floor":31,"gold_loss":0}],"is_beta":false,"boss_relics":[{"not_picked":["Eternal Feather","Runic Cube"],"picked":"Black Blood"},{"not_picked":["Lizard Tail","Orrery"],"picked":"Runic Pyramid"}],"items_purged_floors":[20,37],"is_endless":false,"potions_floor_spawned":[2,4,7,13,18,22,24,25],"killed_by":"Sphere and 2 Shapes","ascension_level":0}