{"gold_per_floor":[116,135,135,155,174,174,205,205,205,234,184,194,205,20,20,118,118,133,148,6,6,18,18,52,52,52,32,67,67,77,102,102,197,197,211,228,583,594,594,627,627,660,683,683,694,706,706,720,720,720],"floor_reached":51,"playtime":21930,"items_purged":["Strike_B"],"score":905,"play_id":"fcc1e695-eb9e-4388-9081-28c7ed778d95","local_time":"20190718233630","is_ascension_mode":true,"campfire_choices":[{"data":"Defragment","floor":6.0,"key":"SMITH"},{"data":"Zap","floor":15.0,"key":"SMITH"},{"data":"Seek","floor":23.0,"key":"SMITH"},{"data":"Beam Cell","floor":25.0,"key":"SMITH"},{"data":"Dualcast","floor":29.0,"key":"SMITH"},{"data":"Amplify","floor":32.0,"key":"SMITH"},{"data":"Fusion","floor":41.0,"key":"SMITH"},{"data":"Echo Form","floor":44.0,"key":"SMITH"},{"data":"Consume","floor":47.0,"key":"SMITH"},{"floor":49,"key":"REST"}],"neow_cost":"NONE","seed_source_timestamp":262557593305178,"circlet_count":0,"master_deck":["Strike_B","Defend_B","Defend_B","Defend_B","Defend_B","Zap+1","Dualcast+1","Beam Cell+1","Defragment+1","Capacitor","Compile Driver","Cold Snap","Cold Snap","Self Repair","Go for the Eyes","Sweeping Beam","FTL","Electrodynamics","Capacitor","Seek+1","Glacier","Auto Shields","Amplify+1","Consume+1","Creative AI","Echo Form+1","Go for the Eyes+1","Redo","Consume+1","Fusion+1","Reinforced Body","Sweeping Beam+1"],"special_seed":0,"relics":["Cracked Core","Bag of Marbles","Strawberry","Mercury Hourglass","Nuclear Battery","The Courier","StoneCalendar","Mango","Bronze Scales","Runic Pyramid","Old Coin","Blue Candle","Bottled Flame","Incense Burner","Bag of Preparation"],"potions_floor_usage":[48,50],"damage_taken":[{"damage":2.0,"enemies":"2 Louse","floor":1.0,"turns":3.0},{"damage":1.0,"enemies":"Cultist","floor":2.0,"turns":3.0},{"damage":3.0,"enemies":"Small Slimes","floor":4.0,"turns":4.0},{"damage":16.0,"enemies":"Blue Slaver","floor":5.0,"turns":4.0},{"damage":13.0,"enemies":"Gremlin Nob","floor":7.0,"turns":4.0},{"damage":9.0,"enemies":"3 Sentries","floor":10.0,"turns":8.0},{"damage":10.0,"enemies":"Exordium Thugs","floor":12.0,"turns":4.0},{"damage":15.0,"enemies":"Gremlin Gang","floor":13.0,"turns":3.0},{"damage":0.0,"enemies":"Slime Boss","floor":16.0,"turns":6.0},{"damage":12.0,"enemies":"Shell Parasite","floor":18.0,"turns":5.0},{"damage":0.0,"enemies":"Spheric Guardian","floor":19.0,"turns":3.0},{"damage":4.0,"enemies":"Centurion and Healer","floor":22.0,"turns":7.0},{"damage":20.0,"enemies":"Slavers","floor":24.0,"turns":3.0},{"damage":7.0,"enemies":"Gremlin Leader","floor":28.0,"turns":5.0},{"damage":7.0,"enemies":"Snake Plant","floor":30.0,"turns":6.0},{"damage":9.0,"enemies":"Slavers","floor":31.0,"turns":2.0},{"damage":1.0,"enemies":"Collector","floor":33.0,"turns":7.0},{"damage":28.0,"enemies":"3 Shapes","floor":35.0,"turns":7.0},{"damage":11.0,"enemies":"Orb Walker","floor":36.0,"turns":3.0},{"damage":9.0,"enemies":"2 Orb Walkers","floor":37.0,"turns":5.0},{"damage":12.0,"enemies":"Sphere and 2 Shapes","floor":38.0,"turns":4.0},{"damage":49.0,"enemies":"Reptomancer","floor":40.0,"turns":7.0},{"damage":4.0,"enemies":"Giant Head","floor":42.0,"turns":9.0},{"damage":0.0,"enemies":"3 Darklings","floor":45.0,"turns":1.0},{"damage":9.0,"enemies":"4 Shapes","floor":46.0,"turns":6.0},{"damage":34,"enemies":"Transient","floor":48,"turns":5},{"damage":37,"enemies":"Awakened One","floor":50,"turns":10}],"seed_played":"4521046475715143412","potions_obtained":[{"floor":0.0,"key":"EntropicBrew"},{"floor":0.0,"key":"Regen Potion"},{"floor":0.0,"key":"FearPotion"},{"floor":5.0,"key":"Ancient Potion"},{"floor":10.0,"key":"Fire Potion"},{"floor":16.0,"key":"FocusPotion"},{"floor":27.0,"key":"Strength Potion"},{"floor":31.0,"key":"SkillPotion"},{"floor":33.0,"key":"Energy Potion"},{"floor":36.0,"key":"Dexterity Potion"},{"floor":37.0,"key":"SkillPotion"},{"floor":40.0,"key":"EssenceOfSteel"}],"is_trial":false,"path_per_floor":["M","M","?","M","M","R","E","?","T","E","?","M","M","$","R","B",null,"M","M","$","?","M","R","E","R","T","?","E","R","M","E","R","B",null,"M","M","?","M","?","E","R","E","T","R","M","M","R","M","R","B",null],"character_chosen":"DEFECT","items_purchased":["FTL","Regen Potion","Seek","EssenceOfSteel"],"campfire_rested":1,"item_purchase_floors":[14,14,20,20],"current_hp_per_floor":[73,72,72,69,53,53,52,52,59,50,50,47,32,32,32,54,82,77,82,82,66,69,69,49,49,49,49,63,63,63,61,61,67,101,80,83,88,90,90,55,55,65,65,65,65,70,70,36,66,36],"gold":720,"neow_bonus":"THREE_SMALL_POTIONS","is_prod":false,"is_daily":false,"chose_seed":false,"campfire_upgraded":9,"win_rate":1,"timestamp":1563507390,"path_taken":["M","M","?","M","?","R","E","?","T","E","?","M","M","?","R","BOSS","M","M","$","?","M","R","E","R","T","?","E","R","?","E","R","BOSS","M","M","?","M","?","E","R","E","T","R","M","?","R","M","R","BOSS"],"build_version":"2019-07-17","purchased_purges":1,"victory":true,"max_hp_per_floor":[75,75,75,75,75,75,75,75,82,82,82,82,82,82,82,82,82,82,82,82,87,87,87,87,87,87,87,101,101,101,101,101,101,101,101,101,101,101,101,101,101,101,101,101,101,101,101,101,101,101],"card_choices":[{"not_picked":["Hologram","Blizzard"],"picked":"Beam Cell","floor":1.0},{"not_picked":["Steam","Darkness"],"picked":"Defragment","floor":2.0},{"not_picked":["Storm","Sunder"],"picked":"Compile Driver","floor":4.0},{"not_picked":["Leap","Go for the Eyes"],"picked":"Cold Snap","floor":5.0},{"not_picked":["Darkness","Hologram"],"picked":"Cold Snap","floor":7.0},{"not_picked":["Skim","Leap"],"picked":"Self Repair","floor":10.0},{"not_picked":["Stack","Beam Cell"],"picked":"Go for the Eyes","floor":12.0},{"not_picked":["Streamline","Coolheaded"],"picked":"Sweeping Beam","floor":13.0},{"not_picked":["Fission","Rainbow"],"picked":"Electrodynamics","floor":16.0},{"not_picked":["Go for the Eyes","Stack","Barrage"],"picked":"SKIP","floor":18.0},{"not_picked":["Compile Driver","Coolheaded"],"picked":"Capacitor","floor":19.0},{"not_picked":["Genetic Algorithm+1","Barrage"],"picked":"Glacier","floor":22.0},{"not_picked":["Sweeping Beam","Streamline"],"picked":"Auto Shields","floor":24.0},{"not_picked":["Genetic Algorithm","Beam Cell"],"picked":"Amplify","floor":28.0},{"not_picked":["Stack","Barrage+1"],"picked":"Consume","floor":30.0},{"not_picked":["Barrage+1","Capacitor"],"picked":"Creative AI","floor":31.0},{"not_picked":["Seek","Meteor Strike"],"picked":"Echo Form","floor":33.0},{"not_picked":["Hello World+1","White Noise"],"picked":"Go for the Eyes+1","floor":35.0},{"not_picked":["Ball Lightning","Turbo+1"],"picked":"Redo","floor":36.0},{"not_picked":["Compile Driver","Lockon+1"],"picked":"Consume+1","floor":37.0},{"not_picked":["Consume","Undo+1"],"picked":"Fusion","floor":38.0},{"not_picked":["Creative AI","Skim"],"picked":"Reinforced Body","floor":40.0},{"not_picked":["Consume","Stack","Rainbow"],"picked":"SKIP","floor":42.0},{"not_picked":["Streamline","Cold Snap","Rebound"],"picked":"SKIP","floor":45.0},{"not_picked":["Steam","Ball Lightning+1","Steam Power+1"],"picked":"SKIP","floor":46.0},{"not_picked":["Steam","Rip and Tear+1"],"picked":"Sweeping Beam+1","floor":48}],"player_experience":633633,"relics_obtained":[{"floor":7.0,"key":"Bag of Marbles"},{"floor":9.0,"key":"Strawberry"},{"floor":10.0,"key":"Mercury Hourglass"},{"floor":24.0,"key":"The Courier"},{"floor":26.0,"key":"StoneCalendar"},{"floor":28.0,"key":"Mango"},{"floor":31.0,"key":"Bronze Scales"},{"floor":37.0,"key":"Old Coin"},{"floor":40.0,"key":"Bottled Flame"},{"floor":42.0,"key":"Incense Burner"},{"floor":43.0,"key":"Bag of Preparation"}],"event_choices":[{"damage_healed":0.0,"max_hp_gain":0.0,"max_hp_loss":0.0,"gold_gain":0.0,"cards_transformed":["Strike_B"],"event_name":"Transmorgrifier","player_choice":"Transformed","floor":3.0,"gold_loss":0.0,"damage_taken":0.0,"cards_obtained":["Capacitor"]},{"damage_healed":0.0,"max_hp_gain":0.0,"max_hp_loss":0.0,"gold_gain":0.0,"event_name":"Liars Game","player_choice":"Ignored","floor":8.0,"gold_loss":0.0,"damage_taken":0.0},{"cards_removed":["Strike_B"],"damage_healed":0.0,"max_hp_gain":0.0,"max_hp_loss":0.0,"gold_gain":0.0,"event_name":"The Cleric","player_choice":"Card Removal","floor":11.0,"gold_loss":50.0,"damage_taken":0.0},{"damage_healed":0.0,"max_hp_gain":5.0,"max_hp_loss":0.0,"gold_gain":0.0,"event_name":"Forgotten Altar","player_choice":"Shed Blood","floor":21.0,"gold_loss":0.0,"damage_taken":21.0},{"damage_healed":0.0,"max_hp_gain":0.0,"max_hp_loss":0.0,"gold_gain":0.0,"event_name":"The Woman in Blue","player_choice":"Bought 1 Potion","floor":27.0,"gold_loss":0.0,"damage_taken":0.0},{"damage_healed":0.0,"max_hp_gain":0.0,"max_hp_loss":0.0,"gold_gain":0.0,"event_name":"Mysterious Sphere","player_choice":"Fight","floor":37.0,"gold_loss":0.0,"damage_taken":0.0},{"damage_healed":0.0,"max_hp_gain":0.0,"max_hp_loss":0.0,"gold_gain":0.0,"event_name":"WeMeetAgain","player_choice":"Gave Potion","floor":39.0,"gold_loss":0.0,"damage_taken":0.0,"relics_obtained":["Blue Candle"]}],"is_beta":false,"boss_relics":[{"not_picked":["Runic Dome","Lizard Tail"],"picked":"Nuclear Battery"},{"not_picked":["Empty Cage","Philosopher\u0027s Stone"],"picked":"Runic Pyramid"}],"items_purged_floors":[14],"is_endless":false,"potions_floor_spawned":[1,5,10,12,16,22,28,31,33,36,37,40],"ascension_level":2}