{"path_per_floor":["M","?","M","M","M","R","M","?","T","M"],"character_chosen":"IRONCLAD","items_purchased":[],"gold_per_floor":[114,114,133,152,171,171,190,365,440,459,459],"floor_reached":11,"campfire_rested":0,"playtime":373,"current_hp_per_floor":[77,83,83,83,77,77,76,82,88,86,86],"items_purged":[],"gold":459,"score":168,"play_id":"7f569d02-1219-467c-8ad7-6f3ec71f1455","local_time":"20180324114424","daily_mods":["Allstar","Cursed Run","Insanity"],"is_prod":false,"is_daily":true,"is_ascension_mode":false,"campfire_upgraded":1,"timestamp":1521906264,"path_taken":["M","?","M","M","M","R","?","?","T","?","$"],"build_version":"2018-03-22v2","purchased_purges":0,"victory":false,"master_deck":["Impervious","Power Through","Warcry","Warcry","Flame Barrier","Sever Soul","Headbutt","Shrug It Off","Flame Barrier","Impervious","Entrench","Pommel Strike","Clash","Strike_R","Sentinel","Rampage","Corruption","Infernal Blade","Clothesline","Seeing Red","Twin Strike","Second Wind","Iron Wave","Brutality+1","Bash","Disarm","Flame Barrier","Sever Soul","Uppercut","Bloodletting","Dual Wield","Searing Blow","Shockwave","Headbutt","Double Tap","Wild Strike","Headbutt","Rage","Armaments","Shockwave","Anger","Sever Soul","Flex","Power Through","Corruption","Rampage","Bludgeon","Headbutt","Uppercut","True Grit","Blind","Transmutation","Whirlwind","Injury","Havoc","Headbutt","Fiend Fire","Doubt","Pain","Ghostly Armor"],"max_hp_per_floor":[80,86,86,86,86,86,86,92,98,98,98],"relics":["Cursed Key","Darkstone Periapt","Du-Vu Doll","Golden Idol","Letter Opener"],"card_choices":[{"not_picked":["Rupture","Sever Soul"],"picked":"Whirlwind","floor":1},{"not_picked":["Perfected Strike","Sword Boomerang"],"picked":"Havoc","floor":3},{"not_picked":["Flex","Second Wind"],"picked":"Headbutt","floor":4},{"not_picked":["Clash","Feel No Pain"],"picked":"Fiend Fire","floor":5},{"not_picked":["Flex","Headbutt"],"picked":"Ghostly Armor","floor":10}],"player_experience":500366,"potions_floor_usage":[],"damage_taken":[{"damage":3,"enemies":"Jaw Worm","floor":1,"turns":2},{"damage":0,"enemies":"2 Louse","floor":3,"turns":1},{"damage":0,"enemies":"Small Slimes","floor":4,"turns":3},{"damage":6,"enemies":"Gremlin Gang","floor":5,"turns":3},{"damage":1,"enemies":"3 Louse","floor":7,"turns":2},{"damage":2,"enemies":"Exordium Wildlife","floor":10,"turns":3}],"event_choices":[{"event_name":"Golden Idol","player_choice":"Take Wound","floor":2,"damage_taken":0},{"event_name":"Liars Game","player_choice":"agreed","floor":8,"damage_taken":0}],"boss_relics":[],"potions_floor_spawned":[3,5,7],"seed_played":"-8935585720801490496","ascension_level":0,"is_trial":false}