{"gold_per_floor":[109,127,52,52,76,109,109,145,145,145,161,161,185,201,201,322,322,335,235,253,273,273],"floor_reached":22,"playtime":859,"items_purged":["Strike_B","Strike_B"],"score":198,"play_id":"0a212f2e-af90-467b-b387-5eec565992c6","local_time":"20190806122829","is_ascension_mode":false,"campfire_choices":[{"data":"Zap","floor":7.0,"key":"SMITH"},{"floor":10.0,"key":"REST"},{"floor":15,"key":"REST"}],"neow_cost":"NONE","seed_source_timestamp":99371087626706,"circlet_count":0,"master_deck":["Strike_B","Defend_B","Defend_B","Defend_B","Zap+1","Dualcast","Leap","Gash","Gash","Gash"],"special_seed":0,"relics":["Cracked Core","Golden Idol","Blood Vial","StoneCalendar","Singing Bowl","Empty Cage"],"potions_floor_usage":[14,16,20,20,22],"damage_taken":[{"damage":1.0,"enemies":"Jaw Worm","floor":1.0,"turns":3.0},{"damage":0.0,"enemies":"2 Louse","floor":2.0,"turns":2.0},{"damage":0.0,"enemies":"Small Slimes","floor":5.0,"turns":3.0},{"damage":22.0,"enemies":"Lagavulin","floor":6.0,"turns":7.0},{"damage":29.0,"enemies":"Gremlin Nob","floor":8.0,"turns":4.0},{"damage":1.0,"enemies":"2 Fungi Beasts","floor":11.0,"turns":3.0},{"damage":7,"enemies":"Blue Slaver","floor":13,"turns":3},{"damage":3,"enemies":"Gremlin Gang","floor":14,"turns":3},{"damage":43,"enemies":"Slime Boss","floor":16,"turns":7},{"damage":26,"enemies":"Spheric Guardian","floor":18,"turns":6},{"damage":3,"enemies":"3 Byrds","floor":20,"turns":3},{"damage":42,"enemies":"3 Cultists","floor":21,"turns":6},{"damage":25,"enemies":"Centurion and Healer","floor":22,"turns":6}],"seed_played":"-407370579601038199","potions_obtained":[{"floor":5.0,"key":"LiquidBronze"},{"floor":6.0,"key":"Explosive Potion"},{"floor":14,"key":"Regen Potion"},{"floor":16,"key":"Explosive Potion"},{"floor":18,"key":"Poison Potion"},{"floor":21,"key":"LiquidBronze"}],"is_trial":false,"path_per_floor":["M","M","$","?","M","E","R","E","T","R","M","?","M","M","R","B",null,"M","$","M","M","M"],"character_chosen":"DEFECT","items_purchased":[],"campfire_rested":2,"item_purchase_floors":[],"current_hp_per_floor":[74,74,74,56,56,34,34,7,7,29,32,32,29,30,54,24,83,57,57,58,20,0],"gold":273,"neow_bonus":"THREE_CARDS","is_prod":false,"is_daily":false,"chose_seed":false,"campfire_upgraded":1,"win_rate":0,"timestamp":1565119709,"path_taken":["M","M","$","?","M","E","R","E","T","R","M","?","M","M","R","BOSS","M","$","M","M","M"],"build_version":"2019-07-17","purchased_purges":2,"victory":false,"max_hp_per_floor":[75,75,75,75,75,75,75,75,75,75,77,77,79,81,81,83,83,83,83,85,87,87],"card_choices":[{"not_picked":["Compile Driver","Undo"],"picked":"Leap","floor":0.0},{"not_picked":["Cold Snap","Coolheaded"],"picked":"Gash","floor":1.0},{"not_picked":["Ball Lightning","Steam Power","Static Discharge"],"picked":"SKIP","floor":2.0},{"not_picked":["Scrape","Go for the Eyes"],"picked":"Gash","floor":5.0},{"not_picked":["Cold Snap","Loop","Doom and Gloom"],"picked":"SKIP","floor":6.0},{"not_picked":["Ball Lightning","Doom and Gloom","Recycle"],"picked":"SKIP","floor":8.0},{"not_picked":["Double Energy","Heatsinks","Barrage"],"picked":"Singing Bowl","floor":11.0},{"not_picked":["Go for the Eyes","Compile Driver","Sunder"],"picked":"Singing Bowl","floor":13},{"not_picked":["Hyperbeam","Melter","Darkness"],"picked":"Singing Bowl","floor":14},{"not_picked":["Amplify","Biased Cognition","Rainbow"],"picked":"Singing Bowl","floor":16},{"not_picked":["Barrage","Cold Snap"],"picked":"Gash","floor":18},{"not_picked":["Beam Cell+1","Coolheaded+1","Undo"],"picked":"Singing Bowl","floor":20},{"not_picked":["Streamline+1","Reinforced Body","Sweeping Beam+1"],"picked":"Singing Bowl","floor":21}],"player_experience":491380,"relics_obtained":[{"floor":6.0,"key":"Blood Vial"},{"floor":8.0,"key":"StoneCalendar"},{"floor":9.0,"key":"Singing Bowl"}],"event_choices":[{"damage_healed":0.0,"max_hp_gain":0.0,"max_hp_loss":0.0,"gold_gain":0.0,"event_name":"Golden Idol","player_choice":"Take Damage","floor":4.0,"gold_loss":0.0,"damage_taken":18.0,"relics_obtained":["Golden Idol"]},{"damage_healed":0,"gold_gain":0,"player_choice":"Searched \u00270\u0027 times","damage_taken":0,"max_hp_gain":0,"max_hp_loss":0,"event_name":"Dead Adventurer","floor":12,"gold_loss":0}],"is_beta":false,"boss_relics":[{"not_picked":["Coffee Dripper","Inserter"],"picked":"Empty Cage"}],"items_purged_floors":[3,19],"is_endless":false,"potions_floor_spawned":[5,6,14,16,18,21],"killed_by":"Centurion and Healer","ascension_level":0}