{"gold_per_floor":[119,44,44,44,68,103,103,138,138,38,74,148,171,171,171,301,301,319,319,343,357,82,101,132,132,132,163,182,27,51,51,51,182,182,200,200,246,264,288,288],"floor_reached":40,"playtime":2212,"items_purged":["Strike_B","Zap"],"score":623,"play_id":"2183df9c-dd9f-4643-8815-dbe1dd866984","local_time":"20190705130059","is_ascension_mode":true,"campfire_choices":[{"data":"Hyperbeam","floor":7,"key":"SMITH"},{"floor":15,"key":"REST"},{"data":"Fusion","floor":25,"key":"SMITH"},{"floor":32,"key":"REST"}],"neow_cost":"NONE","seed_source_timestamp":192410735839272,"circlet_count":0,"master_deck":["Strike_B","Strike_B","Defend_B","Defend_B","Defend_B","Defend_B","Dualcast","Hyperbeam+1","Fusion+1","White Noise","Auto Shields","Steam","Fission","Doom and Gloom","Core Surge","Conserve Battery","Streamline","Beam Cell+1","Defragment+1","Core Surge","Sunder","Force Field","Meteor Strike","Streamline+1"],"relics":["Cracked Core","Omamori","Golden Idol","Boot","Symbiotic Virus","Mercury Hourglass","Pear","Potion Belt","The Courier","Velvet Choker","ClockworkSouvenir","Bag of Marbles","Pantograph","Cables","Ornamental Fan","Blood Vial","Nuclear Battery","Orichalcum"],"potions_floor_usage":[6,23,27,30,30,33,33,33,33,33,33,39,40],"damage_taken":[{"damage":0,"enemies":"Small Slimes","floor":1,"turns":1},{"damage":2,"enemies":"Jaw Worm","floor":5,"turns":3},{"damage":15,"enemies":"Gremlin Nob","floor":6,"turns":3},{"damage":0,"enemies":"3 Sentries","floor":8,"turns":4},{"damage":0,"enemies":"Lagavulin","floor":11,"turns":4},{"damage":37,"enemies":"Gremlin Nob","floor":12,"turns":4},{"damage":0,"enemies":"2 Louse","floor":13,"turns":1},{"damage":21,"enemies":"Slime Boss","floor":16,"turns":5},{"damage":16,"enemies":"3 Byrds","floor":18,"turns":3},{"damage":0,"enemies":"Spheric Guardian","floor":20,"turns":3},{"damage":0,"enemies":"3 Cultists","floor":21,"turns":2},{"damage":21,"enemies":"Snake Plant","floor":23,"turns":4},{"damage":0,"enemies":"Slavers","floor":24,"turns":1},{"damage":20,"enemies":"Book of Stabbing","floor":27,"turns":4},{"damage":12,"enemies":"Cultist and Chosen","floor":28,"turns":5},{"damage":0,"enemies":"Centurion and Healer","floor":30,"turns":3},{"damage":41,"enemies":"Collector","floor":33,"turns":7},{"damage":21,"enemies":"3 Darklings","floor":35,"turns":4},{"damage":8,"enemies":"Orb Walker","floor":38,"turns":3},{"damage":13,"enemies":"4 Shapes","floor":39,"turns":4},{"damage":129,"enemies":"Giant Head","floor":40,"turns":8}],"seed_played":"-8464814180040370275","potions_obtained":[{"floor":1,"key":"Poison Potion"},{"floor":8,"key":"FairyPotion"},{"floor":13,"key":"Dexterity Potion"},{"floor":16,"key":"Regen Potion"},{"floor":19,"key":"SkillPotion"},{"floor":19,"key":"EntropicBrew"},{"floor":20,"key":"PowerPotion"},{"floor":27,"key":"Fire Potion"},{"floor":38,"key":"AttackPotion"},{"floor":39,"key":"SkillPotion"}],"is_trial":false,"path_per_floor":["M","$","?","?","M","E","R","E","T","$","E","?","M","?","R","B",null,"M","?","M","M","$","M","E","R","T","E","M","$","M","?","R","B",null,"M","?","T","M","M","E"],"character_chosen":"DEFECT","items_purchased":["ClockworkSouvenir","Bag of Marbles","Blood Vial","PowerPotion"],"campfire_rested":2,"item_purchase_floors":[22,22,29,29],"current_hp_per_floor":[75,75,68,68,66,51,51,51,51,51,61,24,24,24,47,26,79,63,63,63,63,63,54,54,54,54,34,22,22,24,24,47,48,79,58,78,78,71,60,0],"gold":288,"neow_bonus":"ONE_RANDOM_RARE_CARD","is_prod":false,"is_daily":false,"chose_seed":false,"campfire_upgraded":2,"win_rate":0,"timestamp":1562356859,"path_taken":["M","$","?","?","M","E","R","E","T","$","E","?","?","?","R","BOSS","M","?","M","M","$","M","E","R","T","E","M","$","?","?","R","BOSS","M","?","?","M","M","E"],"build_version":"2019-07-01","purchased_purges":2,"victory":false,"max_hp_per_floor":[75,75,75,69,69,69,69,69,69,69,79,79,79,79,79,79,79,79,79,79,79,79,79,79,79,79,79,79,79,79,79,79,79,79,79,79,79,79,79,79],"card_choices":[{"not_picked":["Streamline","Sweeping Beam"],"picked":"Fusion","floor":1},{"not_picked":["Conserve Battery","Streamline"],"picked":"White Noise","floor":5},{"not_picked":["Rebound","Cold Snap"],"picked":"Auto Shields","floor":6},{"not_picked":["Reinforced Body","Undo"],"picked":"Steam","floor":8},{"not_picked":["Lockon","Consume"],"picked":"Fission","floor":11},{"not_picked":["Capacitor","Ball Lightning"],"picked":"Doom and Gloom","floor":12},{"not_picked":["Barrage","Consume","Skim"],"picked":"SKIP","floor":13},{"not_picked":["Thunder Strike","Creative AI"],"picked":"Core Surge","floor":16},{"not_picked":["Steam","Storm+1","Redo"],"picked":"SKIP","floor":18},{"not_picked":["Barrage","Gash+1","Leap"],"picked":"SKIP","floor":20},{"not_picked":["Undo+1","Turbo"],"picked":"Conserve Battery","floor":21},{"not_picked":["Ball Lightning","Blizzard"],"picked":"Streamline","floor":23},{"not_picked":["Loop+1","Tempest+1"],"picked":"Beam Cell+1","floor":24},{"not_picked":["Barrage","Ball Lightning"],"picked":"Defragment+1","floor":27},{"not_picked":["Go for the Eyes+1","Barrage"],"picked":"Core Surge","floor":28},{"not_picked":["Conserve Battery","Doom and Gloom"],"picked":"Sunder","floor":30},{"not_picked":["Thunder Strike","Rainbow"],"picked":"Meteor Strike","floor":33},{"not_picked":["Coolheaded","Reinforced Body"],"picked":"Streamline+1","floor":35},{"not_picked":["Reprogram+1","Coolheaded+1","Sweeping Beam"],"picked":"SKIP","floor":38},{"not_picked":["Go for the Eyes+1","Conserve Battery","Skim"],"picked":"SKIP","floor":39}],"player_experience":176382,"relics_obtained":[{"floor":6,"key":"Boot"},{"floor":8,"key":"Symbiotic Virus"},{"floor":9,"key":"Mercury Hourglass"},{"floor":11,"key":"Pear"},{"floor":24,"key":"Pantograph"},{"floor":26,"key":"Cables"},{"floor":27,"key":"Ornamental Fan"},{"floor":37,"key":"Orichalcum"}],"event_choices":[{"damage_healed":0,"gold_gain":0,"player_choice":"Success","damage_taken":7,"relics_obtained":["Omamori"],"max_hp_gain":0,"max_hp_loss":0,"event_name":"Scrap Ooze","floor":3,"gold_loss":0},{"damage_healed":0,"gold_gain":0,"player_choice":"Lose Max HP","damage_taken":0,"relics_obtained":["Golden Idol"],"max_hp_gain":0,"max_hp_loss":6,"event_name":"Golden Idol","floor":4,"gold_loss":0},{"damage_healed":0,"gold_gain":0,"player_choice":"Searched \u00272\u0027 times","damage_taken":0,"relics_obtained":["Potion Belt"],"max_hp_gain":0,"max_hp_loss":0,"event_name":"Dead Adventurer","floor":12,"gold_loss":0},{"damage_healed":0,"gold_gain":0,"player_choice":"Box","damage_taken":0,"relics_obtained":["The Courier"],"max_hp_gain":0,"max_hp_loss":0,"event_name":"Big Fish","floor":14,"gold_loss":0,"cards_obtained":["Regret"]},{"damage_healed":0,"gold_gain":0,"player_choice":"Got Potions","damage_taken":0,"max_hp_gain":0,"max_hp_loss":0,"event_name":"Lab","floor":19,"gold_loss":0},{"damage_healed":0,"gold_gain":0,"cards_transformed":["Strike_B"],"player_choice":"Transformed","damage_taken":0,"max_hp_gain":0,"max_hp_loss":0,"event_name":"Transmorgrifier","floor":31,"gold_loss":0,"cards_obtained":["Force Field"]},{"damage_healed":20,"gold_gain":0,"player_choice":"Writhe","damage_taken":0,"max_hp_gain":0,"max_hp_loss":0,"event_name":"Winding Halls","floor":36,"gold_loss":0,"cards_obtained":["Writhe"]}],"is_beta":false,"boss_relics":[{"not_picked":["Pandora\u0027s Box","Busted Crown"],"picked":"Velvet Choker"},{"not_picked":["Coffee Dripper","Tiny House"],"picked":"Nuclear Battery"}],"items_purged_floors":[2,10],"is_endless":false,"potions_floor_spawned":[1,8,13,16,20,21,27,38,39],"killed_by":"Giant Head","ascension_level":4}