{"gold_per_floor":[119,36,46,46,56,56,56,56,129,129,94,94,19,30,30,102,102,115,134,134,134,151,151,171,171,171,171,71,71,121,136,136,213,213,228,17,17,17,17,17,34,34,34,34,54,54,67,78,78,78],"floor_reached":51,"playtime":2805,"items_purged":["Strike_B","Dualcast"],"score":1236,"play_id":"d896eefe-0ead-446c-99d5-ce4ebfb3a83a","local_time":"20190725123530","is_ascension_mode":true,"campfire_choices":[{"data":"Lockon","floor":6.0,"key":"SMITH"},{"data":"Chaos","floor":8.0,"key":"SMITH"},{"data":"Genetic Algorithm","floor":12.0,"key":"SMITH"},{"data":"Reinforced Body","floor":15.0,"key":"SMITH"},{"data":"Thunder Strike","floor":23.0,"key":"SMITH"},{"floor":25.0,"key":"REST"},{"data":"Leap","floor":32.0,"key":"SMITH"},{"floor":40.0,"key":"REST"},{"floor":42.0,"key":"REST"},{"floor":44.0,"key":"REST"},{"floor":49.0,"key":"REST"}],"neow_cost":"NONE","seed_source_timestamp":0,"circlet_count":0,"master_deck":["AscendersBane","Defend_B+1","Defend_B","Defend_B","Defend_B","Zap+1","Genetic Algorithm+1","Chaos+1","Reinforced Body+1","Lockon+1","Thunder Strike+1","Electrodynamics+1","Loop+1","BootSequence","BootSequence","Coolheaded+1","Leap+1","Multi-Cast","Defragment+1","Reboot"],"special_seed":0,"relics":["Cracked Core","Frozen Egg 2","Cursed Key","Fusion Hammer","DataDisk"],"potions_floor_usage":[50,50],"damage_taken":[{"damage":6.0,"enemies":"2 Louse","floor":1.0,"turns":2.0},{"damage":1.0,"enemies":"Cultist","floor":3.0,"turns":4.0},{"damage":1.0,"enemies":"Small Slimes","floor":5.0,"turns":3.0},{"damage":8.0,"enemies":"Exordium Wildlife","floor":14.0,"turns":3.0},{"damage":36.0,"enemies":"Hexaghost","floor":16.0,"turns":11.0},{"damage":11.0,"enemies":"2 Thieves","floor":18.0,"turns":3.0},{"damage":0.0,"enemies":"3 Byrds","floor":19.0,"turns":4.0},{"damage":0.0,"enemies":"Snecko","floor":22.0,"turns":4.0},{"damage":1.0,"enemies":"Chosen and Byrds","floor":24.0,"turns":5.0},{"damage":0.0,"enemies":"3 Cultists","floor":31.0,"turns":5.0},{"damage":51.0,"enemies":"Champ","floor":33.0,"turns":11.0},{"damage":3.0,"enemies":"3 Shapes","floor":35.0,"turns":5.0},{"damage":21.0,"enemies":"3 Darklings","floor":41.0,"turns":6.0},{"damage":1.0,"enemies":"Spire Growth","floor":45.0,"turns":5.0},{"damage":34.0,"enemies":"Jaw Worm Horde","floor":47.0,"turns":4.0},{"damage":17.0,"enemies":"4 Shapes","floor":48.0,"turns":3.0},{"damage":33,"enemies":"Time Eater","floor":50,"turns":11}],"seed_played":"8633816506949736659","potions_obtained":[{"floor":5.0,"key":"SkillPotion"},{"floor":19.0,"key":"FearPotion"},{"floor":31.0,"key":"GamblersBrew"},{"floor":35.0,"key":"Regen Potion"},{"floor":45.0,"key":"Ancient Potion"},{"floor":48.0,"key":"SpeedPotion"}],"is_trial":false,"path_per_floor":["M","$","M","?","M","R","?","R","T","?","?","R","$","M","R","B",null,"M","M","?","?","M","R","M","R","T","T","$","?","?","M","R","B",null,"M","$","?","?","T","R","M","R","T","R","M","?","M","M","R","B",null],"character_chosen":"DEFECT","items_purchased":["Chaos","DataDisk","Chill"],"campfire_rested":5,"item_purchase_floors":[2,36,36],"current_hp_per_floor":[58,58,57,57,56,56,35,35,35,35,52,52,52,44,44,8,55,44,44,44,44,44,44,43,64,64,64,64,64,64,64,64,13,57,54,54,54,54,54,71,62,71,71,71,70,67,33,16,36,3],"gold":78,"neow_bonus":"UPGRADE_CARD","is_prod":false,"is_daily":false,"chose_seed":false,"campfire_upgraded":6,"win_rate":0,"timestamp":1564072530,"path_taken":["M","$","M","?","?","R","?","R","T","?","?","R","$","M","R","BOSS","M","M","?","?","M","R","M","R","T","?","?","?","?","M","R","BOSS","M","$","?","?","?","R","M","R","T","R","M","?","?","M","R","BOSS"],"build_version":"2019-07-17","purchased_purges":2,"victory":true,"max_hp_per_floor":[71,71,71,71,71,71,71,71,71,71,71,71,71,71,71,71,71,71,71,71,71,71,71,71,71,71,71,71,71,71,71,71,71,71,71,71,71,71,71,71,71,71,71,71,71,67,67,67,67,67],"card_choices":[{"not_picked":["Redo","Static Discharge"],"picked":"Genetic Algorithm","floor":1.0},{"not_picked":["Double Energy","Stack","Steam Power"],"picked":"SKIP","floor":3.0},{"not_picked":["Double Energy","Reprogram"],"picked":"Lockon","floor":5.0},{"not_picked":["Doom and Gloom","Lockon","Streamline"],"picked":"SKIP","floor":14.0},{"not_picked":["Buffer+1","Amplify"],"picked":"Electrodynamics+1","floor":16.0},{"not_picked":["FTL","Redo","Heatsinks+1"],"picked":"SKIP","floor":18.0},{"not_picked":["Cold Snap","Gash"],"picked":"Loop+1","floor":19.0},{"not_picked":["Hologram","Rebound"],"picked":"Coolheaded+1","floor":22.0},{"not_picked":["Hyperbeam","Stack","Redo"],"picked":"SKIP","floor":24.0},{"not_picked":["Turbo","White Noise"],"picked":"Leap","floor":31.0},{"not_picked":["Creative AI+1","All For One"],"picked":"Multi-Cast","floor":33.0},{"not_picked":["Stack","FTL","Redo"],"picked":"SKIP","floor":35.0},{"not_picked":["Steam","Gash","Thunder Strike"],"picked":"SKIP","floor":41.0},{"not_picked":["Chill","Barrage"],"picked":"Defragment+1","floor":45.0},{"not_picked":["Gash","Turbo","Streamline+1"],"picked":"SKIP","floor":47.0},{"not_picked":["Turbo","Steam"],"picked":"Reboot","floor":48.0}],"player_experience":921867,"relics_obtained":[{"floor":9.0,"key":"Frozen Egg 2"}],"event_choices":[{"damage_healed":0.0,"max_hp_gain":0.0,"max_hp_loss":0.0,"gold_gain":0.0,"event_name":"Match and Keep!","player_choice":"1 cards matched","floor":4.0,"gold_loss":0.0,"damage_taken":0.0,"cards_obtained":["Reinforced Body"]},{"damage_healed":0.0,"max_hp_gain":0.0,"max_hp_loss":0.0,"gold_gain":0.0,"event_name":"Shining Light","player_choice":"Entered Light","floor":7.0,"gold_loss":0.0,"damage_taken":21.0,"cards_upgraded":["Strike_B","Defend_B"]},{"damage_healed":0.0,"max_hp_gain":0.0,"max_hp_loss":0.0,"gold_gain":0.0,"cards_transformed":["Strike_B"],"event_name":"Living Wall","player_choice":"Change","floor":10.0,"gold_loss":0.0,"damage_taken":0.0,"cards_obtained":["Thunder Strike"]},{"damage_healed":17.0,"max_hp_gain":0.0,"max_hp_loss":0.0,"gold_gain":0.0,"event_name":"The Cleric","player_choice":"Healed","floor":11.0,"gold_loss":35.0,"damage_taken":0.0},{"damage_healed":0.0,"max_hp_gain":0.0,"max_hp_loss":0.0,"gold_gain":0.0,"cards_transformed":["Strike_B","Strike_B"],"event_name":"Drug Dealer","player_choice":"Became Test Subject","floor":20.0,"gold_loss":0.0,"damage_taken":0.0,"cards_obtained":["BootSequence","BootSequence"]},{"damage_healed":0.0,"max_hp_gain":0.0,"max_hp_loss":0.0,"gold_gain":0.0,"event_name":"The Mausoleum","player_choice":"Ignored","floor":21.0,"gold_loss":0.0,"damage_taken":0.0},{"damage_healed":0.0,"max_hp_gain":0.0,"max_hp_loss":0.0,"gold_gain":0.0,"event_name":"Ghosts","player_choice":"Ignored","floor":29.0,"gold_loss":0.0,"damage_taken":0.0},{"damage_healed":0.0,"max_hp_gain":0.0,"max_hp_loss":0.0,"gold_gain":50.0,"event_name":"Nest","player_choice":"Stole From Cult","floor":30.0,"gold_loss":0.0,"damage_taken":0.0},{"cards_removed":["Chill"],"damage_healed":0.0,"max_hp_gain":0.0,"max_hp_loss":0.0,"gold_gain":0.0,"event_name":"Falling","player_choice":"Removed Skill","floor":37.0,"gold_loss":0.0,"damage_taken":0.0},{"damage_healed":0.0,"max_hp_gain":0.0,"max_hp_loss":0.0,"gold_gain":0.0,"event_name":"Mysterious Sphere","player_choice":"Ignored","floor":38.0,"gold_loss":0.0,"damage_taken":0.0},{"damage_healed":0.0,"max_hp_gain":0.0,"max_hp_loss":4.0,"gold_gain":0.0,"event_name":"Winding Halls","player_choice":"Max HP","floor":46.0,"gold_loss":0.0,"damage_taken":0.0}],"is_beta":false,"boss_relics":[{"not_picked":["Eternal Feather","Coffee Dripper"],"picked":"Cursed Key"},{"not_picked":["FrozenCore","Empty Cage"],"picked":"Fusion Hammer"}],"items_purged_floors":[13,28],"is_endless":false,"potions_floor_spawned":[5,19,31,33,35,45,48],"ascension_level":19}