{"gold_per_floor":[112,127,144,154,154,182,182,211,281,281,299,1,19,19,19,120,170,184,198,42,52,52],"floor_reached":22,"playtime":2035,"items_purged":["Strike_G"],"score":335,"play_id":"a6228b36-f11e-409c-91d9-7a0442d9e17d","local_time":"20190809172129","is_ascension_mode":true,"campfire_choices":[{"floor":7,"key":"REST"},{"data":"A Thousand Cuts","floor":10,"key":"SMITH"},{"floor":15,"key":"REST"}],"neow_cost":"NONE","seed_source_timestamp":326494886549763,"circlet_count":0,"master_deck":["Strike_G","Strike_G+1","Defend_G+1","Defend_G","Defend_G","Defend_G","Defend_G","Survivor","Neutralize+1","Well Laid Plans","Heel Hook","Blade Dance","Blade Dance","A Thousand Cuts+1","Backstab","Footwork","Backflip","Phantasmal Killer","Outmaneuver","Prepared","Expertise","Dodge and Roll"],"relics":["Ring of the Snake","Thread and Needle","Ginger","Molten Egg 2","PreservedInsect","Tiny House","Whetstone"],"potions_floor_usage":[3,4,6,6,6,6,8,8,16,16,18,19,21,22],"damage_taken":[{"damage":6,"enemies":"Cultist","floor":1,"turns":4},{"damage":1,"enemies":"Jaw Worm","floor":2,"turns":3},{"damage":0,"enemies":"Small Slimes","floor":3,"turns":5},{"damage":2,"enemies":"Gremlin Gang","floor":4,"turns":5},{"damage":32,"enemies":"Gremlin Nob","floor":6,"turns":5},{"damage":10,"enemies":"Lagavulin","floor":8,"turns":5},{"damage":5,"enemies":"2 Fungi Beasts","floor":11,"turns":2},{"damage":8,"enemies":"Large Slime","floor":13,"turns":4},{"damage":0,"enemies":"The Guardian","floor":16,"turns":13},{"damage":5,"enemies":"2 Thieves","floor":18,"turns":4},{"damage":10,"enemies":"3 Byrds","floor":19,"turns":3},{"damage":48,"enemies":"Centurion and Healer","floor":21,"turns":9},{"damage":0,"enemies":"Snake Plant","floor":22,"turns":1}],"seed_played":"-6774053188756324209","potions_obtained":[{"floor":0,"key":"SpeedPotion"},{"floor":0,"key":"EntropicBrew"},{"floor":0,"key":"LiquidBronze"},{"floor":1,"key":"Ancient Potion"},{"floor":3,"key":"Strength Potion"},{"floor":4,"key":"GhostInAJar"},{"floor":8,"key":"Poison Potion"},{"floor":13,"key":"FearPotion"},{"floor":16,"key":"Weak Potion"},{"floor":17,"key":"EssenceOfSteel"},{"floor":19,"key":"SkillPotion"},{"floor":21,"key":"AttackPotion"}],"is_trial":false,"path_per_floor":["M","M","M","M","?","E","R","E","T","R","M","$","M","?","R","B",null,"M","M","$","M","M"],"character_chosen":"THE_SILENT","items_purchased":["Footwork","PreservedInsect","Whetstone"],"campfire_rested":2,"item_purchase_floors":[12,12,20],"current_hp_per_floor":[57,56,56,54,54,22,43,33,33,33,28,28,20,20,41,41,68,63,53,53,5,5],"gold":52,"neow_bonus":"THREE_SMALL_POTIONS","is_prod":false,"is_daily":false,"chose_seed":false,"campfire_upgraded":1,"win_rate":0,"timestamp":1565396489,"path_taken":["M","M","M","?","?","E","R","E","T","R","M","$","M","?","R","BOSS","M","?","$","M","M"],"build_version":"2019-07-17","purchased_purges":1,"victory":false,"max_hp_per_floor":[70,70,70,70,70,70,70,70,70,70,70,70,70,70,70,70,75,75,75,75,75,75],"card_choices":[{"not_picked":["Flying Knee","Acrobatics"],"picked":"Well Laid Plans","floor":1},{"not_picked":["Setup","Outmaneuver"],"picked":"Heel Hook","floor":2},{"not_picked":["Riddle With Holes","Eviscerate"],"picked":"Blade Dance","floor":3},{"not_picked":["Deflect","Blur"],"picked":"Blade Dance","floor":4},{"not_picked":["Quick Slash","Deflect"],"picked":"A Thousand Cuts","floor":6},{"not_picked":["Prepared","Skewer"],"picked":"Backstab","floor":8},{"not_picked":["PiercingWail","Underhanded Strike+1","Outmaneuver"],"picked":"SKIP","floor":11},{"not_picked":["Caltrops","Calculated Gamble"],"picked":"Backflip","floor":13},{"not_picked":["Malaise","A Thousand Cuts"],"picked":"Phantasmal Killer","floor":16},{"not_picked":["Flying Knee+1","Flechettes+1"],"picked":"Outmaneuver","floor":17},{"not_picked":["Endless Agony+1","Leg Sweep"],"picked":"Prepared","floor":18},{"not_picked":["Cloak And Dagger","Crippling Poison"],"picked":"Expertise","floor":19},{"not_picked":["Acrobatics","Sucker Punch+1"],"picked":"Dodge and Roll","floor":21}],"player_experience":256206,"relics_obtained":[{"floor":6,"key":"Thread and Needle"},{"floor":8,"key":"Ginger"},{"floor":9,"key":"Molten Egg 2"}],"event_choices":[{"cards_removed":["Strike_G"],"damage_healed":0,"gold_gain":0,"player_choice":"Forget","damage_taken":0,"max_hp_gain":0,"max_hp_loss":0,"event_name":"Living Wall","floor":5,"gold_loss":0},{"cards_removed":["Strike_G"],"damage_healed":0,"gold_gain":0,"player_choice":"Purged","damage_taken":0,"max_hp_gain":0,"max_hp_loss":0,"event_name":"Purifier","floor":14,"gold_loss":0}],"is_beta":false,"boss_relics":[{"not_picked":["Snecko Eye","Velvet Choker"],"picked":"Tiny House"}],"items_purged_floors":[12],"is_endless":false,"potions_floor_spawned":[1,3,4,8,13,16,19,21],"killed_by":"Snake Plant","ascension_level":7}