{"gold_per_floor":[111,111,111,136,61,96,96,120,120,120,134,149,164,64,64,64],"floor_reached":16,"playtime":639,"items_purged":["Regret","Strike_B"],"score":102,"play_id":"b13b65ad-101c-4932-bda9-aeaffaa14e47","local_time":"20190807204017","is_ascension_mode":false,"campfire_choices":[{"data":"Zap","floor":7,"key":"SMITH"},{"data":"Dualcast","floor":10,"key":"SMITH"},{"floor":15,"key":"REST"}],"neow_cost":"NONE","seed_source_timestamp":215609284449878,"circlet_count":0,"master_deck":["Strike_B","Strike_B","Strike_B","Defend_B","Defend_B","Defend_B","Defend_B","Zap+1","Dualcast+1","Gash","Leap"],"relics":["Cracked Core","Calipers","Golden Idol","Mummified Hand","Molten Egg 2"],"potions_floor_usage":[6,6,12],"damage_taken":[{"damage":0,"enemies":"2 Louse","floor":1,"turns":2},{"damage":9,"enemies":"Small Slimes","floor":4,"turns":4},{"damage":31,"enemies":"Lagavulin","floor":6,"turns":8},{"damage":1,"enemies":"Jaw Worm","floor":8,"turns":4},{"damage":13,"enemies":"Red Slaver","floor":11,"turns":3},{"damage":10,"enemies":"3 Louse","floor":12,"turns":3},{"damage":5,"enemies":"Looter","floor":13,"turns":3},{"damage":23,"enemies":"The Guardian","floor":16,"turns":4}],"seed_played":"-2427001398229935552","potions_obtained":[{"floor":0,"key":"Ancient Potion"},{"floor":0,"key":"Regen Potion"},{"floor":0,"key":"Block Potion"},{"floor":1,"key":"PowerPotion"},{"floor":11,"key":"Poison Potion"},{"floor":12,"key":"FairyPotion"}],"is_trial":false,"path_per_floor":["M","?","?","M","$","E","R","M","T","R","M","M","M","$","R","B"],"character_chosen":"DEFECT","items_purchased":[],"campfire_rested":1,"item_purchase_floors":[],"current_hp_per_floor":[75,75,57,48,48,32,32,31,31,31,18,8,3,3,25,2],"gold":64,"neow_bonus":"THREE_SMALL_POTIONS","is_prod":false,"is_daily":false,"chose_seed":false,"campfire_upgraded":2,"win_rate":0,"timestamp":1565235617,"path_taken":["M","?","?","M","$","E","R","M","T","R","M","M","M","$","R","BOSS"],"build_version":"2019-07-17","purchased_purges":2,"victory":false,"max_hp_per_floor":[75,75,75,75,75,75,75,75,75,75,75,75,75,75,75,75],"card_choices":[{"not_picked":["Hologram","Ball Lightning","Cold Snap"],"picked":"SKIP","floor":1},{"not_picked":["Go for the Eyes","Cold Snap","Turbo"],"picked":"SKIP","floor":4},{"not_picked":["Fission","Ball Lightning"],"picked":"Gash","floor":6},{"not_picked":["Ball Lightning","FTL","Self Repair"],"picked":"SKIP","floor":8},{"not_picked":["Self Repair","Redo"],"picked":"Leap","floor":11},{"not_picked":["Hyperbeam+1","Barrage+1","Chill"],"picked":"SKIP","floor":12},{"not_picked":["Redo","Conserve Battery","Ball Lightning+1"],"picked":"SKIP","floor":13}],"player_experience":514455,"relics_obtained":[{"floor":6,"key":"Mummified Hand"},{"floor":9,"key":"Molten Egg 2"}],"event_choices":[{"damage_healed":0,"gold_gain":0,"player_choice":"Box","damage_taken":0,"relics_obtained":["Calipers"],"max_hp_gain":0,"max_hp_loss":0,"event_name":"Big Fish","floor":2,"gold_loss":0,"cards_obtained":["Regret"]},{"damage_healed":0,"gold_gain":0,"player_choice":"Take Damage","damage_taken":18,"relics_obtained":["Golden Idol"],"max_hp_gain":0,"max_hp_loss":0,"event_name":"Golden Idol","floor":3,"gold_loss":0}],"is_beta":false,"boss_relics":[],"items_purged_floors":[5,14],"is_endless":false,"potions_floor_spawned":[1,4,11,12],"killed_by":"The Guardian","ascension_level":0}