{"path_per_floor":["M","?","M","M","M","R","M","R","T","M","R","M","M","M","R","B",null,"M","?","?","M","M","R"],"character_chosen":"IRONCLAD","items_purchased":[],"gold_per_floor":[112,112,129,145,156,156,167,167,191,209,209,228,242,259,259,358,358,368,368,368,339,353,353],"floor_reached":24,"campfire_rested":1,"playtime":2171,"current_hp_per_floor":[80,80,80,80,67,67,66,66,73,63,63,60,59,63,63,44,87,64,64,64,35,15,41],"items_purged":[],"gold":353,"play_id":"cf6551d7-b217-4375-8966-c20957538ca7","is_prod":false,"is_daily":false,"campfire_rituals":0,"campfire_upgraded":4,"is_hardmode":false,"path_taken":["M","?","M","M","M","R","M","R","T","M","R","M","M","M","R","BOSS","M","?","?","?","M","R","E"],"build_version":"2018-01-18-PROD4","purchased_purges":0,"victory":false,"master_deck":["Strike_R","Strike_R","Strike_R","Strike_R","Strike_R","Defend_R","Defend_R","Defend_R","Defend_R","Bash","Cleave","True Grit","Barricade","Body Slam","Impervious","Seeing Red","Shrug It Off","Burning Pact","Iron Wave"],"max_hp_per_floor":[80,80,80,80,80,80,80,80,87,87,87,87,87,87,87,87,87,87,87,87,87,87,87],"relics":["Burning Blood","Strawberry","Black Star"],"campfire_meditates":0,"card_choices":[{"not_picked":["Rupture","Reckless Charge"],"picked":"Cleave"},{"not_picked":["Feel No Pain","Thunderclap"],"picked":"True Grit"},{"not_picked":["Wild Strike","Whirlwind"],"picked":"Barricade"},{"not_picked":["Thunderclap","Seeing Red"],"picked":"Body Slam"},{"not_picked":["Juggernaut","Brutality"],"picked":"Impervious"},{"not_picked":["Iron Wave","Heavy Blade"],"picked":"Seeing Red"},{"not_picked":["Hemokinesis","Heavy Blade"],"picked":"Burning Pact"},{"not_picked":["Corruption","Disarm"],"picked":"Iron Wave"}],"player_experience":58614,"potions_floor_usage":[24],"damage_taken":[{"damage":0.0,"enemies":"2 Louse","floor":1.0,"turns":4.0},{"damage":0.0,"enemies":"Cultist","floor":3.0,"turns":3.0},{"damage":5.0,"enemies":"Jaw Worm","floor":4.0,"turns":3.0},{"damage":19.0,"enemies":"Exordium Thugs","floor":5.0,"turns":3.0},{"damage":7.0,"enemies":"2 Fungi Beasts","floor":7.0,"turns":4.0},{"damage":22.0,"enemies":"Lots of Slimes","floor":10.0,"turns":4.0},{"damage":9.0,"enemies":"Large Slime","floor":12.0,"turns":8.0},{"damage":7.0,"enemies":"3 Louse","floor":13.0,"turns":6.0},{"damage":2.0,"enemies":"Looter","floor":14.0,"turns":3.0},{"damage":25.0,"enemies":"The Guardian","floor":16.0,"turns":11.0},{"damage":29.0,"enemies":"3 Byrds","floor":18.0,"turns":8.0},{"damage":35.0,"enemies":"2 Thieves","floor":21.0,"turns":5.0},{"damage":26.0,"enemies":"3 Cultists","floor":22.0,"turns":7.0},{"damage":45,"enemies":"Book of Stabbing","floor":24,"turns":7}],"event_choices":[{"event_name":"The Lab","player_choice":"Got Potions","floor":2.0,"damage_taken":0.0},{"event_name":"Drug Dealer","player_choice":"Ignored","floor":19.0,"damage_taken":0.0},{"event_name":"The Library","player_choice":"Read","floor":20.0,"damage_taken":0.0}],"boss_relics":[],"potions_floor_spawned":[1,5,7,13,14],"seed_played":"4231977386696900115","killed_by":"Book of Stabbing","is_trial":false}