{"gold_per_floor":[113,113,113,133,150,110,35,68,92,105,105,133,133,148,148,225,225,241,258,258,158,33,62,76,76,101,101,118,150,0,27,27,104,104,118,128,128],"floor_reached":37,"playtime":2378,"items_purged":["Strike_R","Clash","Strike_R+1","Strike_R+1"],"score":787,"play_id":"a4756099-bb26-4851-b5c9-f267ed71315e","local_time":"20181023123018","is_ascension_mode":true,"campfire_choices":[{"floor":11,"key":"REST"},{"data":"Armaments","floor":13,"key":"SMITH"},{"data":"True Grit","floor":15,"key":"SMITH"},{"floor":25,"key":"REST"},{"floor":27,"key":"REST"},{"floor":32,"key":"REST"}],"neow_cost":"NONE","seed_source_timestamp":868294090400338,"circlet_count":0,"master_deck":["Strike_R+1","Defend_R+1","Defend_R+1","Defend_R+1","Defend_R+1","Bash","AscendersBane","True Grit+1","Whirlwind","Spot Weakness","Armaments+1","Shrug It Off","Demon Form","Shrug It Off","Evolve","Parasite"],"relics":["Burning Blood","PreservedInsect","Bottled Lightning","Blood Vial","Anchor","Mark of Pain","Calipers","Happy Flower","Question Card","Juzu Bracelet","Orrery"],"potions_floor_usage":[8,12,16,19,23,24,31,33],"damage_taken":[{"damage":8,"enemies":"2 Louse","floor":1,"turns":3},{"damage":2,"enemies":"Jaw Worm","floor":4,"turns":5},{"damage":6,"enemies":"Cultist","floor":5,"turns":3},{"damage":17,"enemies":"3 Sentries","floor":8,"turns":7},{"damage":11,"enemies":"Exordium Wildlife","floor":10,"turns":4},{"damage":20,"enemies":"Gremlin Nob","floor":12,"turns":4},{"damage":5,"enemies":"Large Slime","floor":14,"turns":5},{"damage":49,"enemies":"Hexaghost","floor":16,"turns":14},{"damage":4,"enemies":"3 Byrds","floor":18,"turns":6},{"damage":12,"enemies":"2 Thieves","floor":19,"turns":4},{"damage":40,"enemies":"Gremlin Leader","floor":23,"turns":7},{"damage":31,"enemies":"Chosen and Byrds","floor":24,"turns":9},{"damage":9,"enemies":"Snake Plant","floor":28,"turns":5},{"damage":15,"enemies":"Book of Stabbing","floor":29,"turns":6},{"damage":32,"enemies":"Gremlin Leader","floor":31,"turns":6},{"damage":30,"enemies":"Champ","floor":33,"turns":11},{"damage":14,"enemies":"Orb Walker","floor":35,"turns":8},{"damage":17,"enemies":"3 Shapes","floor":36,"turns":3},{"damage":65,"enemies":"Writhing Mass","floor":37,"turns":6}],"seed_played":"3823086818844598701","potions_obtained":[{"floor":4,"key":"Dexterity Potion"},{"floor":10,"key":"Dexterity Potion"},{"floor":14,"key":"Regen Potion"},{"floor":16,"key":"Dexterity Potion"},{"floor":18,"key":"Poison Potion"},{"floor":19,"key":"GamblersBrew"},{"floor":29,"key":"Fruit Juice"},{"floor":31,"key":"Dexterity Potion"},{"floor":35,"key":"SpeedPotion"}],"is_trial":false,"path_per_floor":["M","?","?","M","M","$","$","E","T","M","R","E","R","M","R","B",null,"M","M","?","$","$","E","M","R","T","R","M","E","$","E","R","B",null,"M","M"],"character_chosen":"IRONCLAD","items_purchased":["Whirlwind"],"campfire_rested":4,"item_purchase_floors":[6],"current_hp_per_floor":[66,71,36,40,40,40,40,29,29,26,50,38,38,41,41,15,64,68,64,64,64,64,32,9,33,33,57,56,49,49,30,55,33,72,66,57,0],"gold":128,"neow_bonus":"REMOVE_CARD","is_prod":false,"is_daily":false,"chose_seed":false,"campfire_upgraded":2,"win_rate":0,"timestamp":1540312218,"path_taken":["M","?","?","M","M","?","$","E","T","M","R","E","R","M","R","BOSS","M","M","?","?","$","E","M","R","T","R","M","E","$","E","R","BOSS","M","M","M"],"build_version":"2018-10-18","purchased_purges":4,"victory":false,"max_hp_per_floor":[75,80,80,80,80,80,80,80,80,80,80,80,80,80,80,80,80,80,80,80,80,80,80,80,80,80,80,80,80,80,85,85,85,85,85,85,85],"card_choices":[{"not_picked":["Havoc","Sword Boomerang"],"picked":"True Grit","floor":1},{"not_picked":["Thunderclap","Hemokinesis"],"picked":"Clash","floor":4},{"not_picked":["Wild Strike","Sever Soul","Havoc"],"picked":"SKIP","floor":5},{"not_picked":["Bloodletting","Cleave"],"picked":"Spot Weakness","floor":8},{"not_picked":["Flame Barrier","Flex","True Grit"],"picked":"SKIP","floor":10},{"not_picked":["Thunderclap","Reckless Charge"],"picked":"Armaments","floor":12},{"not_picked":["Disarm","Immolate"],"picked":"Shrug It Off","floor":14},{"not_picked":["Exhume","Impervious"],"picked":"Demon Form","floor":16},{"not_picked":["Clash","Havoc"],"picked":"Shrug It Off","floor":18},{"not_picked":["Combust","Thunderclap","Rage"],"picked":"SKIP","floor":19},{"not_picked":["Twin Strike","Spot Weakness","Second Wind"],"picked":"SKIP","floor":23},{"not_picked":["Spot Weakness","Bloodletting+1","Corruption+1"],"picked":"SKIP","floor":24},{"not_picked":["Wild Strike","Sword Boomerang+1","True Grit"],"picked":"SKIP","floor":28},{"not_picked":["Heavy Blade","Feel No Pain","Demon Form"],"picked":"SKIP","floor":29},{"not_picked":["Pommel Strike","Anger","Demon Form","Clothesline"],"picked":"SKIP","floor":31},{"not_picked":["Rampage","Bloodletting","Wild Strike"],"picked":"Evolve","floor":34},{"not_picked":["Sentinel+1","Searing Blow","Clothesline","Feel No Pain"],"picked":"SKIP","floor":35},{"not_picked":["Headbutt+1","Cleave+1","Anger+1","Sword Boomerang"],"picked":"SKIP","floor":36}],"player_experience":543174,"relics_obtained":[{"floor":8,"key":"Bottled Lightning"},{"floor":9,"key":"Blood Vial"},{"floor":12,"key":"Anchor"},{"floor":23,"key":"Calipers"},{"floor":26,"key":"Happy Flower"},{"floor":29,"key":"Question Card"},{"floor":31,"key":"Juzu Bracelet"}],"event_choices":[{"damage_healed":0,"gold_gain":0,"player_choice":"Donut","damage_taken":0,"max_hp_gain":5,"max_hp_loss":0,"event_name":"Big Fish","floor":2,"gold_loss":0},{"damage_healed":0,"gold_gain":0,"player_choice":"Success","damage_taken":35,"relics_obtained":["PreservedInsect"],"max_hp_gain":0,"max_hp_loss":0,"event_name":"Scrap Ooze","floor":3,"gold_loss":0},{"damage_healed":0,"gold_gain":0,"player_choice":"Simplicity","damage_taken":0,"max_hp_gain":0,"max_hp_loss":0,"event_name":"Back to Basics","floor":20,"gold_loss":0,"cards_upgraded":["Strike_R","Strike_R","Strike_R","Defend_R","Defend_R","Defend_R","Defend_R"]}],"is_beta":false,"boss_relics":[{"not_picked":["Calling Bell","Snecko Eye"],"picked":"Mark of Pain"},{"not_picked":["Astrolabe","White Beast Statue"],"picked":"Orrery"}],"items_purged_floors":[7,21,22,30],"is_endless":false,"potions_floor_spawned":[4,10,14,16,18,19,29,31,35],"killed_by":"Writhing Mass","ascension_level":16}