{"gold_per_floor":[119,130,305,380,397,397,28,40,91,91,102,114,114,133,133,234,234,248,263,282,282,20,36,36,55,78,89,89,124,136,136,136,136],"floor_reached":33,"playtime":4143,"items_purged":[],"score":288,"play_id":"0db8082b-0fbb-4a0c-a241-da4656adb681","local_time":"20190811151900","is_ascension_mode":false,"campfire_choices":[{"data":"Caltrops","floor":6,"key":"SMITH"},{"floor":10,"key":"REST"},{"data":"Predator","floor":15,"key":"SMITH"},{"floor":24,"key":"REST"},{"floor":28,"key":"REST"},{"floor":32,"key":"REST"}],"neow_cost":"NONE","seed_source_timestamp":2492711417454900,"circlet_count":0,"master_deck":["Strike_G+1","Strike_G+1","Strike_G+1","Strike_G+1","Strike_G+1","Defend_G+1","Defend_G+1","Defend_G+1","Defend_G+1","Defend_G+1","Survivor","Neutralize","Predator+1","Caltrops+1","Doubt","Dagger Throw","Acrobatics","Poisoned Stab","Underhanded Strike","Leg Sweep","Deadly Poison","Blade Dance","Corpse Explosion","Leg Sweep+1","Predator","Dagger Spray+1","Noxious Fumes","Panache","Poisoned Stab","Masterful Stab","Backstab","Bane+1","Bane+1","Distraction","Decay"],"relics":["Ring of the Snake","Torii","Orichalcum","Runic Pyramid","Pen Nib","Happy Flower"],"potions_floor_usage":[29,33,33,33],"damage_taken":[{"damage":2,"enemies":"Cultist","floor":1,"turns":4},{"damage":2,"enemies":"Small Slimes","floor":2,"turns":3},{"damage":0,"enemies":"2 Louse","floor":5,"turns":3},{"damage":1,"enemies":"2 Fungi Beasts","floor":8,"turns":4},{"damage":2,"enemies":"Blue Slaver","floor":11,"turns":3},{"damage":1,"enemies":"Looter","floor":12,"turns":4},{"damage":1,"enemies":"Lots of Slimes","floor":14,"turns":3},{"damage":39,"enemies":"Slime Boss","floor":16,"turns":15},{"damage":22,"enemies":"2 Thieves","floor":18,"turns":4},{"damage":5,"enemies":"3 Byrds","floor":19,"turns":5},{"damage":17,"enemies":"Snake Plant","floor":20,"turns":4},{"damage":6,"enemies":"Snecko","floor":23,"turns":5},{"damage":12,"enemies":"3 Cultists","floor":25,"turns":3},{"damage":3,"enemies":"Shelled Parasite and Fungi","floor":27,"turns":5},{"damage":19,"enemies":"Slavers","floor":29,"turns":4},{"damage":17,"enemies":"Centurion and Healer","floor":30,"turns":5},{"damage":75,"enemies":"Collector","floor":33,"turns":7}],"seed_played":"8998575982792679987","potions_obtained":[{"floor":2,"key":"Fire Potion"},{"floor":11,"key":"Regen Potion"},{"floor":12,"key":"Dexterity Potion"},{"floor":18,"key":"PowerPotion"},{"floor":27,"key":"LiquidBronze"},{"floor":29,"key":"SteroidPotion"}],"is_trial":false,"path_per_floor":["M","M","?","?","M","R","$","M","T","R","M","M","?","M","R","B",null,"M","M","M","?","$","M","R","M","T","M","R","E","M","?","R","B"],"character_chosen":"THE_SILENT","items_purchased":["Torii","Acrobatics","Poisoned Stab","Noxious Fumes","Panache","Poisoned Stab"],"campfire_rested":4,"item_purchase_floors":[7,7,7,22,22,22],"current_hp_per_floor":[75,73,73,62,62,62,62,61,61,77,75,74,74,73,73,34,77,55,50,33,33,33,27,50,38,38,35,58,53,36,36,59,0],"gold":136,"neow_bonus":"TEN_PERCENT_HP_BONUS","is_prod":false,"is_daily":false,"chose_seed":false,"campfire_upgraded":2,"win_rate":0.0,"timestamp":1565561940,"path_taken":["M","?","?","?","M","R","$","M","T","R","M","M","?","M","R","BOSS","M","M","M","?","$","M","R","M","T","M","R","E","M","?","R","BOSS"],"build_version":"2019-07-17","purchased_purges":0,"victory":false,"max_hp_per_floor":[77,77,77,77,77,77,77,77,77,77,77,77,77,77,77,77,77,77,77,77,77,77,77,77,77,77,77,77,77,77,77,77,77],"card_choices":[{"not_picked":["Quick Slash","Bane"],"picked":"Predator","floor":1},{"not_picked":["Terror","Deflect"],"picked":"Caltrops","floor":2},{"not_picked":["Heel Hook","Outmaneuver"],"picked":"Dagger Throw","floor":5},{"not_picked":["Backflip","Reflex"],"picked":"Underhanded Strike","floor":8},{"not_picked":["Deflect","Blade Dance"],"picked":"Leg Sweep","floor":11},{"not_picked":["Finisher","Backflip"],"picked":"Deadly Poison","floor":12},{"not_picked":["Flechettes","Escape Plan"],"picked":"Blade Dance","floor":14},{"not_picked":["Malaise","Phantasmal Killer"],"picked":"Corpse Explosion","floor":16},{"not_picked":["Dagger Throw","Calculated Gamble"],"picked":"Leg Sweep+1","floor":18},{"not_picked":["Prepared","Reflex"],"picked":"Predator","floor":19},{"not_picked":["Acrobatics","Deadly Poison"],"picked":"Dagger Spray+1","floor":20},{"not_picked":["Dagger Spray","Noxious Fumes"],"picked":"Masterful Stab","floor":23},{"not_picked":["Eviscerate","Dagger Spray+1"],"picked":"Backstab","floor":25},{"not_picked":["Acrobatics","Sucker Punch"],"picked":"Bane+1","floor":27},{"not_picked":["Outmaneuver+1","Prepared"],"picked":"Bane+1","floor":29},{"not_picked":["Leg Sweep","Prepared"],"picked":"Distraction","floor":30}],"player_experience":29282,"relics_obtained":[{"floor":9,"key":"Orichalcum"},{"floor":26,"key":"Pen Nib"},{"floor":29,"key":"Happy Flower"}],"event_choices":[{"damage_healed":0,"gold_gain":175,"player_choice":"AGREE","damage_taken":0,"max_hp_gain":0,"max_hp_loss":0,"event_name":"Liars Game","floor":3,"gold_loss":0,"cards_obtained":["Doubt"]},{"damage_healed":0,"gold_gain":75,"player_choice":"Gather Gold","damage_taken":11,"max_hp_gain":0,"max_hp_loss":0,"event_name":"World of Goop","floor":4,"gold_loss":0},{"damage_healed":0,"gold_gain":0,"player_choice":"Ignored","damage_taken":0,"max_hp_gain":0,"max_hp_loss":0,"event_name":"Golden Idol","floor":13,"gold_loss":0},{"damage_healed":0,"gold_gain":0,"player_choice":"Simplicity","damage_taken":0,"max_hp_gain":0,"max_hp_loss":0,"event_name":"Back to Basics","floor":21,"gold_loss":0,"cards_upgraded":["Strike_G","Strike_G","Strike_G","Strike_G","Strike_G","Defend_G","Defend_G","Defend_G","Defend_G","Defend_G"]},{"damage_healed":0,"gold_gain":0,"player_choice":"Smashed Altar","damage_taken":0,"max_hp_gain":0,"max_hp_loss":0,"event_name":"Forgotten Altar","floor":31,"gold_loss":0,"cards_obtained":["Decay"]}],"is_beta":false,"boss_relics":[{"not_picked":["Philosopher\u0027s Stone","Cursed Key"],"picked":"Runic Pyramid"}],"items_purged_floors":[],"is_endless":false,"potions_floor_spawned":[2,11,12,18,19,27,29],"killed_by":"Collector","ascension_level":0}