{"gold_per_floor":[110,110,110,123,198,210,210,229,229,258,183,183,183,16,16,16],"floor_reached":16,"playtime":1677,"items_purged":[],"score":186,"play_id":"a13f2656-13ba-4a6a-87c6-4c6dda974ec1","local_time":"20190605051502","is_ascension_mode":true,"campfire_choices":[{"data":"Neutralize","floor":7.0,"key":"SMITH"},{"floor":12,"key":"REST"},{"floor":15,"key":"REST"}],"neow_cost":"PERCENT_DAMAGE","seed_source_timestamp":1676474228880148,"circlet_count":0,"master_deck":["AscendersBane","Defend_G","Defend_G","Defend_G","Strike_G","Strike_G","Survivor+1","Neutralize+1","Backstab","Dash","Endless Agony","Endless Agony","Outmaneuver","Doppelganger","Prepared+1"],"special_seed":0,"relics":["Ring of the Snake","Bottled Flame","Du-Vu Doll","Regal Pillow","War Paint"],"potions_floor_usage":[10],"damage_taken":[{"damage":0.0,"enemies":"2 Louse","floor":1.0,"turns":2.0},{"damage":0.0,"enemies":"Small Slimes","floor":4.0,"turns":3.0},{"damage":0.0,"enemies":"Cultist","floor":6.0,"turns":3.0},{"damage":11,"enemies":"Large Slime","floor":8,"turns":7},{"damage":7,"enemies":"3 Sentries","floor":10,"turns":9},{"damage":45,"enemies":"Hexaghost","floor":16,"turns":16}],"seed_played":"-4253797557462412860","potions_obtained":[{"floor":6.0,"key":"PowerPotion"},{"floor":10,"key":"LiquidBronze"}],"is_trial":false,"path_per_floor":["M","?","?","M","?","M","R","M","T","E","?","R","?","$","R","B"],"character_chosen":"THE_SILENT","items_purchased":["War Paint"],"campfire_rested":2,"item_purchase_floors":[14],"current_hp_per_floor":[44,37,37,37,26,26,26,15,15,8,8,27,9,9,43,0],"gold":16,"neow_bonus":"TRANSFORM_TWO_CARDS","is_prod":false,"is_daily":false,"chose_seed":false,"campfire_upgraded":1,"win_rate":0,"timestamp":1559726102,"path_taken":["M","?","?","?","?","M","R","M","T","E","?","R","?","?","R","BOSS"],"build_version":"2019-01-23","purchased_purges":0,"victory":false,"max_hp_per_floor":[66,66,66,66,66,66,66,66,66,66,66,66,66,66,66,66],"card_choices":[{"not_picked":["Poisoned Stab","Quick Slash"],"picked":"Endless Agony","floor":1.0},{"not_picked":["Accuracy","Riddle With Holes"],"picked":"Endless Agony","floor":4.0},{"not_picked":["Outmaneuver","Underhanded Strike","Quick Slash"],"picked":"SKIP","floor":6.0},{"not_picked":["Underhanded Strike","Quick Slash"],"picked":"Outmaneuver","floor":6.0},{"not_picked":["PiercingWail","Outmaneuver"],"picked":"Doppelganger","floor":8},{"not_picked":["Outmaneuver","Underhanded Strike"],"picked":"Prepared","floor":10}],"player_experience":847471,"relics_obtained":[{"floor":9,"key":"Bottled Flame"},{"floor":10,"key":"Du-Vu Doll"}],"event_choices":[{"cards_removed":["Strike_G"],"damage_healed":0.0,"max_hp_gain":0.0,"max_hp_loss":0.0,"gold_gain":0.0,"event_name":"Golden Wing","player_choice":"Card Removal","floor":2.0,"gold_loss":0.0,"damage_taken":7.0},{"cards_removed":["Defend_G"],"damage_healed":0.0,"max_hp_gain":0.0,"max_hp_loss":0.0,"gold_gain":0.0,"event_name":"Purifier","player_choice":"Purged","floor":3.0,"gold_loss":0.0,"damage_taken":0.0},{"damage_healed":0.0,"max_hp_gain":0.0,"max_hp_loss":0.0,"gold_gain":75.0,"event_name":"World of Goop","player_choice":"Gather Gold","floor":5.0,"gold_loss":0.0,"damage_taken":11.0},{"cards_removed":["Strike_G"],"damage_healed":0,"gold_gain":0,"player_choice":"Card Removal","damage_taken":0,"max_hp_gain":0,"max_hp_loss":0,"event_name":"The Cleric","floor":11,"gold_loss":75},{"damage_healed":0,"gold_gain":0,"player_choice":"Success","damage_taken":18,"relics_obtained":["Regal Pillow"],"max_hp_gain":0,"max_hp_loss":0,"event_name":"Scrap Ooze","floor":13,"gold_loss":0}],"is_beta":false,"boss_relics":[],"items_purged_floors":[],"is_endless":false,"potions_floor_spawned":[6,10],"killed_by":"Hexaghost","ascension_level":18}