{"gold_per_floor":[111,111,111,111,123,123,141,141,141,141,5,21,32,45,45,120,120,135,150,75,0,0,0,0,0,0,0,20,20,35,35,35,35],"floor_reached":33,"playtime":2637,"items_purged":["Strike_B"],"score":458,"play_id":"b7db19ce-2a4d-4244-984e-f63eb5358638","local_time":"20190724130120","is_ascension_mode":true,"campfire_choices":[{"data":"Rip and Tear","floor":6.0,"key":"SMITH"},{"data":"Zap","floor":8.0,"key":"SMITH"},{"data":"Defend_B","floor":10.0,"key":"SMITH"},{"data":"Leap","floor":15.0,"key":"SMITH"},{"floor":23.0,"key":"REST"},{"floor":29.0,"key":"REST"},{"floor":32.0,"key":"REST"}],"neow_cost":"NONE","seed_source_timestamp":174907361585155,"circlet_count":0,"master_deck":["AscendersBane","Strike_B+1","Defend_B+1","Defend_B+1","Defend_B+1","Defend_B+1","Zap+1","Dualcast","Gash","Rip and Tear+1","Gash","Core Surge","Leap+1","Steam","Rebound","Electrodynamics","Coolheaded","Chill","RitualDagger","Glacier"],"special_seed":0,"relics":["Runic Pyramid","Incense Burner","Pear","Sozu","Nunchaku"],"potions_floor_usage":[],"damage_taken":[{"damage":7.0,"enemies":"Small Slimes","floor":1.0,"turns":4.0},{"damage":7.0,"enemies":"2 Louse","floor":5.0,"turns":2.0},{"damage":2.0,"enemies":"Jaw Worm","floor":7.0,"turns":3.0},{"damage":0.0,"enemies":"3 Louse","floor":12.0,"turns":2.0},{"damage":0.0,"enemies":"Blue Slaver","floor":13.0,"turns":3.0},{"damage":1.0,"enemies":"Large Slime","floor":14.0,"turns":4.0},{"damage":56.0,"enemies":"Hexaghost","floor":16.0,"turns":11.0},{"damage":19.0,"enemies":"Shell Parasite","floor":18.0,"turns":4.0},{"damage":37.0,"enemies":"3 Byrds","floor":19.0,"turns":5.0},{"damage":5.0,"enemies":"Shelled Parasite and Fungi","floor":28.0,"turns":6.0},{"damage":14.0,"enemies":"Snake Plant","floor":30.0,"turns":5.0},{"damage":80,"enemies":"Automaton","floor":33,"turns":14}],"seed_played":"7604761499801263613","potions_obtained":[{"floor":1.0,"key":"AttackPotion"},{"floor":5.0,"key":"FocusPotion"},{"floor":13.0,"key":"Energy Potion"},{"floor":16.0,"key":"SkillPotion"}],"is_trial":false,"path_per_floor":["M","?","?","?","M","R","M","R","T","R","$","M","M","M","R","B",null,"M","M","?","$","?","R","?","?","T","$","M","R","M","?","R","B"],"character_chosen":"DEFECT","items_purchased":["Core Surge","Leap"],"campfire_rested":3,"item_purchase_floors":[11,11],"current_hp_per_floor":[57,52,57,57,50,50,48,48,58,58,58,58,58,57,57,1,65,46,9,9,9,9,34,28,28,28,28,23,48,34,34,59,0],"gold":35,"neow_bonus":"BOSS_RELIC","is_prod":false,"is_daily":false,"chose_seed":false,"campfire_upgraded":4,"win_rate":0,"timestamp":1563987680,"path_taken":["M","?","?","?","M","R","M","R","T","R","$","M","M","M","R","BOSS","M","M","?","$","?","R","?","?","T","$","M","R","?","?","R","BOSS"],"build_version":"2019-07-17","purchased_purges":1,"victory":false,"max_hp_per_floor":[71,71,76,76,76,76,76,76,86,86,86,86,86,86,86,86,86,86,86,86,86,86,86,86,86,86,86,86,86,86,86,86,86],"card_choices":[{"not_picked":["Ball Lightning","Beam Cell"],"picked":"Gash","floor":1.0},{"not_picked":["Beam Cell","Sweeping Beam"],"picked":"Rip and Tear","floor":5.0},{"not_picked":["Doom and Gloom","Steam"],"picked":"Gash","floor":7.0},{"not_picked":["Compile Driver","Static Discharge"],"picked":"Steam","floor":12.0},{"not_picked":["Doom and Gloom","Conserve Battery"],"picked":"Rebound","floor":13.0},{"not_picked":["Barrage","Loop","Streamline"],"picked":"SKIP","floor":14.0},{"not_picked":["Seek","Creative AI"],"picked":"Electrodynamics","floor":16.0},{"not_picked":["Go for the Eyes","Reinforced Body"],"picked":"Coolheaded","floor":18.0},{"not_picked":["Barrage","Skim"],"picked":"Chill","floor":19.0},{"not_picked":["Steam","Redo"],"picked":"Glacier","floor":28.0},{"not_picked":["Storm","Rebound","Ball Lightning+1"],"picked":"SKIP","floor":30.0}],"player_experience":916782,"relics_obtained":[{"floor":9.0,"key":"Pear"},{"floor":26.0,"key":"Nunchaku"}],"event_choices":[{"damage_healed":0.0,"max_hp_gain":0.0,"max_hp_loss":0.0,"gold_gain":0.0,"event_name":"Scrap Ooze","player_choice":"Success","floor":2.0,"gold_loss":0.0,"damage_taken":5.0,"relics_obtained":["Incense Burner"]},{"damage_healed":0.0,"max_hp_gain":5.0,"max_hp_loss":0.0,"gold_gain":0.0,"event_name":"Big Fish","player_choice":"Donut","floor":3.0,"gold_loss":0.0,"damage_taken":0.0},{"cards_removed":["Strike_B"],"damage_healed":0.0,"max_hp_gain":0.0,"max_hp_loss":0.0,"gold_gain":0.0,"event_name":"Living Wall","player_choice":"Forget","floor":4.0,"gold_loss":0.0,"damage_taken":0.0},{"cards_removed":["Strike_B"],"damage_healed":0.0,"max_hp_gain":0.0,"max_hp_loss":0.0,"gold_gain":0.0,"event_name":"Beggar","player_choice":"Gave Gold","floor":20.0,"gold_loss":75.0,"damage_taken":0.0},{"damage_healed":0.0,"max_hp_gain":0.0,"max_hp_loss":0.0,"gold_gain":0.0,"event_name":"Back to Basics","player_choice":"Simplicity","floor":22.0,"gold_loss":0.0,"damage_taken":0.0,"cards_upgraded":["Strike_B","Defend_B","Defend_B","Defend_B"]},{"damage_healed":0.0,"max_hp_gain":0.0,"max_hp_loss":0.0,"gold_gain":0.0,"event_name":"Nest","player_choice":"Joined the Cult","floor":24.0,"gold_loss":0.0,"damage_taken":6.0,"cards_obtained":["RitualDagger"]},{"damage_healed":0.0,"max_hp_gain":0.0,"max_hp_loss":0.0,"gold_gain":0.0,"event_name":"The Mausoleum","player_choice":"Ignored","floor":25.0,"gold_loss":0.0,"damage_taken":0.0},{"damage_healed":0.0,"max_hp_gain":0.0,"max_hp_loss":0.0,"gold_gain":0.0,"event_name":"Ghosts","player_choice":"Ignored","floor":31.0,"gold_loss":0.0,"damage_taken":0.0}],"is_beta":false,"boss_relics":[{"not_picked":["Inserter","Tiny House"],"picked":"Sozu"}],"items_purged_floors":[21],"is_endless":false,"potions_floor_spawned":[1,5,13,16,19],"killed_by":"Automaton","ascension_level":19}