{"gold_per_floor":[116,130,35,35,55,55,65,130,130,130,162,162,178,178,178,252,252,272,288,299,224,45,45,72,72,97,112,131,331,331,343,343,343],"floor_reached":33,"playtime":1903,"items_purged":["Strike_R","Strike_R"],"score":457,"play_id":"74df13a5-644d-405e-a287-1fcbe24a066f","local_time":"20181005003143","is_ascension_mode":true,"campfire_choices":[{"data":"Inflame","floor":6.0,"key":"SMITH"},{"data":"Body Slam","floor":10.0,"key":"SMITH"},{"data":"Warcry","floor":12.0,"key":"SMITH"},{"data":"Bash","floor":15.0,"key":"SMITH"},{"data":"Heavy Blade","floor":23,"key":"SMITH"},{"data":"Feed","floor":25,"key":"SMITH"},{"data":"Body Slam","floor":30,"key":"SMITH"},{"floor":32,"key":"REST"}],"neow_cost":"NONE","seed_source_timestamp":2013964681226126,"circlet_count":0,"master_deck":["Strike_R","Strike_R","Strike_R","Defend_R","Defend_R","Defend_R","Defend_R","Bash+1","AscendersBane","Inflame+1","Heavy Blade+1","Twin Strike","Warcry+1","Body Slam+1","Disarm+1","Fiend Fire","Twin Strike","Carnage+1","Battle Trance","Feed+1","Body Slam+1"],"special_seed":0,"relics":["Burning Blood","Meat on the Bone","Tiny Chest","Letter Opener","Matryoshka","Runic Dome","Blue Candle","Smiling Mask","Orichalcum"],"potions_floor_usage":[16,18,24,24],"damage_taken":[{"damage":7.0,"enemies":"Small Slimes","floor":1.0,"turns":4.0},{"damage":1.0,"enemies":"Cultist","floor":2.0,"turns":3.0},{"damage":3.0,"enemies":"2 Louse","floor":5.0,"turns":3.0},{"damage":7.0,"enemies":"Large Slime","floor":7.0,"turns":4.0},{"damage":35.0,"enemies":"3 Sentries","floor":8.0,"turns":10.0},{"damage":24.0,"enemies":"Gremlin Nob","floor":11.0,"turns":4.0},{"damage":1.0,"enemies":"2 Fungi Beasts","floor":13.0,"turns":3.0},{"damage":45,"enemies":"The Guardian","floor":16,"turns":16},{"damage":23,"enemies":"2 Thieves","floor":18,"turns":4},{"damage":11,"enemies":"Spheric Guardian","floor":19,"turns":3},{"damage":22,"enemies":"Centurion and Healer","floor":20,"turns":6},{"damage":15,"enemies":"Book of Stabbing","floor":24,"turns":5},{"damage":29,"enemies":"Shelled Parasite and Fungi","floor":27,"turns":4},{"damage":37,"enemies":"Snake Plant","floor":28,"turns":3},{"damage":21,"enemies":"Centurion and Healer","floor":31,"turns":4},{"damage":72,"enemies":"Champ","floor":33,"turns":6}],"seed_played":"-2642599510396551127","potions_obtained":[{"floor":0.0,"key":"Explosive Potion"},{"floor":0.0,"key":"Energy Potion"},{"floor":5.0,"key":"EssenceOfSteel"},{"floor":8.0,"key":"Poison Potion"},{"floor":13.0,"key":"EssenceOfSteel"},{"floor":16,"key":"AttackPotion"},{"floor":19,"key":"Poison Potion"},{"floor":20,"key":"Weak Potion"}],"is_trial":false,"path_per_floor":["M","M","$","?","M","R","M","E","T","R","E","R","M","?","R","B",null,"M","M","M","$","$","R","E","R","T","M","M","?","R","M","R"],"character_chosen":"IRONCLAD","items_purchased":["Inflame","Heavy Blade","Battle Trance"],"campfire_rested":1,"item_purchase_floors":[3,3,22],"current_hp_per_floor":[71,76,76,76,79,79,78,49,49,49,43,43,48,48,48,21,65,48,55,51,51,51,51,54,54,54,47,28,28,28,25,50,0],"gold":343,"neow_bonus":"THREE_SMALL_POTIONS","is_prod":false,"is_daily":false,"chose_seed":false,"campfire_upgraded":7,"win_rate":0,"timestamp":1538713903,"path_taken":["M","M","$","?","M","R","M","E","T","R","E","R","M","?","R","BOSS","M","M","M","?","$","R","E","R","T","M","M","?","R","M","R","BOSS"],"build_version":"2018-10-04","purchased_purges":2,"victory":false,"max_hp_per_floor":[80,80,80,80,80,80,80,80,80,80,80,80,80,80,80,80,80,80,80,80,80,80,80,80,80,80,84,84,84,84,84,84,84],"card_choices":[{"not_picked":["Sever Soul","Blood for Blood","Feel No Pain"],"picked":"SKIP","floor":1.0},{"not_picked":["Armaments","Havoc","Metallicize"],"picked":"SKIP","floor":2.0},{"not_picked":["Perfected Strike","Thunderclap"],"picked":"Twin Strike","floor":5.0},{"not_picked":["Perfected Strike","Heavy Blade"],"picked":"Warcry","floor":7.0},{"not_picked":["Perfected Strike","Wild Strike"],"picked":"Body Slam","floor":8.0},{"not_picked":["Dropkick","Anger","Headbutt"],"picked":"SKIP","floor":11.0},{"not_picked":["Armaments","Flex"],"picked":"Disarm","floor":13.0},{"not_picked":["Reaper","Impervious"],"picked":"Fiend Fire","floor":16},{"not_picked":["Blood for Blood","Twin Strike","Armaments"],"picked":"SKIP","floor":18},{"not_picked":["Anger","Searing Blow"],"picked":"Twin Strike","floor":19},{"not_picked":["Pommel Strike","Metallicize"],"picked":"Carnage+1","floor":20},{"not_picked":["Twin Strike","Intimidate"],"picked":"Feed","floor":24},{"not_picked":["Body Slam","Twin Strike","Clothesline"],"picked":"SKIP","floor":27},{"not_picked":["Twin Strike","Clothesline"],"picked":"Body Slam","floor":27},{"not_picked":["Havoc","Battle Trance","Headbutt"],"picked":"SKIP","floor":28},{"not_picked":["Warcry","Havoc","Body Slam+1"],"picked":"SKIP","floor":31}],"player_experience":451240,"relics_obtained":[{"floor":8.0,"key":"Tiny Chest"},{"floor":9.0,"key":"Letter Opener"},{"floor":11.0,"key":"Matryoshka"},{"floor":24,"key":"Blue Candle"},{"floor":26,"key":"Smiling Mask"},{"floor":26,"key":"Orichalcum"}],"event_choices":[{"event_name":"WeMeetAgain","player_choice":"Potion","floor":4.0,"damage_taken":0.0},{"event_name":"Upgrade Shrine","player_choice":"Upgraded","floor":14.0,"damage_taken":0.0},{"event_name":"Wheel of Change","player_choice":"Gold","floor":29,"damage_taken":0}],"is_beta":false,"boss_relics":[{"not_picked":["Snecko Eye","Black Blood"],"picked":"Runic Dome"}],"items_purged_floors":[21,22],"is_endless":false,"potions_floor_spawned":[5,8,13,16,19,20],"killed_by":"Champ","ascension_level":13}