{"gold_per_floor":[114,134,144,144,69,69,96,96,150,150,2,14,14,14,14,116,166,181,37,37,40,51,51,67,95,95,125,125,188,188,188,188,290,290,302,25,41,41,60,60,60,60,60,85,85,112,122,67,67,67],"floor_reached":51,"playtime":4953,"items_purged":["Defend_B","Strike_B","Biased Cognition"],"score":815,"play_id":"f9700ebd-476c-4e1f-ac84-a31c0467a7a6","local_time":"20190811145521","is_ascension_mode":true,"campfire_choices":[{"data":"Beam Cell","floor":6,"key":"SMITH"},{"data":"Chill","floor":8,"key":"SMITH"},{"data":"Zap","floor":10,"key":"SMITH"},{"floor":15,"key":"REST"},{"floor":23,"key":"REST"},{"floor":28,"key":"REST"},{"floor":32,"key":"REST"},{"data":"Echo Form","floor":40,"key":"SMITH"},{"floor":42,"key":"REST"},{"data":"Coolheaded","floor":45,"key":"SMITH"},{"floor":49,"key":"REST"}],"neow_cost":"NONE","seed_source_timestamp":67804565829300,"circlet_count":0,"master_deck":["Strike_B","Strike_B","Defend_B+1","Defend_B","Zap+1","Dualcast","Leap+1","Machine Learning+1","Beam Cell+1","Chill+1","Loop","Echo Form+1","Coolheaded+1","Defragment","Conserve Battery","Gash","Turbo+1","Conserve Battery","Core Surge","Undo+1","Force Field+1","Defragment","Electrodynamics","Gash+1","Gash","Seek+1","Deep Breath+1","Consume+1","FTL","Hologram+1","Hologram+1","Reboot+1"],"relics":["Cracked Core","Orichalcum","Vajra","Prayer Wheel","Tiny House","DataDisk","Enchiridion","Meat on the Bone","Toxic Egg 2","Pen Nib","Tiny Chest","Inserter","Bronze Scales","Bag of Marbles","The Courier","Mercury Hourglass","Centennial Puzzle"],"potions_floor_usage":[3,7,7,7,21,22,24,25,39,50,50,50],"damage_taken":[{"damage":1,"enemies":"Cultist","floor":1,"turns":3},{"damage":0,"enemies":"2 Louse","floor":2,"turns":3},{"damage":0,"enemies":"Jaw Worm","floor":3,"turns":3},{"damage":16,"enemies":"Lagavulin","floor":7,"turns":5},{"damage":3,"enemies":"Red Slaver","floor":12,"turns":2},{"damage":11,"enemies":"Hexaghost","floor":16,"turns":9},{"damage":4,"enemies":"Spheric Guardian","floor":18,"turns":6},{"damage":8,"enemies":"2 Thieves","floor":21,"turns":5},{"damage":11,"enemies":"Snake Plant","floor":22,"turns":4},{"damage":9,"enemies":"Chosen and Byrds","floor":24,"turns":7},{"damage":25,"enemies":"Book of Stabbing","floor":25,"turns":6},{"damage":21,"enemies":"Slavers","floor":27,"turns":8},{"damage":43,"enemies":"Gremlin Leader","floor":29,"turns":8},{"damage":16,"enemies":"Collector","floor":33,"turns":10},{"damage":8,"enemies":"3 Shapes","floor":35,"turns":5},{"damage":6,"enemies":"3 Darklings","floor":37,"turns":5},{"damage":12,"enemies":"Transient","floor":39,"turns":5},{"damage":6,"enemies":"Giant Head","floor":44,"turns":7},{"damage":18,"enemies":"Reptomancer","floor":46,"turns":7},{"damage":7,"enemies":"Writhing Mass","floor":47,"turns":5},{"damage":15,"enemies":"Awakened One","floor":50,"turns":12}],"seed_played":"-5001115363516834810","potions_obtained":[{"floor":0,"key":"SneckoOil"},{"floor":0,"key":"LiquidBronze"},{"floor":0,"key":"AttackPotion"},{"floor":3,"key":"FocusPotion"},{"floor":16,"key":"FearPotion"},{"floor":17,"key":"GamblersBrew"},{"floor":18,"key":"PowerPotion"},{"floor":24,"key":"Fire Potion"},{"floor":29,"key":"Weak Potion"},{"floor":37,"key":"Ancient Potion"},{"floor":46,"key":"GamblersBrew"},{"floor":47,"key":"PowerPotion"}],"is_trial":false,"path_per_floor":["M","M","M","?","$","R","E","R","T","R","$","M","?","?","R","B",null,"M","$","?","M","M","R","M","E","T","E","R","E","?","?","R","B",null,"M","$","M","?","M","R","T","R","T","E","R","E","M","$","R","B",null],"character_chosen":"DEFECT","items_purchased":["Fire Potion","DataDisk","Bronze Scales","Reboot+1"],"campfire_rested":6,"item_purchase_floors":[11,19,36,48],"current_hp_per_floor":[74,74,74,74,74,74,58,58,58,58,58,55,37,37,59,48,80,76,76,60,52,41,65,56,31,31,22,46,15,15,41,65,49,80,72,72,66,66,54,54,54,78,78,72,72,54,47,47,71,56],"gold":67,"neow_bonus":"THREE_SMALL_POTIONS","is_prod":false,"is_daily":false,"chose_seed":false,"campfire_upgraded":5,"win_rate":0,"timestamp":1565560521,"path_taken":["M","?","M","?","$","R","E","R","T","R","$","?","?","?","R","BOSS","M","$","?","M","M","R","M","E","T","E","R","E","?","?","R","BOSS","M","$","M","?","M","R","?","R","T","E","R","E","M","?","R","BOSS"],"build_version":"2019-07-17","purchased_purges":3,"victory":true,"max_hp_per_floor":[75,75,75,75,75,75,75,75,75,75,75,75,75,75,75,75,80,80,80,80,80,80,80,80,80,80,80,80,80,80,80,80,80,80,80,80,80,80,80,80,80,80,80,80,80,80,80,80,80,80],"card_choices":[{"not_picked":["Reinforced Body","Barrage"],"picked":"Leap","floor":1},{"not_picked":["Rebound","Coolheaded"],"picked":"Machine Learning","floor":2},{"not_picked":["Rebound","Stack"],"picked":"Beam Cell","floor":3},{"not_picked":["Meteor Strike","Compile Driver"],"picked":"Chill","floor":7},{"not_picked":["Beam Cell","Conserve Battery"],"picked":"Loop","floor":12},{"not_picked":["Thunder Strike","Hyperbeam"],"picked":"Echo Form","floor":16},{"not_picked":["Compile Driver","Storm"],"picked":"Coolheaded","floor":17},{"not_picked":["Barrage","Melter"],"picked":"Defragment","floor":18},{"not_picked":["Barrage+1","Sunder"],"picked":"Conserve Battery","floor":18},{"not_picked":["Steam","Compile Driver"],"picked":"Gash","floor":21},{"not_picked":["Hologram","Storm+1","Doom and Gloom+1"],"picked":"SKIP","floor":21},{"not_picked":["Go for the Eyes","Streamline"],"picked":"Turbo+1","floor":22},{"not_picked":["Beam Cell","Rebound","Rip and Tear"],"picked":"SKIP","floor":22},{"not_picked":["Self Repair+1","Multi-Cast"],"picked":"Conserve Battery","floor":24},{"not_picked":["Steam","Streamline","Sweeping Beam"],"picked":"SKIP","floor":24},{"not_picked":["Sweeping Beam+1","Streamline"],"picked":"Core Surge","floor":25},{"not_picked":["Hello World","Steam+1"],"picked":"Undo+1","floor":27},{"not_picked":["Go for the Eyes+1","Reinforced Body+1"],"picked":"Force Field+1","floor":29},{"not_picked":["Buffer","Thunder Strike"],"picked":"Electrodynamics","floor":33},{"not_picked":["Sweeping Beam","Stack+1"],"picked":"Gash+1","floor":35},{"not_picked":["Static Discharge","Ball Lightning","Rebound+1"],"picked":"SKIP","floor":35},{"not_picked":["Leap+1","Force Field+1"],"picked":"Gash","floor":37},{"not_picked":["Lockon+1","Rebound+1"],"picked":"Seek+1","floor":37},{"not_picked":["Transmutation+1","Finesse+1"],"picked":"Deep Breath+1","floor":38},{"not_picked":["Darkness+1","Aggregate+1"],"picked":"Consume+1","floor":39},{"not_picked":["Hello World+1","Coolheaded+1"],"picked":"FTL","floor":39},{"not_picked":["Consume+1","Sunder+1"],"picked":"Hologram+1","floor":44},{"not_picked":["Hologram+1","Recycle+1","Conserve Battery+1"],"picked":"SKIP","floor":46},{"not_picked":["Recycle+1","Conserve Battery+1"],"picked":"Hologram+1","floor":46},{"not_picked":["Cold Snap+1","Blizzard+1","Leap+1"],"picked":"SKIP","floor":47},{"not_picked":["Sweeping Beam+1","Fusion+1","Coolheaded+1"],"picked":"SKIP","floor":47}],"player_experience":285796,"relics_obtained":[{"floor":7,"key":"Orichalcum"},{"floor":9,"key":"Vajra"},{"floor":20,"key":"Enchiridion"},{"floor":25,"key":"Meat on the Bone"},{"floor":26,"key":"Toxic Egg 2"},{"floor":27,"key":"Pen Nib"},{"floor":29,"key":"Tiny Chest"},{"floor":41,"key":"Bag of Marbles"},{"floor":43,"key":"The Courier"},{"floor":44,"key":"Mercury Hourglass"},{"floor":46,"key":"Centennial Puzzle"}],"event_choices":[{"damage_healed":0,"gold_gain":0,"player_choice":"Forge","damage_taken":0,"max_hp_gain":0,"max_hp_loss":0,"event_name":"Accursed Blacksmith","floor":4,"gold_loss":0,"cards_upgraded":["Machine Learning"]},{"damage_healed":0,"gold_gain":0,"player_choice":"Success","damage_taken":18,"relics_obtained":["Prayer Wheel"],"max_hp_gain":0,"max_hp_loss":0,"event_name":"Scrap Ooze","floor":13,"gold_loss":0},{"damage_healed":0,"gold_gain":0,"player_choice":"Upgraded","damage_taken":0,"max_hp_gain":0,"max_hp_loss":0,"event_name":"Upgrade Shrine","floor":14,"gold_loss":0,"cards_upgraded":["Leap"]},{"damage_healed":0,"gold_gain":0,"player_choice":"Obtained Book","damage_taken":16,"max_hp_gain":0,"max_hp_loss":0,"event_name":"Cursed Tome","floor":20,"gold_loss":0},{"damage_healed":0,"gold_gain":0,"cards_transformed":["Strike_B","Defend_B"],"player_choice":"Became Test Subject","damage_taken":0,"max_hp_gain":0,"max_hp_loss":0,"event_name":"Drug Dealer","floor":30,"gold_loss":0,"cards_obtained":["Biased Cognition","Defragment"]},{"damage_healed":26,"gold_gain":0,"player_choice":"Heal","damage_taken":0,"max_hp_gain":0,"max_hp_loss":0,"event_name":"The Library","floor":31,"gold_loss":0},{"damage_healed":0,"gold_gain":0,"player_choice":"Memory 1","damage_taken":0,"max_hp_gain":0,"max_hp_loss":0,"event_name":"SensoryStone","floor":38,"gold_loss":0}],"is_beta":false,"boss_relics":[{"not_picked":["Orrery","FrozenCore"],"picked":"Tiny House"},{"not_picked":["Coffee Dripper","Velvet Choker"],"picked":"Inserter"}],"items_purged_floors":[5,11,36],"is_endless":false,"potions_floor_spawned":[3,16,18,24,29,37,46,47],"ascension_level":3}