{"gold_per_floor":[114,132,132,132,143,154,154,170,170,170,170],"floor_reached":11,"playtime":704,"items_purged":[],"score":127,"play_id":"eae1d94a-45b3-4263-9467-9e35c80ee25a","local_time":"20190721141808","is_ascension_mode":true,"campfire_choices":[{"data":"Glacier","floor":7,"key":"SMITH"}],"neow_cost":"PERCENT_DAMAGE","seed_source_timestamp":103489665955721,"circlet_count":0,"master_deck":["AscendersBane","Strike_B","Strike_B","Strike_B","Defend_B","Defend_B","Defend_B+1","Defend_B","Zap+1","Dualcast","Coolheaded","Loop+1","Glacier+1","Thunder Strike"],"special_seed":0,"relics":["Cracked Core","Thread and Needle","Pocketwatch"],"potions_floor_usage":[],"damage_taken":[{"damage":0.0,"enemies":"Jaw Worm","floor":1.0,"turns":3.0},{"damage":0.0,"enemies":"2 Louse","floor":2.0,"turns":3.0},{"damage":1,"enemies":"Small Slimes","floor":5,"turns":3},{"damage":4,"enemies":"Blue Slaver","floor":6,"turns":4},{"damage":0,"enemies":"3 Louse","floor":8,"turns":5},{"damage":13,"enemies":"Exordium Thugs","floor":11,"turns":9}],"seed_played":"-9119430194092452029","potions_obtained":[{"floor":2.0,"key":"Ancient Potion"},{"floor":5,"key":"Ancient Potion"},{"floor":6,"key":"Dexterity Potion"}],"is_trial":false,"path_per_floor":["M","M","?","?","M","M","R","M","T","?","M"],"character_chosen":"DEFECT","items_purchased":[],"campfire_rested":0,"item_purchase_floors":[],"current_hp_per_floor":[46,46,46,25,24,20,20,20,20,13,0],"gold":170,"neow_bonus":"ONE_RARE_RELIC","is_prod":false,"is_daily":false,"chose_seed":false,"campfire_upgraded":1,"win_rate":0,"timestamp":1563733088,"path_taken":["M","M","?","?","M","?","R","M","T","?","M"],"build_version":"2019-07-17","purchased_purges":0,"victory":false,"max_hp_per_floor":[71,71,71,71,71,71,71,71,71,71,71],"card_choices":[{"not_picked":["Turbo","Compile Driver"],"picked":"Coolheaded","floor":1.0},{"not_picked":["Static Discharge","Leap"],"picked":"Loop","floor":2.0},{"not_picked":["Sunder","Storm"],"picked":"Glacier","floor":5},{"not_picked":["Stack","Beam Cell","Heatsinks"],"picked":"SKIP","floor":6},{"not_picked":["Stack","Storm"],"picked":"Thunder Strike","floor":8}],"player_experience":908104,"relics_obtained":[{"floor":9,"key":"Pocketwatch"}],"event_choices":[{"damage_healed":0.0,"max_hp_gain":0.0,"max_hp_loss":0.0,"gold_gain":0.0,"event_name":"Living Wall","player_choice":"Grow","floor":3.0,"gold_loss":0.0,"damage_taken":0.0,"cards_upgraded":["Zap"]},{"damage_healed":0.0,"max_hp_gain":0.0,"max_hp_loss":0.0,"gold_gain":0.0,"event_name":"Shining Light","player_choice":"Entered Light","floor":4.0,"gold_loss":0.0,"damage_taken":21.0,"cards_upgraded":["Loop","Defend_B"]},{"cards_removed":["Strike_B"],"damage_healed":0,"gold_gain":0,"player_choice":"Card Removal","damage_taken":7,"max_hp_gain":0,"max_hp_loss":0,"event_name":"Golden Wing","floor":10,"gold_loss":0}],"is_beta":false,"boss_relics":[],"items_purged_floors":[],"is_endless":false,"potions_floor_spawned":[2,5,6],"killed_by":"Exordium Thugs","ascension_level":19}