{"gold_per_floor":[110,124,124,12,22,22,32,32,32,32,42,42,42,55,55,153,153,165,165,178,78,98,98,98],"floor_reached":24,"playtime":1077,"items_purged":["Strike_R","Strike_R"],"score":188,"play_id":"23be41b6-bb22-41ca-ab4f-02c45c88b8e2","local_time":"20190108012029","is_ascension_mode":false,"campfire_choices":[{"data":"Searing Blow","floor":6.0,"key":"SMITH"},{"data":"Searing Blow+1","floor":8.0,"key":"SMITH"},{"data":"Searing Blow+2","floor":13.0,"key":"SMITH"},{"floor":15.0,"key":"REST"},{"data":"Searing Blow+3","floor":23,"key":"SMITH"}],"neow_cost":"NONE","seed_source_timestamp":2950448078851,"circlet_count":0,"master_deck":["Strike_R","Strike_R","Strike_R","Defend_R","Defend_R","Defend_R","Defend_R","Bash","Flex","Twin Strike","Searing Blow+4","Shockwave","Headbutt","Disarm","Armaments"],"special_seed":0,"relics":["Runic Cube"],"potions_floor_usage":[16,16,16],"damage_taken":[{"damage":7.0,"enemies":"2 Louse","floor":1.0,"turns":4.0},{"damage":12.0,"enemies":"Small Slimes","floor":2.0,"turns":3.0},{"damage":5.0,"enemies":"Cultist","floor":5.0,"turns":4.0},{"damage":10.0,"enemies":"Red Slaver","floor":7.0,"turns":3.0},{"damage":21.0,"enemies":"Exordium Thugs","floor":11.0,"turns":5.0},{"damage":2.0,"enemies":"Blue Slaver","floor":14.0,"turns":4.0},{"damage":19,"enemies":"Hexaghost","floor":16,"turns":9},{"damage":7,"enemies":"Shell Parasite","floor":18,"turns":4},{"damage":4,"enemies":"Chosen","floor":20,"turns":5},{"damage":46,"enemies":"Sentry and Sphere","floor":22,"turns":6},{"damage":31,"enemies":"Centurion and Healer","floor":24,"turns":3}],"seed_played":"-3631074207207439353","potions_obtained":[{"floor":1.0,"key":"Swift Potion"},{"floor":11.0,"key":"LiquidBronze"},{"floor":14.0,"key":"Ancient Potion"}],"is_trial":false,"path_per_floor":["M","M","?","$","M","R","M","R","T","?","M","?","R","M","R","B",null,"M","T","M","$","M","R","M"],"character_chosen":"IRONCLAD","items_purchased":["Searing Blow"],"campfire_rested":1,"item_purchase_floors":[4],"current_hp_per_floor":[73,61,61,61,56,56,46,46,46,46,25,25,25,23,47,28,80,73,73,69,69,23,23,0],"gold":98,"neow_bonus":"BOSS_RELIC","is_prod":false,"is_daily":false,"chose_seed":false,"campfire_upgraded":4,"win_rate":0,"timestamp":1546928429,"path_taken":["M","M","?","$","M","R","M","R","T","?","M","?","R","?","R","BOSS","M","?","?","$","M","R","M"],"build_version":"2019-01-03v4","purchased_purges":2,"victory":false,"max_hp_per_floor":[80,80,80,80,80,80,80,80,80,80,80,80,80,80,80,80,80,80,80,80,80,80,80,80],"card_choices":[{"not_picked":["Shockwave","Cleave"],"picked":"Flex","floor":1.0},{"not_picked":["Intimidate","Wild Strike"],"picked":"Twin Strike","floor":2.0},{"not_picked":["Havoc","Sword Boomerang"],"picked":"Shockwave","floor":5.0},{"not_picked":["Flex","Infernal Blade"],"picked":"Headbutt","floor":7.0},{"not_picked":["Second Wind","Dropkick"],"picked":"Disarm","floor":11.0},{"not_picked":["Thunderclap","Flex","Berserk"],"picked":"SKIP","floor":14.0},{"not_picked":["Flex","Heavy Blade","Havoc+1"],"picked":"SKIP","floor":18},{"not_picked":["Sword Boomerang+1","Heavy Blade"],"picked":"Armaments","floor":20},{"not_picked":["Pommel Strike+1","Warcry","Clothesline"],"picked":"SKIP","floor":22}],"player_experience":687780,"relics_obtained":[],"event_choices":[{"damage_healed":0.0,"max_hp_gain":0.0,"max_hp_loss":0.0,"gold_gain":0.0,"event_name":"Golden Idol","player_choice":"Ignored","floor":3.0,"gold_loss":0.0,"damage_taken":0.0},{"damage_healed":0.0,"max_hp_gain":0.0,"max_hp_loss":0.0,"gold_gain":0.0,"event_name":"The Cleric","player_choice":"Leave","floor":10.0,"gold_loss":0.0,"damage_taken":0.0},{"damage_healed":0.0,"max_hp_gain":0.0,"max_hp_loss":0.0,"gold_gain":0.0,"event_name":"FaceTrader","player_choice":"Leave","floor":12.0,"gold_loss":0.0,"damage_taken":0.0}],"is_beta":false,"boss_relics":[{"not_picked":[]}],"items_purged_floors":[4,21],"is_endless":false,"potions_floor_spawned":[1,11,14],"killed_by":"Centurion and Healer","ascension_level":0}