{"path_per_floor":["M","$","?","$","M","?","M","R","T","M","R","?","R","M","R","B",null,"M","$","M","M","?","R","?","M","T","M"],"character_chosen":"IRONCLAD","items_purchased":["Shrug It Off","Whirlwind","Battle Trance"],"gold_per_floor":[111,13,113,80,100,100,120,120,120,137,137,87,87,104,104,200,200,219,49,65,84,84,84,84,95,121,140],"floor_reached":28,"campfire_rested":0,"playtime":1031,"current_hp_per_floor":[64,64,64,64,69,69,66,66,66,61,61,61,61,51,51,23,58,49,49,46,34,34,34,34,27,27,17],"items_purged":["Parasite","Strike_R"],"gold":140,"score":336,"play_id":"db75d484-6446-43c1-8114-6ae4d4f2c747","local_time":"20180306204623","is_prod":false,"is_daily":false,"is_ascension_mode":true,"campfire_upgraded":5,"timestamp":1520387183,"path_taken":["M","$","?","$","?","?","M","R","T","M","R","?","R","M","R","BOSS","M","$","M","M","?","R","?","M","T","?","M"],"build_version":"2018-03-01-PROD1","purchased_purges":2,"victory":false,"master_deck":["Strike_R","Strike_R","Strike_R","Defend_R","Defend_R","Defend_R","Defend_R+1","Bash+1","Demon Form+1","Uppercut+1","Shrug It Off+1","Whirlwind+1","Thunderclap","Double Tap","Battle Trance","Writhe","Flex+1"],"max_hp_per_floor":[72,69,69,69,69,69,69,69,69,69,69,69,69,69,69,69,69,69,69,69,69,69,69,69,69,69,69],"relics":["Burning Blood","Philosopher\u0027s Stone","Toxic Egg 2","Bronze Scales"],"card_choices":[{"not_picked":["Exhume","Berserk"],"picked":"Demon Form"},{"not_picked":["Body Slam","Clash"],"picked":"Uppercut"},{"not_picked":["Headbutt","Iron Wave"],"picked":"Thunderclap"},{"not_picked":["Bludgeon","Feed"],"picked":"Double Tap"},{"not_picked":["Warcry","Perfected Strike"],"picked":"Flex"}],"player_experience":391818,"potions_floor_usage":[25,25,25],"damage_taken":[{"damage":14.0,"enemies":"2 Louse","floor":1.0,"turns":4.0},{"damage":1.0,"enemies":"Cultist","floor":5.0,"turns":4.0},{"damage":9.0,"enemies":"Small Slimes","floor":7.0,"turns":3.0},{"damage":11.0,"enemies":"Red Slaver","floor":10.0,"turns":4.0},{"damage":16.0,"enemies":"Exordium Wildlife","floor":14.0,"turns":4.0},{"damage":34.0,"enemies":"Slime Boss","floor":16.0,"turns":8.0},{"damage":27.0,"enemies":"3 Byrds","floor":18.0,"turns":6.0},{"damage":9.0,"enemies":"Spheric Guardian","floor":20.0,"turns":4.0},{"damage":18.0,"enemies":"Centurion and Healer","floor":21.0,"turns":5.0},{"damage":22,"enemies":"Cultist and Chosen","floor":25,"turns":4},{"damage":16,"enemies":"Snake Plant","floor":27,"turns":3},{"damage":17,"enemies":"Centurion and Healer","floor":28,"turns":1}],"event_choices":[{"event_name":"Wheel of Change","player_choice":"Gold","floor":3.0,"damage_taken":0.0},{"event_name":"Living Wall","player_choice":"Grow","floor":6.0,"damage_taken":0.0},{"event_name":"The Cleric","player_choice":"Card Removal","floor":12.0,"damage_taken":0.0},{"event_name":"The Mausoleum","player_choice":"Yes","floor":22.0,"damage_taken":0.0},{"event_name":"Match and Keep!","player_choice":"0 cards matched","floor":24,"damage_taken":0}],"boss_relics":[],"potions_floor_spawned":[5,10,18,20,27],"seed_played":"7501356525158226236","killed_by":"Centurion and Healer","ascension_level":12,"is_trial":false}