{"gold_per_floor":[111,111,0,10,21,21,48,48,72,72,147,166,179,208,208,281,281,299,318,330,122,137,137,149,149,149,149,149,149,149,166,166,241,241,255,355,366,122,122,122,122,136,217,217,227,227,240,240,240,240],"floor_reached":51,"playtime":4224,"items_purged":["Strike_G","Strike_G"],"score":1068,"play_id":"54e369c2-8ada-45c2-bd44-4c59556bf3aa","local_time":"20190328132951","is_ascension_mode":true,"campfire_choices":[{"data":"Poisoned Stab","floor":6.0,"key":"SMITH"},{"data":"Noxious Fumes","floor":8.0,"key":"SMITH"},{"data":"Noxious Fumes","floor":10.0,"key":"SMITH"},{"floor":15.0,"key":"REST"},{"data":"Neutralize","floor":23.0,"key":"SMITH"},{"floor":28.0,"key":"REST"},{"floor":30.0,"key":"REST"},{"data":"Dash","floor":32.0,"key":"SMITH"},{"data":"Catalyst","floor":40,"key":"SMITH"},{"floor":44,"key":"REST"},{"floor":49,"key":"REST"}],"neow_cost":"NONE","seed_source_timestamp":0,"circlet_count":0,"master_deck":["AscendersBane","Defend_G","Defend_G","Defend_G","Defend_G","Defend_G","Survivor","Neutralize+1","Backflip","Noxious Fumes+1","Backflip","Poisoned Stab+1","Noxious Fumes+1","Dash+1","Leg Sweep","Calculated Gamble","After Image","Well Laid Plans","Catalyst+1","Well Laid Plans","Deadly Poison","Necronomicurse","Reflex","Noxious Fumes+1","Adrenaline","Backflip"],"special_seed":0,"relics":["Runic Dome","Art of War","Snake Skull","Pen Nib","White Beast Statue","Dream Catcher","Necronomicon","Philosopher\u0027s Stone","Mango","ClockworkSouvenir","Meat on the Bone"],"potions_floor_usage":[36,36,37,42,47,50,50],"damage_taken":[{"damage":3.0,"enemies":"2 Louse","floor":1.0,"turns":4.0},{"damage":0.0,"enemies":"Small Slimes","floor":4.0,"turns":5.0},{"damage":0.0,"enemies":"Cultist","floor":5.0,"turns":4.0},{"damage":12.0,"enemies":"3 Sentries","floor":7.0,"turns":9.0},{"damage":1.0,"enemies":"2 Fungi Beasts","floor":12.0,"turns":4.0},{"damage":0.0,"enemies":"Blue Slaver","floor":13.0,"turns":4.0},{"damage":12.0,"enemies":"Gremlin Nob","floor":14.0,"turns":3.0},{"damage":14.0,"enemies":"Hexaghost","floor":16.0,"turns":7.0},{"damage":0.0,"enemies":"Shell Parasite","floor":18.0,"turns":4.0},{"damage":10.0,"enemies":"Spheric Guardian","floor":19.0,"turns":5.0},{"damage":7.0,"enemies":"Centurion and Healer","floor":20.0,"turns":6.0},{"damage":0.0,"enemies":"Snake Plant","floor":22.0,"turns":6.0},{"damage":0.0,"enemies":"Cultist and Chosen","floor":24.0,"turns":5.0},{"damage":0.0,"enemies":"Snecko","floor":31.0,"turns":5.0},{"damage":40.0,"enemies":"Automaton","floor":33.0,"turns":8.0},{"damage":0,"enemies":"3 Shapes","floor":35,"turns":5},{"damage":8,"enemies":"Mind Bloom Boss Battle","floor":36,"turns":6},{"damage":0,"enemies":"Orb Walker","floor":37,"turns":5},{"damage":35,"enemies":"Jaw Worm Horde","floor":42,"turns":4},{"damage":11,"enemies":"Writhing Mass","floor":45,"turns":5},{"damage":18,"enemies":"Maw","floor":47,"turns":5},{"damage":52,"enemies":"Awakened One","floor":50,"turns":12}],"seed_played":"-7106171665985978937","potions_obtained":[{"floor":1.0,"key":"GamblersBrew"},{"floor":5.0,"key":"AttackPotion"},{"floor":7.0,"key":"FairyPotion"},{"floor":13.0,"key":"SkillPotion"},{"floor":14.0,"key":"GamblersBrew"},{"floor":18.0,"key":"Weak Potion"},{"floor":19.0,"key":"SpeedPotion"},{"floor":20.0,"key":"Block Potion"},{"floor":22.0,"key":"SneckoOil"},{"floor":24.0,"key":"EssenceOfSteel"},{"floor":31.0,"key":"Poison Potion"},{"floor":33.0,"key":"Block Potion"},{"floor":36,"key":"Block Potion"},{"floor":37,"key":"Regen Potion"},{"floor":42,"key":"EssenceOfSteel"},{"floor":45,"key":"Poison Potion"},{"floor":47,"key":"FearPotion"}],"is_trial":false,"path_per_floor":["M","?","$","M","M","R","E","R","T","R","?","M","M","E","R","B",null,"M","M","M","$","M","R","M","?","T","?","R","?","R","M","R","B",null,"M","?","M","$","?","R","?","M","T","R","M","?","M","?","R","B",null],"character_chosen":"THE_SILENT","items_purchased":["Noxious Fumes","Well Laid Plans","Catalyst","Backflip","ClockworkSouvenir"],"campfire_rested":5,"item_purchase_floors":[3,21,21,38,38],"current_hp_per_floor":[60,53,53,53,53,53,41,41,41,41,34,33,33,21,42,28,60,60,50,43,43,43,43,43,30,30,14,36,36,58,58,58,18,61,61,67,67,67,67,67,67,46,46,72,61,61,43,43,68,28],"gold":240,"neow_bonus":"BOSS_RELIC","is_prod":false,"is_daily":false,"chose_seed":false,"campfire_upgraded":6,"win_rate":0,"timestamp":1553794191,"path_taken":["M","?","$","M","M","R","E","R","T","R","?","M","?","E","R","BOSS","M","M","M","$","M","R","M","?","T","?","R","?","R","M","R","BOSS","M","?","M","$","?","R","?","M","T","R","?","?","M","?","R","BOSS"],"build_version":"2019-01-23","purchased_purges":2,"victory":true,"max_hp_per_floor":[70,70,70,70,70,70,70,70,70,70,70,70,70,70,70,70,70,70,70,70,70,70,70,70,75,75,75,75,75,75,75,75,75,75,75,89,89,89,89,89,89,89,89,89,89,85,85,85,85,85],"card_choices":[{"not_picked":["Skewer","Masterful Stab"],"picked":"Backflip","floor":1.0},{"not_picked":["Underhanded Strike","Dodge and Roll"],"picked":"Backflip","floor":4.0},{"not_picked":["Prepared","Quick Slash"],"picked":"Poisoned Stab","floor":5.0},{"not_picked":["Outmaneuver","Deadly Poison"],"picked":"Noxious Fumes","floor":7.0},{"not_picked":["Calculated Gamble","Prepared"],"picked":"Dash","floor":12.0},{"not_picked":["Sucker Punch","Accuracy","Skewer"],"picked":"SKIP","floor":13.0},{"not_picked":["Sucker Punch","Accuracy","Skewer"],"picked":"SKIP","floor":13.0},{"not_picked":["Quick Slash","Endless Agony","Underhanded Strike"],"picked":"SKIP","floor":14.0},{"not_picked":["Underhanded Strike","Distraction"],"picked":"Leg Sweep","floor":18.0},{"not_picked":["Flechettes","Poisoned Stab"],"picked":"Calculated Gamble","floor":19.0},{"not_picked":["Flying Knee","Riddle With Holes+1"],"picked":"After Image","floor":20.0},{"not_picked":["Blade Dance","Accuracy"],"picked":"Well Laid Plans","floor":22.0},{"not_picked":["Well Laid Plans","Calculated Gamble"],"picked":"Deadly Poison","floor":24.0},{"not_picked":["Caltrops","Slice+1"],"picked":"Reflex","floor":28.0},{"not_picked":["Quick Slash","Acrobatics","Dagger Throw"],"picked":"SKIP","floor":31.0},{"not_picked":["Malaise","Envenom"],"picked":"Adrenaline","floor":33.0},{"not_picked":["Choke+1","Dagger Throw","Infinite Blades+1"],"picked":"SKIP","floor":35},{"not_picked":["Cloak And Dagger+1","Slice+1","Poisoned Stab"],"picked":"SKIP","floor":37},{"not_picked":["Dagger Throw+1","Reflex","Deflect"],"picked":"SKIP","floor":42},{"not_picked":["Deadly Poison","Deflect","Phantasmal Killer"],"picked":"SKIP","floor":45},{"not_picked":["Outmaneuver+1","Cloak And Dagger+1","Dodge and Roll"],"picked":"SKIP","floor":47}],"player_experience":783037,"relics_obtained":[{"floor":7.0,"key":"Art of War"},{"floor":9.0,"key":"Snake Skull"},{"floor":14.0,"key":"Pen Nib"},{"floor":26.0,"key":"Dream Catcher"},{"floor":27.0,"key":"Necronomicon"},{"floor":36,"key":"Mango"},{"floor":43,"key":"Meat on the Bone"}],"event_choices":[{"cards_removed":["Strike_G"],"damage_healed":0.0,"max_hp_gain":0.0,"max_hp_loss":0.0,"gold_gain":0.0,"event_name":"Golden Wing","player_choice":"Card Removal","floor":2.0,"gold_loss":0.0,"damage_taken":7.0},{"damage_healed":0.0,"max_hp_gain":0.0,"max_hp_loss":0.0,"gold_gain":75.0,"event_name":"FaceTrader","player_choice":"Touch","floor":11.0,"gold_loss":0.0,"damage_taken":7.0},{"damage_healed":0.0,"max_hp_gain":5.0,"max_hp_loss":0.0,"gold_gain":0.0,"event_name":"Forgotten Altar","player_choice":"Shed Blood","floor":25.0,"gold_loss":0.0,"damage_taken":18.0},{"damage_healed":0.0,"max_hp_gain":0.0,"max_hp_loss":0.0,"gold_gain":0.0,"event_name":"Cursed Tome","player_choice":"Obtained Book","floor":27.0,"gold_loss":0.0,"damage_taken":16.0},{"damage_healed":0.0,"max_hp_gain":0.0,"max_hp_loss":0.0,"gold_gain":0.0,"event_name":"Duplicator","player_choice":"Copied","floor":29.0,"gold_loss":0.0,"damage_taken":0.0,"cards_obtained":["Noxious Fumes"]},{"damage_healed":0,"gold_gain":0,"player_choice":"Fight","damage_taken":0,"max_hp_gain":0,"max_hp_loss":0,"event_name":"MindBloom","floor":36,"gold_loss":0},{"damage_healed":0,"gold_gain":0,"player_choice":"Ignored","damage_taken":0,"max_hp_gain":0,"max_hp_loss":0,"event_name":"Mysterious Sphere","floor":39,"gold_loss":0},{"cards_removed":["Strike_G"],"damage_healed":0,"gold_gain":0,"player_choice":"Purged","damage_taken":0,"max_hp_gain":0,"max_hp_loss":0,"event_name":"Purifier","floor":41,"gold_loss":0},{"damage_healed":0,"gold_gain":0,"player_choice":"Max HP","damage_taken":0,"max_hp_gain":0,"max_hp_loss":4,"event_name":"Winding Halls","floor":46,"gold_loss":0},{"cards_removed":["Strike_G"],"damage_healed":0,"gold_gain":0,"player_choice":"Removed Attack","damage_taken":0,"max_hp_gain":0,"max_hp_loss":0,"event_name":"Falling","floor":48,"gold_loss":0}],"is_beta":false,"boss_relics":[{"not_picked":["Lizard Tail","Calling Bell"],"picked":"White Beast Statue"},{"not_picked":["Runic Pyramid","Pandora\u0027s Box"],"picked":"Philosopher\u0027s Stone"}],"items_purged_floors":[3,21],"is_endless":false,"potions_floor_spawned":[1,5,7,13,14,18,19,20,22,24,31,33,35,36,37,42,45,47],"ascension_level":13}