{"gold_per_floor":[116,131,21,21,21,21,53,53,53,53,66,85,107,137,137,233,233,244,144,162,37,49,49,64,98,98,98,116,31,31,47,47,148,148,168,183,238,238,253,253,287,302,327,345,35,35,47,0,0,0],"floor_reached":50,"playtime":5217,"items_purged":["Strike_B","Strike_B","Strike_B"],"score":791,"play_id":"52330f38-ce51-4578-8263-ce38ea7de80f","local_time":"20181013131450","is_ascension_mode":true,"campfire_choices":[{"data":"Self Repair","floor":6.0,"key":"SMITH"},{"data":"Blizzard","floor":8.0,"key":"SMITH"},{"data":"Zap","floor":10.0,"key":"SMITH"},{"data":"Genetic Algorithm","floor":15.0,"key":"SMITH"},{"data":"Loop","floor":23,"key":"SMITH"},{"data":"Recycle","floor":27,"key":"SMITH"},{"floor":32,"key":"REST"},{"floor":40,"key":"REST"},{"floor":46,"key":"REST"},{"floor":49,"key":"REST"}],"neow_cost":"NONE","seed_source_timestamp":0,"circlet_count":0,"master_deck":["Defend_B","Defend_B","Defend_B","Defend_B","Zap+1","Dualcast","AscendersBane","Coolheaded","Cold Snap+1","Self Repair+1","Blizzard+1","Genetic Algorithm+1","Echo Form","Reboot","Loop+1","Coolheaded+1","Recycle+1","Consume+1","Coolheaded+1","Hello World+1"],"special_seed":0,"relics":["Cracked Core","NeowsBlessing","NlothsMask","Dead Branch","Odd Mushroom","Nunchaku","Velvet Choker","Matryoshka","Sundial","Centennial Puzzle","Bronze Scales","Bag of Preparation","Blue Candle","Fusion Hammer","Thread and Needle","Art of War","Whetstone","FossilizedHelix","Red Mask"],"potions_floor_usage":[18,22,28,33,33,33,50,50],"damage_taken":[{"damage":0.0,"enemies":"Jaw Worm","floor":1.0,"turns":1.0},{"damage":0.0,"enemies":"Cultist","floor":2.0,"turns":1.0},{"damage":0.0,"enemies":"Lagavulin","floor":7.0,"turns":1.0},{"damage":0.0,"enemies":"2 Louse","floor":11.0,"turns":2.0},{"damage":15.0,"enemies":"Exordium Thugs","floor":12.0,"turns":6.0},{"damage":19.0,"enemies":"The Mushroom Lair","floor":13.0,"turns":4.0},{"damage":12.0,"enemies":"3 Sentries","floor":14.0,"turns":7.0},{"damage":27.0,"enemies":"The Guardian","floor":16.0,"turns":12.0},{"damage":6,"enemies":"Chosen","floor":18,"turns":7},{"damage":18,"enemies":"Spheric Guardian","floor":20,"turns":4},{"damage":5,"enemies":"3 Cultists","floor":22,"turns":5},{"damage":5,"enemies":"Sentry and Sphere","floor":24,"turns":6},{"damage":47,"enemies":"Gremlin Leader","floor":25,"turns":6},{"damage":25,"enemies":"Chosen and Byrds","floor":28,"turns":7},{"damage":4,"enemies":"Centurion and Healer","floor":31,"turns":7},{"damage":30,"enemies":"Collector","floor":33,"turns":9},{"damage":19,"enemies":"3 Shapes","floor":35,"turns":4},{"damage":31,"enemies":"3 Darklings","floor":36,"turns":6},{"damage":8,"enemies":"Mysterious Sphere","floor":37,"turns":5},{"damage":31,"enemies":"Transient","floor":39,"turns":5},{"damage":31,"enemies":"2 Orb Walkers","floor":41,"turns":7},{"damage":0,"enemies":"Maw","floor":42,"turns":10},{"damage":22,"enemies":"Spire Growth","floor":44,"turns":6},{"damage":6,"enemies":"Transient","floor":47,"turns":5},{"damage":85,"enemies":"Awakened One","floor":50,"turns":4}],"seed_played":"6098201306743210812","potions_obtained":[{"floor":2.0,"key":"SpeedPotion"},{"floor":12.0,"key":"Explosive Potion"},{"floor":14.0,"key":"Weak Potion"},{"floor":16.0,"key":"Ancient Potion"},{"floor":20,"key":"Weak Potion"},{"floor":25,"key":"Fire Potion"},{"floor":28,"key":"SteroidPotion"},{"floor":31,"key":"LiquidBronze"},{"floor":41,"key":"Dexterity Potion"},{"floor":44,"key":"Ancient Potion"}],"is_trial":false,"path_per_floor":["M","M","$","?","?","R","E","R","T","R","M","M","?","E","R","B",null,"M","$","M","$","M","R","M","E","T","R","M","?","T","M","R","B",null,"M","M","?","?","M","R","E","M","T","M","$","R","M","?","R"],"character_chosen":"DEFECT","items_purchased":["Self Repair","FossilizedHelix"],"campfire_rested":4,"item_purchase_floors":[3,45],"current_hp_per_floor":[68,68,68,68,68,68,68,68,68,68,68,63,64,72,72,55,70,75,75,67,67,72,72,75,28,28,28,23,23,23,39,61,51,69,70,59,71,71,60,71,60,71,71,69,69,71,71,71,71,0],"gold":0,"neow_bonus":"THREE_ENEMY_KILL","is_prod":false,"is_daily":false,"chose_seed":false,"campfire_upgraded":6,"win_rate":0,"timestamp":1539450890,"path_taken":["M","M","$","?","?","R","E","R","T","R","M","?","?","E","R","BOSS","M","$","M","$","M","R","M","E","T","R","M","?","?","M","R","BOSS","M","?","?","?","M","R","E","M","T","M","$","R","M","?","R","BOSS"],"build_version":"2018-10-11","purchased_purges":3,"victory":false,"max_hp_per_floor":[75,75,75,75,75,75,75,75,75,75,75,75,75,75,75,75,75,75,75,75,75,75,75,75,75,75,75,75,75,75,75,75,75,75,75,75,75,71,71,71,71,71,71,71,71,71,71,71,71,71],"card_choices":[{"not_picked":["Hologram","BootSequence"],"picked":"Coolheaded","floor":1.0},{"not_picked":["Darkness","Steam"],"picked":"Cold Snap","floor":2.0},{"not_picked":["Aggregate","Rebound"],"picked":"Blizzard","floor":7.0},{"not_picked":["Go for the Eyes","Stack"],"picked":"Genetic Algorithm","floor":11.0},{"not_picked":["BootSequence","Leap"],"picked":"Echo Form","floor":12.0},{"not_picked":["Conserve Battery","Leap","White Noise"],"picked":"SKIP","floor":14.0},{"not_picked":["Thunder Strike","All For One"],"picked":"Reboot","floor":16.0},{"not_picked":["White Noise","Hologram","Lockon"],"picked":"SKIP","floor":18},{"not_picked":["Beam Cell","Rebound"],"picked":"Loop","floor":20},{"not_picked":["Rebound","Self Repair"],"picked":"Coolheaded+1","floor":22},{"not_picked":["Compile Driver","Turbo+1"],"picked":"Recycle","floor":24},{"not_picked":["Beam Cell+1","Meteor Strike","Conserve Battery"],"picked":"SKIP","floor":25},{"not_picked":["Static Discharge","Reinforced Body+1"],"picked":"Consume+1","floor":28},{"not_picked":["Turbo","Gash","Conserve Battery"],"picked":"SKIP","floor":31},{"not_picked":["Gash","Tempest+1","Undo+1"],"picked":"SKIP","floor":35},{"not_picked":["Beam Cell+1","White Noise+1","Lockon+1"],"picked":"SKIP","floor":36},{"not_picked":["Redo","Go for the Eyes+1"],"picked":"Coolheaded+1","floor":39},{"not_picked":["Stack+1","Lockon+1","Gash"],"picked":"SKIP","floor":41},{"not_picked":["Darkness","Cold Snap","Ball Lightning+1"],"picked":"SKIP","floor":42},{"not_picked":["Sunder+1","Rebound+1","Melter"],"picked":"SKIP","floor":44},{"not_picked":["Barrage","Auto Shields"],"picked":"Hello World+1","floor":47}],"player_experience":484369,"relics_obtained":[{"floor":7.0,"key":"Dead Branch"},{"floor":13.0,"key":"Odd Mushroom"},{"floor":14.0,"key":"Nunchaku"},{"floor":25,"key":"Matryoshka"},{"floor":26,"key":"Sundial"},{"floor":26,"key":"Centennial Puzzle"},{"floor":30,"key":"Bag of Preparation"},{"floor":30,"key":"Blue Candle"},{"floor":37,"key":"Thread and Needle"},{"floor":41,"key":"Art of War"},{"floor":43,"key":"Whetstone"}],"event_choices":[{"event_name":"Bonfire Elementals","player_choice":"BASIC","floor":4.0,"damage_taken":0.0},{"event_name":"FaceTrader","player_choice":"Trade","floor":5.0,"damage_taken":0.0},{"event_name":"Mushrooms","player_choice":"Fought Mushrooms","floor":13.0,"damage_taken":0.0},{"event_name":"Addict","player_choice":"Obtained Relic","floor":29,"damage_taken":0},{"event_name":"Mysterious Sphere","player_choice":"Fight","floor":37,"damage_taken":0},{"event_name":"Winding Halls","player_choice":"Max HP","floor":38,"damage_taken":0},{"event_name":"Tomb of Lord Red Mask","player_choice":"Paid","floor":48,"damage_taken":0}],"is_beta":false,"boss_relics":[{"not_picked":["Empty Cage","Inserter"],"picked":"Velvet Choker"},{"not_picked":["Orrery","Astrolabe"],"picked":"Fusion Hammer"}],"items_purged_floors":[3,19,21],"is_endless":false,"potions_floor_spawned":[2,12,14,16,20,25,28,31,41,44],"killed_by":"Awakened One","ascension_level":10}