{"gold_per_floor":[114,39,59,20,20,54,54,85,85,105,5,19,19,49,49,49],"floor_reached":16,"playtime":962,"items_purged":["Strike_R","Strike_R"],"score":224,"play_id":"5c1da304-8e25-4d90-b385-1ab5424c8eb8","local_time":"20190101193159","is_ascension_mode":true,"campfire_choices":[{"data":"Armaments","floor":7,"key":"SMITH"},{"floor":13,"key":"REST"},{"floor":15,"key":"REST"}],"neow_cost":"NONE","seed_source_timestamp":0,"circlet_count":0,"master_deck":["AscendersBane","Strike_R","Strike_R","Defend_R","Defend_R","Defend_R","Defend_R","Bash","Shrug It Off","Ghostly Armor","Armaments+1","Twin Strike","Cleave","Reaper","Hemokinesis","Entrench","Body Slam","Shockwave"],"special_seed":0,"relics":["Orrery","Ginger","Vajra","Mango","Oddly Smooth Stone"],"potions_floor_usage":[6,12,14,16],"damage_taken":[{"damage":7.0,"enemies":"Cultist","floor":1.0,"turns":4.0},{"damage":7,"enemies":"Small Slimes","floor":3,"turns":5},{"damage":22,"enemies":"Lagavulin","floor":6,"turns":7},{"damage":37,"enemies":"3 Sentries","floor":8,"turns":11},{"damage":5,"enemies":"2 Louse","floor":10,"turns":2},{"damage":27,"enemies":"Large Slime","floor":12,"turns":8},{"damage":34,"enemies":"Gremlin Nob","floor":14,"turns":4},{"damage":43,"enemies":"Hexaghost","floor":16,"turns":14}],"seed_played":"-7706220855570797754","potions_obtained":[{"floor":1.0,"key":"SteroidPotion"},{"floor":10,"key":"BloodPotion"},{"floor":12,"key":"Explosive Potion"},{"floor":14,"key":"Dexterity Potion"}],"is_trial":false,"path_per_floor":["M","$","M","$","?","E","R","E","T","M","$","M","R","E","R","B"],"character_chosen":"IRONCLAD","items_purchased":["Hemokinesis"],"campfire_rested":2,"item_purchase_floors":[4],"current_hp_per_floor":[61,61,62,62,62,40,40,15,29,24,24,15,41,7,33,0],"gold":49,"neow_bonus":"BOSS_RELIC","is_prod":false,"is_daily":false,"chose_seed":false,"campfire_upgraded":1,"win_rate":0,"timestamp":1546389119,"path_taken":["M","$","?","$","?","E","R","E","T","M","$","M","R","E","R","BOSS"],"build_version":"2018-12-20","purchased_purges":2,"victory":false,"max_hp_per_floor":[75,75,75,75,75,75,75,75,89,89,89,89,89,89,89,89],"card_choices":[{"not_picked":["Twin Strike","Wild Strike"],"picked":"Shrug It Off","floor":0.0},{"not_picked":["Wild Strike","Twin Strike"],"picked":"Ghostly Armor","floor":0.0},{"not_picked":["Combust","Shockwave"],"picked":"Armaments","floor":0.0},{"not_picked":["Warcry","Blood for Blood"],"picked":"Twin Strike","floor":0.0},{"not_picked":["Heavy Blade","Havoc"],"picked":"Cleave","floor":0.0},{"not_picked":["Carnage","Perfected Strike"],"picked":"Reaper","floor":1.0},{"not_picked":["Combust","Perfected Strike","Flame Barrier"],"picked":"SKIP","floor":3},{"not_picked":["Feel No Pain","Thunderclap"],"picked":"Entrench","floor":6},{"not_picked":["Rampage","Infernal Blade"],"picked":"Body Slam","floor":8},{"not_picked":["Corruption","Pommel Strike","Wild Strike"],"picked":"SKIP","floor":10},{"not_picked":["Perfected Strike","Dropkick","Sword Boomerang"],"picked":"SKIP","floor":12},{"not_picked":["Iron Wave","Reckless Charge"],"picked":"Shockwave","floor":14}],"player_experience":652027,"relics_obtained":[{"floor":6,"key":"Ginger"},{"floor":8,"key":"Vajra"},{"floor":9,"key":"Mango"},{"floor":14,"key":"Oddly Smooth Stone"}],"event_choices":[{"cards_removed":["Strike_R"],"damage_healed":0,"gold_gain":0,"player_choice":"Forget","damage_taken":0,"max_hp_gain":0,"max_hp_loss":0,"event_name":"Living Wall","floor":5,"gold_loss":0}],"is_beta":false,"boss_relics":[],"items_purged_floors":[2,11],"is_endless":false,"potions_floor_spawned":[1,10,12,14],"killed_by":"Hexaghost","ascension_level":18}