{"gold_per_floor":[115,115,132,132,57,57,86,86,139,139,154,171,226,241,241,342,342,354,354,269,169,183,183,58,92,92,102,102,120,120,80,80,176,176,188,38,58,1057,1057,1076,460,470,548,548,548,548,567,577,577,577],"floor_reached":51,"playtime":2429,"items_purged":["Strike_R","Strike_R+1","Strike_R+1","Defend_R+1","Normality"],"score":765,"play_id":"844686bd-f780-48e2-bb22-bb536c6abbd7","local_time":"20190105034403","is_ascension_mode":false,"campfire_choices":[{"data":"Flex","floor":6.0,"key":"SMITH"},{"data":"Heavy Blade","floor":8.0,"key":"SMITH"},{"data":"Bash","floor":10.0,"key":"SMITH"},{"data":"Cleave","floor":15.0,"key":"SMITH"},{"data":"True Grit","floor":23.0,"key":"SMITH"},{"data":"Body Slam","floor":28.0,"key":"SMITH"},{"data":"Shrug It Off","floor":30.0,"key":"SMITH"},{"data":"Headbutt","floor":32.0,"key":"SMITH"},{"floor":44.0,"key":"REST"},{"floor":49.0,"key":"REST"}],"neow_cost":"NONE","seed_source_timestamp":184038797351474,"circlet_count":0,"master_deck":["Defend_R+1","Defend_R+1","Defend_R+1","Bash+1","Flex+1","Heavy Blade+1","Headbutt+1","True Grit+1","Cleave+1","Shrug It Off+1","Body Slam+1","Normality","Shrug It Off","Shrug It Off+1","Headbutt+1"],"special_seed":0,"relics":["Runic Dome","Strawberry","Bronze Scales","Champion Belt","Velvet Choker","Question Card","PreservedInsect","Bottled Lightning","Philosopher\u0027s Stone","StoneCalendar","Vajra","Molten Egg 2"],"potions_floor_usage":[50,50,50],"damage_taken":[{"damage":7.0,"enemies":"Small Slimes","floor":1.0,"turns":4.0},{"damage":3.0,"enemies":"2 Louse","floor":3.0,"turns":2.0},{"damage":30.0,"enemies":"3 Sentries","floor":7.0,"turns":14.0},{"damage":1.0,"enemies":"Jaw Worm","floor":11.0,"turns":2.0},{"damage":0.0,"enemies":"Looter","floor":12.0,"turns":2.0},{"damage":6.0,"enemies":"3 Sentries","floor":13.0,"turns":8.0},{"damage":0.0,"enemies":"3 Louse","floor":14.0,"turns":1.0},{"damage":17.0,"enemies":"The Guardian","floor":16.0,"turns":7.0},{"damage":13.0,"enemies":"2 Thieves","floor":18.0,"turns":3.0},{"damage":0.0,"enemies":"Chosen","floor":22.0,"turns":3.0},{"damage":0.0,"enemies":"Book of Stabbing","floor":25.0,"turns":4.0},{"damage":0.0,"enemies":"Centurion and Healer","floor":27.0,"turns":4.0},{"damage":0.0,"enemies":"Snake Plant","floor":29.0,"turns":2.0},{"damage":28.0,"enemies":"Champ","floor":33.0,"turns":11.0},{"damage":3.0,"enemies":"3 Darklings","floor":35.0,"turns":3.0},{"damage":0.0,"enemies":"Orb Walker","floor":37.0,"turns":3.0},{"damage":38.0,"enemies":"Spire Growth","floor":40.0,"turns":5.0},{"damage":16.0,"enemies":"Maw","floor":42.0,"turns":7.0},{"damage":2.0,"enemies":"4 Shapes","floor":47.0,"turns":4.0},{"damage":5.0,"enemies":"3 Darklings","floor":48.0,"turns":7.0},{"damage":41,"enemies":"Awakened One","floor":50,"turns":12}],"seed_played":"-6253772208157191265","potions_obtained":[{"floor":11.0,"key":"Block Potion"},{"floor":12.0,"key":"Block Potion"},{"floor":13.0,"key":"Explosive Potion"},{"floor":27.0,"key":"LiquidBronze"},{"floor":31.0,"key":"AttackPotion"},{"floor":31.0,"key":"Fruit Juice"},{"floor":31.0,"key":"FearPotion"},{"floor":33.0,"key":"Weak Potion"},{"floor":37.0,"key":"FearPotion"},{"floor":40.0,"key":"GamblersBrew"},{"floor":42.0,"key":"Strength Potion"}],"is_trial":false,"path_per_floor":["M","?","M","?","$","R","E","R","T","R","M","M","?","M","R","B",null,"M","?","?","$","M","R","$","E","T","M","R","M","R","?","R","B",null,"M","$","M","?","?","M","$","M","T","R","?","?","M","M","R","B",null],"character_chosen":"IRONCLAD","items_purchased":["StoneCalendar","Vajra"],"campfire_rested":2,"item_purchase_floors":[41,41],"current_hp_per_floor":[73,73,70,63,63,63,40,40,40,40,39,39,33,33,33,16,87,74,74,74,74,74,74,74,74,74,74,74,74,74,74,74,51,92,89,89,89,89,87,49,49,33,33,59,59,59,57,52,78,37],"gold":577,"neow_bonus":"BOSS_RELIC","is_prod":false,"is_daily":false,"chose_seed":false,"campfire_upgraded":8,"win_rate":0,"timestamp":1546677843,"path_taken":["M","?","M","?","$","R","E","R","T","R","M","M","?","M","R","BOSS","M","?","?","$","M","R","$","E","T","M","R","M","R","?","R","BOSS","M","$","M","?","?","M","$","M","T","R","?","?","M","M","R","BOSS"],"build_version":"2019-01-03v4","purchased_purges":5,"victory":true,"max_hp_per_floor":[80,80,80,80,80,80,87,87,87,87,87,87,87,87,87,87,87,87,87,87,87,87,87,87,87,87,87,87,87,87,87,87,92,92,92,92,92,92,87,87,87,87,87,87,87,87,87,87,87,87],"card_choices":[{"not_picked":["Twin Strike","Second Wind","Intimidate"],"picked":"SKIP","floor":1.0},{"not_picked":["Cleave","Seeing Red"],"picked":"Flex","floor":3.0},{"not_picked":["Pommel Strike","Armaments"],"picked":"Heavy Blade","floor":7.0},{"not_picked":["Sword Boomerang","Feel No Pain"],"picked":"Headbutt","floor":11.0},{"not_picked":["Iron Wave","Havoc"],"picked":"True Grit","floor":12.0},{"not_picked":["Iron Wave","Anger"],"picked":"Cleave","floor":14.0},{"not_picked":["Fire Breathing","Iron Wave+1"],"picked":"Shrug It Off","floor":18.0},{"not_picked":["Perfected Strike","Havoc","Entrench","Twin Strike"],"picked":"SKIP","floor":22.0},{"not_picked":["Intimidate","Dark Embrace","Clothesline","Spot Weakness+1"],"picked":"SKIP","floor":25.0},{"not_picked":["Pommel Strike","Pummel","True Grit"],"picked":"Body Slam","floor":27.0},{"not_picked":["Clash","Flex","Sever Soul","Combust"],"picked":"SKIP","floor":29.0},{"not_picked":["Clash","Blood for Blood","Spot Weakness","Sword Boomerang+1"],"picked":"SKIP","floor":35.0},{"not_picked":["Armaments+1","Cleave+1","Bloodletting","Heavy Blade"],"picked":"SKIP","floor":37.0},{"not_picked":["Flex","Anger+1","Havoc+1","Clash"],"picked":"SKIP","floor":40.0},{"not_picked":["Entrench+1","Wild Strike+1","Feel No Pain+1"],"picked":"Shrug It Off","floor":42.0},{"not_picked":["Pummel+1","Metallicize","Clothesline+1"],"picked":"Headbutt+1","floor":47.0},{"not_picked":["Pommel Strike+1","Thunderclap+1","Fiend Fire+1","Second Wind"],"picked":"SKIP","floor":48.0}],"player_experience":675759,"relics_obtained":[{"floor":7.0,"key":"Strawberry"},{"floor":9.0,"key":"Bronze Scales"},{"floor":13.0,"key":"Champion Belt"},{"floor":25.0,"key":"PreservedInsect"},{"floor":26.0,"key":"Bottled Lightning"},{"floor":43.0,"key":"Molten Egg 2"}],"event_choices":[{"cards_removed":["Strike_R"],"damage_healed":0.0,"max_hp_gain":0.0,"max_hp_loss":0.0,"gold_gain":0.0,"event_name":"Living Wall","player_choice":"Forget","floor":2.0,"gold_loss":0.0,"damage_taken":0.0},{"cards_removed":["Strike_R"],"damage_healed":0.0,"max_hp_gain":0.0,"max_hp_loss":0.0,"gold_gain":0.0,"event_name":"Golden Wing","player_choice":"Card Removal","floor":4.0,"gold_loss":0.0,"damage_taken":7.0},{"damage_healed":0.0,"max_hp_gain":0.0,"max_hp_loss":0.0,"gold_gain":0.0,"event_name":"Dead Adventurer","player_choice":"Searched \u00271\u0027 times","floor":13.0,"gold_loss":0.0,"damage_taken":0.0},{"damage_healed":0.0,"max_hp_gain":0.0,"max_hp_loss":0.0,"gold_gain":0.0,"event_name":"Back to Basics","player_choice":"Simplicity","floor":19.0,"gold_loss":0.0,"damage_taken":0.0,"cards_upgraded":["Strike_R","Strike_R","Defend_R","Defend_R","Defend_R","Defend_R"]},{"damage_healed":0.0,"max_hp_gain":0.0,"max_hp_loss":0.0,"gold_gain":0.0,"event_name":"Addict","player_choice":"Obtained Relic","floor":20.0,"gold_loss":85.0,"damage_taken":0.0,"relics_obtained":["Question Card"]},{"damage_healed":0.0,"max_hp_gain":0.0,"max_hp_loss":0.0,"gold_gain":0.0,"event_name":"The Woman in Blue","player_choice":"Bought 3 Potions","floor":31.0,"gold_loss":0.0,"damage_taken":0.0},{"damage_healed":0.0,"max_hp_gain":0.0,"max_hp_loss":0.0,"gold_gain":999.0,"event_name":"MindBloom","player_choice":"Gold","floor":38.0,"gold_loss":0.0,"damage_taken":0.0,"cards_obtained":["Normality","Normality"]},{"damage_healed":0.0,"max_hp_gain":0.0,"max_hp_loss":5.0,"gold_gain":0.0,"event_name":"Winding Halls","player_choice":"Max HP","floor":39.0,"gold_loss":0.0,"damage_taken":0.0},{"damage_healed":0.0,"max_hp_gain":0.0,"max_hp_loss":0.0,"gold_gain":0.0,"event_name":"Mysterious Sphere","player_choice":"Ignored","floor":45.0,"gold_loss":0.0,"damage_taken":0.0},{"damage_healed":0.0,"max_hp_gain":0.0,"max_hp_loss":0.0,"gold_gain":0.0,"event_name":"Duplicator","player_choice":"Copied","floor":46.0,"gold_loss":0.0,"damage_taken":0.0,"cards_obtained":["Shrug It Off"]}],"is_beta":false,"boss_relics":[{"not_picked":["White Beast Statue","Orrery"],"picked":"Velvet Choker"},{"not_picked":["Black Star","Mark of Pain"],"picked":"Philosopher\u0027s Stone"}],"items_purged_floors":[5,21,24,36,41],"is_endless":false,"potions_floor_spawned":[11,12,13,27,33,37,40,42],"ascension_level":0}