{"gold_per_floor":[115,134,134,151,151,151,1,26,77,87,37,37,37,47,47,144,144,161,161,180,80,90,90,106,106,106,106,125,125,144,144,144,246,246,266,284,303,64,64,64,78,98,98,98,109,109,120,120,120,120],"floor_reached":51,"playtime":2255,"items_purged":["Strike_B","Dualcast","Defend_B+1"],"score":676,"play_id":"804094df-b6b1-47f8-bb24-5aca3d375660","local_time":"20190728005702","is_ascension_mode":false,"campfire_choices":[{"data":"Zap","floor":6,"key":"SMITH"},{"floor":15,"key":"REST"},{"data":"Coolheaded","floor":23,"key":"SMITH"},{"data":"Coolheaded","floor":25,"key":"SMITH"},{"data":"Blizzard","floor":27,"key":"SMITH"},{"data":"Electrodynamics","floor":32,"key":"SMITH"},{"data":"Buffer","floor":40,"key":"SMITH"},{"data":"Defragment","floor":44,"key":"SMITH"},{"data":"BootSequence","floor":46,"key":"SMITH"},{"data":"Machine Learning","floor":49,"key":"SMITH"}],"neow_cost":"NONE","seed_source_timestamp":223162433683257,"circlet_count":0,"master_deck":["Defend_B+1","Defend_B+1","Defend_B+1","Zap+1","Ball Lightning+1","Blizzard+1","Coolheaded+1","Gash","Coolheaded+1","Gash+1","Electrodynamics+1","Gash+1","Self Repair+1","Gash+1","BootSequence+1","Buffer+1","BootSequence+1","Parasite","Leap+1","Defragment+1","Machine Learning+1"],"special_seed":0,"relics":["FrozenCore","Orichalcum","Molten Egg 2","Ancient Tea Set","Cursed Key","Tiny Chest"],"potions_floor_usage":[8,8,16,41,50,50],"damage_taken":[{"damage":0.0,"enemies":"Cultist","floor":1.0,"turns":3.0},{"damage":1,"enemies":"Jaw Worm","floor":2,"turns":2},{"damage":10,"enemies":"Small Slimes","floor":4,"turns":2},{"damage":2,"enemies":"Gremlin Nob","floor":8,"turns":3},{"damage":0,"enemies":"Blue Slaver","floor":10,"turns":3},{"damage":0,"enemies":"Large Slime","floor":14,"turns":4},{"damage":16,"enemies":"Slime Boss","floor":16,"turns":9},{"damage":6,"enemies":"Shell Parasite","floor":18,"turns":6},{"damage":0,"enemies":"Chosen","floor":20,"turns":4},{"damage":5,"enemies":"Centurion and Healer","floor":22,"turns":4},{"damage":0,"enemies":"3 Cultists","floor":24,"turns":4},{"damage":32,"enemies":"Snake Plant","floor":28,"turns":3},{"damage":6,"enemies":"Centurion and Healer","floor":30,"turns":4},{"damage":23,"enemies":"Automaton","floor":33,"turns":7},{"damage":9,"enemies":"3 Shapes","floor":35,"turns":5},{"damage":3,"enemies":"Orb Walker","floor":36,"turns":4},{"damage":0,"enemies":"Transient","floor":37,"turns":5},{"damage":2,"enemies":"Writhing Mass","floor":41,"turns":5},{"damage":0,"enemies":"Spire Growth","floor":42,"turns":5},{"damage":1,"enemies":"Sphere and 2 Shapes","floor":45,"turns":4},{"damage":0,"enemies":"Transient","floor":47,"turns":5},{"damage":26,"enemies":"Time Eater","floor":50,"turns":12}],"seed_played":"-7674112515633179961","potions_obtained":[{"floor":1,"key":"EssenceOfSteel"},{"floor":4,"key":"SteroidPotion"},{"floor":8,"key":"Strength Potion"},{"floor":16,"key":"Ancient Potion"},{"floor":28,"key":"FocusPotion"},{"floor":30,"key":"SteroidPotion"},{"floor":42,"key":"Fire Potion"},{"floor":45,"key":"Weak Potion"}],"is_trial":false,"path_per_floor":["M","M","?","M","?","R","$","E","T","M","?","$","?","M","R","B",null,"M","?","M","$","M","R","M","R","T","R","M","?","M","?","R","B",null,"M","M","M","$","T","R","M","M","T","R","M","R","M","?","R","B",null],"character_chosen":"DEFECT","items_purchased":["Coolheaded","Gash","Tiny Chest"],"campfire_rested":1,"item_purchase_floors":[7,7,38],"current_hp_per_floor":[75,74,67,57,45,45,45,43,43,43,43,43,28,28,50,34,75,69,69,69,69,64,64,74,74,74,74,52,52,56,56,56,43,75,75,75,75,75,75,75,75,75,75,75,75,75,75,75,75,59],"gold":120,"neow_bonus":"REMOVE_CARD","is_prod":false,"is_daily":false,"chose_seed":false,"campfire_upgraded":9,"win_rate":0,"timestamp":1564289822,"path_taken":["M","?","?","M","?","R","$","E","T","M","?","?","?","M","R","BOSS","M","?","M","?","M","R","M","R","T","R","M","?","M","?","R","BOSS","M","M","M","$","?","R","M","M","T","R","?","R","M","?","R","BOSS"],"build_version":"2019-07-17","purchased_purges":3,"victory":true,"max_hp_per_floor":[75,75,75,75,75,75,75,75,75,75,75,75,75,75,75,75,75,75,75,75,75,75,75,75,75,75,75,75,75,75,75,75,75,75,75,75,75,75,75,75,75,75,75,75,75,75,75,75,75,75],"card_choices":[{"not_picked":["Streamline","Redo"],"picked":"Ball Lightning","floor":1},{"not_picked":["Stack","Reprogram"],"picked":"Rebound","floor":2},{"not_picked":["All For One","Force Field"],"picked":"Blizzard","floor":4},{"not_picked":["Double Energy","Undo"],"picked":"Coolheaded","floor":8},{"not_picked":["Steam","FTL+1"],"picked":"Gash+1","floor":10},{"not_picked":["Lockon+1","Hologram","Steam"],"picked":"SKIP","floor":14},{"not_picked":["Meteor Strike+1","Amplify"],"picked":"Electrodynamics","floor":16},{"not_picked":["Scrape+1","Conserve Battery"],"picked":"Gash+1","floor":18},{"not_picked":["Compile Driver+1","Loop","Streamline+1"],"picked":"SKIP","floor":20},{"not_picked":["Fusion","Barrage+1"],"picked":"Self Repair+1","floor":22},{"not_picked":["Conserve Battery","Heatsinks"],"picked":"Gash+1","floor":24},{"not_picked":["Darkness","Streamline+1","Sweeping Beam+1"],"picked":"SKIP","floor":28},{"not_picked":["Beam Cell+1","Stack"],"picked":"BootSequence","floor":30},{"not_picked":["Electrodynamics","Amplify"],"picked":"Buffer","floor":33},{"not_picked":["Turbo+1","Darkness"],"picked":"BootSequence+1","floor":35},{"not_picked":["Steam","Turbo+1","Beam Cell+1"],"picked":"SKIP","floor":36},{"not_picked":["Beam Cell+1","Stack+1","Cold Snap+1"],"picked":"SKIP","floor":37},{"not_picked":["Force Field","Scrape+1"],"picked":"Leap+1","floor":41},{"not_picked":["Streamline+1","Cold Snap+1"],"picked":"Defragment","floor":42},{"not_picked":["Barrage+1","Redo+1","Hologram+1"],"picked":"SKIP","floor":45},{"not_picked":["Barrage+1","Leap+1"],"picked":"Machine Learning","floor":47}],"player_experience":935707,"relics_obtained":[{"floor":8,"key":"Molten Egg 2"},{"floor":9,"key":"Ancient Tea Set"}],"event_choices":[{"cards_removed":["Strike_B"],"damage_healed":0,"gold_gain":0,"player_choice":"Card Removal","damage_taken":7,"max_hp_gain":0,"max_hp_loss":0,"event_name":"Golden Wing","floor":3,"gold_loss":0},{"damage_healed":0,"gold_gain":0,"player_choice":"Success","damage_taken":12,"relics_obtained":["Orichalcum"],"max_hp_gain":0,"max_hp_loss":0,"event_name":"Scrap Ooze","floor":5,"gold_loss":0},{"cards_removed":["Strike_B"],"damage_healed":0,"gold_gain":0,"player_choice":"Card Removal","damage_taken":0,"max_hp_gain":0,"max_hp_loss":0,"event_name":"The Cleric","floor":11,"gold_loss":50},{"damage_healed":0,"gold_gain":0,"player_choice":"Entered Light","damage_taken":15,"max_hp_gain":0,"max_hp_loss":0,"event_name":"Shining Light","floor":13,"gold_loss":0,"cards_upgraded":["Defend_B","Ball Lightning"]},{"damage_healed":0,"gold_gain":0,"player_choice":"Ignored","damage_taken":0,"max_hp_gain":0,"max_hp_loss":0,"event_name":"Ghosts","floor":19,"gold_loss":0},{"damage_healed":0,"gold_gain":0,"player_choice":"Simplicity","damage_taken":0,"max_hp_gain":0,"max_hp_loss":0,"event_name":"Back to Basics","floor":29,"gold_loss":0,"cards_upgraded":["Defend_B","Defend_B","Defend_B"]},{"cards_removed":["Rebound"],"damage_healed":0,"gold_gain":0,"player_choice":"Purged","damage_taken":0,"max_hp_gain":0,"max_hp_loss":0,"event_name":"Purifier","floor":31,"gold_loss":0},{"damage_healed":0,"gold_gain":0,"player_choice":"Memory 1","damage_taken":0,"max_hp_gain":0,"max_hp_loss":0,"event_name":"SensoryStone","floor":48,"gold_loss":0}],"is_beta":false,"boss_relics":[{"not_picked":["Busted Crown","Velvet Choker"],"picked":"Cursed Key"},{"not_picked":["Astrolabe","Pandora\u0027s Box"],"picked":"FrozenCore"}],"items_purged_floors":[7,21,38],"is_endless":false,"potions_floor_spawned":[1,4,8,16,28,30,33,42,45],"ascension_level":0}