{"path_per_floor":["M","?","?","?","?","R","$","M","T","R","M","M","R","M","R","B",null,"M","?","$","M","M","R","?"],"character_chosen":"IRONCLAD","items_purchased":["Spot Weakness"],"gold_per_floor":[110,110,110,110,185,185,28,43,43,43,53,72,72,90,90,185,185,201,201,101,83,101,101,101],"floor_reached":25,"campfire_rested":1,"playtime":962,"current_hp_per_floor":[74,74,74,74,63,63,63,64,64,64,72,77,77,80,80,30,68,50,50,50,55,11,35,19],"items_purged":["Strike_R","Strike_R"],"gold":101,"score":258,"play_id":"b82902a5-e6f7-4f95-8a58-2a2fe032c9fc","is_prod":false,"is_daily":false,"is_ascension_mode":true,"campfire_upgraded":4,"path_taken":["M","?","?","?","?","R","$","M","T","R","M","?","R","M","R","BOSS","M","?","$","M","M","R","?","E"],"build_version":"2018-02-15-PROD1","purchased_purges":2,"victory":false,"master_deck":["Strike_R","Strike_R","Defend_R+1","Defend_R+1","Defend_R+1","Defend_R+1","Bash+1","Spot Weakness","Clash","Limit Break+1","Burning Pact","Demon Form","True Grit","Cleave"],"max_hp_per_floor":[80,80,80,80,80,80,80,80,80,80,80,80,80,80,80,80,80,80,80,80,80,80,80,80],"relics":["Burning Blood","Blood Vial","Mark of Pain","Enchiridion"],"card_choices":[{"not_picked":["True Grit","Warcry"],"picked":"Clash"},{"not_picked":["Entrench","Headbutt"],"picked":"Limit Break"},{"not_picked":["Anger","Power Through"],"picked":"Burning Pact"},{"not_picked":["Fiend Fire","Brutality"],"picked":"Demon Form"},{"not_picked":["Perfected Strike","Shrug It Off"],"picked":"True Grit"},{"not_picked":["Pommel Strike","Anger"],"picked":"Cleave"}],"player_experience":239835,"potions_floor_usage":[16,21],"damage_taken":[{"damage":4.0,"enemies":"2 Louse","floor":1.0,"turns":5.0},{"damage":5.0,"enemies":"Small Slimes","floor":8.0,"turns":4.0},{"damage":0.0,"enemies":"Cultist","floor":11.0,"turns":3.0},{"damage":3.0,"enemies":"Looter","floor":12.0,"turns":4.0},{"damage":0.0,"enemies":"3 Louse","floor":14.0,"turns":3.0},{"damage":56,"enemies":"Hexaghost","floor":16,"turns":8},{"damage":26,"enemies":"Spheric Guardian","floor":18,"turns":6},{"damage":3,"enemies":"2 Thieves","floor":21,"turns":4},{"damage":52,"enemies":"Centurion and Healer","floor":22,"turns":7},{"damage":26,"enemies":"Slavers","floor":25,"turns":1}],"event_choices":[{"event_name":"Living Wall","player_choice":"Forget","floor":2.0,"damage_taken":0.0},{"event_name":"Upgrade Shrine","player_choice":"Upgraded","floor":3.0,"damage_taken":0.0},{"event_name":"The Lab","player_choice":"Got Potions","floor":4.0,"damage_taken":0.0},{"event_name":"World of Goop","player_choice":"Gather Gold","floor":5.0,"damage_taken":0.0},{"event_name":"Vampires","player_choice":"Ignored","floor":19,"damage_taken":0},{"event_name":"Cursed Tome","player_choice":"Obtained Book","floor":24,"damage_taken":0}],"boss_relics":[{"not_picked":["White Beast Statue","Astrolabe"],"picked":"Mark of Pain"}],"potions_floor_spawned":[1,8,22],"seed_played":"-2414112591454945379","killed_by":"Slavers","ascension_level":7,"is_trial":false}