{"gold_per_floor":[111,36,52,52,71,100,117,117,142,187,264,276,306,43,43,117,117,137,147,157,192,192,192,206,206,254,281,204,204,218,250,250,250],"floor_reached":33,"playtime":2596,"items_purged":["Strike_R","Strike_R","Writhe"],"score":512,"play_id":"761999e1-e80b-4882-b37e-34c933bdb718","local_time":"20181004201903","is_ascension_mode":true,"campfire_choices":[{"data":"Iron Wave","floor":8.0,"key":"SMITH"},{"floor":12,"key":"REST"},{"data":"Armaments","floor":15,"key":"SMITH"},{"floor":23,"key":"REST"},{"floor":25,"key":"REST"},{"data":"Rampage","floor":29,"key":"SMITH"},{"floor":32,"key":"REST"}],"neow_cost":"","seed_source_timestamp":1998240453087551,"circlet_count":0,"master_deck":["Strike_R","Defend_R","Defend_R","Defend_R","Defend_R","Bash","AscendersBane","Iron Wave+1","Cleave+1","Clothesline","Shrug It Off","Battle Trance","Rampage+1","Spot Weakness","Armaments+1","Shrug It Off","Offering","Shrug It Off","Headbutt","Shockwave","Double Tap","Shrug It Off","Entrench","Bludgeon"],"special_seed":0,"relics":["Burning Blood","Smiling Mask","MawBank","Strawberry","Mercury Hourglass","Oddly Smooth Stone","Empty Cage","Red Mask","Dodecahedron","Boot","Lantern","Pantograph"],"potions_floor_usage":[10,13,19,21,21,27,31,33],"damage_taken":[{"damage":7.0,"enemies":"Jaw Worm","floor":1.0,"turns":3.0},{"damage":1.0,"enemies":"Cultist","floor":3.0,"turns":3.0},{"damage":4.0,"enemies":"Small Slimes","floor":5.0,"turns":4.0},{"damage":24.0,"enemies":"Gremlin Nob","floor":6.0,"turns":4.0},{"damage":7.0,"enemies":"Blue Slaver","floor":7.0,"turns":4.0},{"damage":20,"enemies":"3 Sentries","floor":10,"turns":6},{"damage":21,"enemies":"Lagavulin Event","floor":11,"turns":5},{"damage":0,"enemies":"2 Fungi Beasts","floor":13,"turns":2},{"damage":27,"enemies":"Slime Boss","floor":16,"turns":12},{"damage":21,"enemies":"Chosen","floor":18,"turns":6},{"damage":9,"enemies":"Spheric Guardian","floor":19,"turns":4},{"damage":22,"enemies":"3 Cultists","floor":20,"turns":5},{"damage":19,"enemies":"Masked Bandits","floor":21,"turns":4},{"damage":17,"enemies":"Cultist and Chosen","floor":24,"turns":6},{"damage":33,"enemies":"Slavers","floor":27,"turns":6},{"damage":21,"enemies":"Centurion and Healer","floor":30,"turns":5},{"damage":34,"enemies":"Gremlin Leader","floor":31,"turns":7},{"damage":73,"enemies":"Automaton","floor":33,"turns":6}],"seed_played":"-6083691685596497044","potions_obtained":[{"floor":3.0,"key":"Explosive Potion"},{"floor":5.0,"key":"Ancient Potion"},{"floor":11,"key":"Regen Potion"},{"floor":18,"key":"Poison Potion"},{"floor":20,"key":"Energy Potion"},{"floor":24,"key":"Regen Potion"},{"floor":30,"key":"Swift Potion"},{"floor":31,"key":"LiquidBronze"}],"is_trial":false,"path_per_floor":["M","$","M","?","M","E","M","R","T","E","?","R","M","$","R","B",null,"M","M","M","?","?","R","M","R","T","E","$","R","M","E","R"],"character_chosen":"IRONCLAD","items_purchased":["Armaments","Shrug It Off","Oddly Smooth Stone","Shrug It Off"],"campfire_rested":4,"item_purchase_floors":[14,14,14,28],"current_hp_per_floor":[71,71,76,76,78,60,59,59,59,52,37,63,74,74,74,53,79,64,61,45,32,32,58,47,73,73,61,61,61,46,18,44,0],"gold":250,"neow_bonus":"","is_prod":false,"is_daily":false,"chose_seed":false,"campfire_upgraded":3,"win_rate":0,"timestamp":1538698743,"path_taken":["M","$","M","?","M","E","M","R","T","E","?","R","?","?","R","BOSS","M","M","M","?","?","R","M","R","T","E","$","R","M","E","R","BOSS"],"build_version":"2018-10-04","purchased_purges":3,"victory":false,"max_hp_per_floor":[80,80,80,80,80,80,80,80,80,87,87,87,87,87,87,87,87,87,87,87,87,87,87,87,87,87,87,87,87,87,87,87,87],"card_choices":[{"not_picked":["Pommel Strike","Fire Breathing"],"picked":"Iron Wave","floor":1.0},{"not_picked":["Havoc","Headbutt"],"picked":"Cleave","floor":3.0},{"not_picked":["Searing Blow","Havoc"],"picked":"Clothesline","floor":5.0},{"not_picked":["Cleave","Perfected Strike"],"picked":"Shrug It Off","floor":6.0},{"not_picked":["Fire Breathing","Juggernaut"],"picked":"Battle Trance","floor":7.0},{"not_picked":["Rage","Clash"],"picked":"Rampage","floor":10},{"not_picked":["Uppercut","Sword Boomerang"],"picked":"Spot Weakness","floor":13},{"not_picked":["Bludgeon","Immolate"],"picked":"Offering","floor":16},{"not_picked":["Inflame","Sword Boomerang","Rupture"],"picked":"SKIP","floor":18},{"not_picked":["Anger+1","Armaments"],"picked":"Shrug It Off","floor":19},{"not_picked":["Heavy Blade","Burning Pact+1"],"picked":"Headbutt","floor":20},{"not_picked":["Corruption","Cleave+1"],"picked":"Shockwave","floor":24},{"not_picked":["Sever Soul","Reckless Charge"],"picked":"Double Tap","floor":27},{"not_picked":["Perfected Strike","True Grit"],"picked":"Entrench","floor":30},{"not_picked":["Clash","Perfected Strike"],"picked":"Bludgeon","floor":31}],"player_experience":448644,"relics_obtained":[{"floor":6.0,"key":"Smiling Mask"},{"floor":9.0,"key":"MawBank"},{"floor":10,"key":"Strawberry"},{"floor":21,"key":"Red Mask"},{"floor":26,"key":"Boot"},{"floor":27,"key":"Lantern"},{"floor":31,"key":"Pantograph"}],"event_choices":[{"event_name":"Accursed Blacksmith","player_choice":"Forge","floor":4.0,"damage_taken":0.0},{"event_name":"Dead Adventurer","player_choice":"Searched \u00273\u0027 times","floor":11,"damage_taken":0},{"event_name":"Masked Bandits","player_choice":"Fought Bandits","floor":21,"damage_taken":0},{"event_name":"The Mausoleum","player_choice":"Yes","floor":22,"damage_taken":0}],"is_beta":false,"boss_relics":[{"not_picked":["Tiny House","Lizard Tail"],"picked":"Empty Cage"}],"items_purged_floors":[2,14,28],"is_endless":false,"potions_floor_spawned":[3,5,11,18,20,24,30,31],"killed_by":"Automaton","ascension_level":13}