{"gold_per_floor":[112,112,126,141,154,154,25,54,79,99,130,148,148,148,148,251,251,266,181,193,143,143,169,169,169,169,180,180,180,130,142,142,244,244,261,271,287,302,321,321,347,365,365,8,8,8,8,19,19,19],"floor_reached":51,"playtime":3011,"items_purged":["Strike_R","Strike_R","Burning Pact","Berserk+1"],"score":734,"play_id":"26937a24-e4b9-4bbb-aac9-0d0d4aa9310f","local_time":"20190112043643","is_ascension_mode":false,"campfire_choices":[{"data":"Pommel Strike","floor":6.0,"key":"SMITH"},{"data":"Body Slam","floor":13.0,"key":"SMITH"},{"data":"Barricade","floor":15.0,"key":"SMITH"},{"data":"True Grit","floor":24.0,"key":"SMITH"},{"data":"Body Slam","floor":29.0,"key":"SMITH"},{"floor":32.0,"key":"REST"},{"data":"Entrench","floor":40.0,"key":"SMITH"},{"data":"Offering","floor":46,"key":"SMITH"},{"floor":49,"key":"REST"}],"neow_cost":"NONE","seed_source_timestamp":0,"circlet_count":0,"master_deck":["Defend_R","Defend_R","Bash+1","Pommel Strike+1","Dropkick","Dropkick","Shrug It Off","Barricade+1","Body Slam+1","Offering+1","True Grit+1","Body Slam+1","Dropkick","Offering+1","Immolate+1","Entrench+1","Thinking Ahead"],"special_seed":0,"relics":["Burning Blood","Smiling Mask","Lantern","Bronze Scales","Cursed Key","Pen Nib","PreservedInsect","Astrolabe","Red Skull","Pear"],"potions_floor_usage":[50,50,50],"damage_taken":[{"damage":6.0,"enemies":"Jaw Worm","floor":1.0,"turns":3.0},{"damage":6.0,"enemies":"Cultist","floor":3.0,"turns":3.0},{"damage":1.0,"enemies":"2 Louse","floor":4.0,"turns":3.0},{"damage":4.0,"enemies":"2 Fungi Beasts","floor":5.0,"turns":3.0},{"damage":8.0,"enemies":"Gremlin Nob","floor":8.0,"turns":3.0},{"damage":11.0,"enemies":"Large Slime","floor":10.0,"turns":4.0},{"damage":13.0,"enemies":"Lagavulin","floor":11.0,"turns":4.0},{"damage":6.0,"enemies":"Blue Slaver","floor":12.0,"turns":3.0},{"damage":23.0,"enemies":"Hexaghost","floor":16.0,"turns":8.0},{"damage":6.0,"enemies":"3 Byrds","floor":18.0,"turns":3.0},{"damage":21.0,"enemies":"2 Thieves","floor":20.0,"turns":4.0},{"damage":46.0,"enemies":"Book of Stabbing","floor":23.0,"turns":5.0},{"damage":14.0,"enemies":"Snake Plant","floor":27.0,"turns":3.0},{"damage":6.0,"enemies":"3 Cultists","floor":31.0,"turns":3.0},{"damage":11.0,"enemies":"Automaton","floor":33.0,"turns":8.0},{"damage":6.0,"enemies":"Orb Walker","floor":35.0,"turns":1.0},{"damage":6.0,"enemies":"3 Shapes","floor":36.0,"turns":2.0},{"damage":12.0,"enemies":"Sphere and 2 Shapes","floor":37.0,"turns":1.0},{"damage":6.0,"enemies":"4 Shapes","floor":38.0,"turns":1.0},{"damage":12.0,"enemies":"Transient","floor":39.0,"turns":5.0},{"damage":12.0,"enemies":"Nemesis","floor":41.0,"turns":1.0},{"damage":12.0,"enemies":"Spire Growth","floor":42.0,"turns":1.0},{"damage":6,"enemies":"Jaw Worm Horde","floor":48,"turns":1},{"damage":27,"enemies":"Donu and Deca","floor":50,"turns":6}],"seed_played":"1107817399634246637","potions_obtained":[{"floor":3.0,"key":"Fire Potion"},{"floor":5.0,"key":"Strength Potion"},{"floor":8.0,"key":"SteroidPotion"},{"floor":10.0,"key":"SneckoOil"},{"floor":20.0,"key":"Ancient Potion"},{"floor":27.0,"key":"Swift Potion"},{"floor":35.0,"key":"Swift Potion"},{"floor":38.0,"key":"PowerPotion"},{"floor":39.0,"key":"SteroidPotion"}],"is_trial":false,"path_per_floor":["M","?","M","M","M","R","$","E","T","M","E","M","R","?","R","B",null,"M","?","M","$","?","E","R","T","T","M","?","R","$","M","R","B",null,"M","M","M","M","M","R","E","M","T","$","?","R","?","M","R","B",null],"character_chosen":"IRONCLAD","items_purchased":["Shrug It Off","Pear","SpeedPotion"],"campfire_rested":2,"item_purchase_floors":[7,44,44],"current_hp_per_floor":[80,80,80,80,80,80,80,78,78,73,66,66,66,59,59,42,80,80,80,65,65,65,25,25,25,25,17,17,17,17,17,41,36,80,80,80,74,74,68,68,62,56,56,66,66,66,66,66,90,69],"gold":19,"neow_bonus":"UPGRADE_CARD","is_prod":false,"is_daily":false,"chose_seed":false,"campfire_upgraded":7,"win_rate":0,"timestamp":1547285803,"path_taken":["M","?","M","M","M","R","$","E","T","?","E","M","R","?","R","BOSS","M","?","M","$","?","E","R","?","T","M","?","R","?","M","R","BOSS","M","M","?","M","M","R","E","M","T","$","?","R","?","M","R","BOSS"],"build_version":"2019-01-10","purchased_purges":4,"victory":true,"max_hp_per_floor":[80,80,80,80,80,80,80,80,80,80,80,80,80,80,80,80,80,80,80,80,80,80,80,80,80,80,80,80,80,80,80,80,80,80,80,80,80,80,80,80,80,80,80,90,90,90,90,90,90,90],"card_choices":[{"not_picked":["Iron Wave","Corruption"],"picked":"Pommel Strike","floor":1.0},{"not_picked":["Blood for Blood","Warcry"],"picked":"Dropkick","floor":3.0},{"not_picked":["Havoc","Entrench"],"picked":"Heavy Blade","floor":4.0},{"not_picked":["Perfected Strike","Body Slam"],"picked":"Dropkick","floor":5.0},{"not_picked":["Anger","Sword Boomerang","Perfected Strike"],"picked":"SKIP","floor":8.0},{"not_picked":["Dark Embrace","Flame Barrier"],"picked":"Burning Pact","floor":10.0},{"not_picked":["Carnage","Thunderclap"],"picked":"Barricade","floor":11.0},{"not_picked":["Disarm","Second Wind"],"picked":"Body Slam","floor":12.0},{"not_picked":["Dark Embrace","Fiend Fire"],"picked":"Offering","floor":16.0},{"not_picked":["Sword Boomerang","Second Wind"],"picked":"True Grit","floor":18.0},{"not_picked":["Wild Strike","Whirlwind"],"picked":"Body Slam","floor":20.0},{"not_picked":["Anger","Power Through","Wild Strike"],"picked":"SKIP","floor":23.0},{"not_picked":["Exhume","Perfected Strike","Flex"],"picked":"SKIP","floor":27.0},{"not_picked":["Body Slam","Clash","Inflame+1"],"picked":"SKIP","floor":31.0},{"not_picked":["Warcry","Headbutt+1","Seeing Red"],"picked":"SKIP","floor":35.0},{"not_picked":["Uppercut","Iron Wave+1","Clash+1"],"picked":"SKIP","floor":36.0},{"not_picked":["Heavy Blade+1","Combust+1","Headbutt+1"],"picked":"SKIP","floor":37.0},{"not_picked":["Battle Trance+1","Heavy Blade+1"],"picked":"Entrench","floor":38.0},{"not_picked":["Flame Barrier","Clash+1","Bloodletting"],"picked":"SKIP","floor":39.0},{"not_picked":["Second Wind+1","Rage","Perfected Strike"],"picked":"SKIP","floor":41.0},{"not_picked":["Headbutt","Heavy Blade","Perfected Strike"],"picked":"SKIP","floor":42.0},{"not_picked":["Secret Technique","Panacea"],"picked":"Thinking Ahead","floor":47},{"not_picked":["Wild Strike+1","Body Slam+1","Thunderclap+1"],"picked":"SKIP","floor":48}],"player_experience":694341,"relics_obtained":[{"floor":8.0,"key":"Smiling Mask"},{"floor":9.0,"key":"Lantern"},{"floor":11.0,"key":"Bronze Scales"},{"floor":23.0,"key":"PreservedInsect"},{"floor":41.0,"key":"Red Skull"}],"event_choices":[{"cards_removed":["Strike_R"],"damage_healed":0.0,"max_hp_gain":0.0,"max_hp_loss":0.0,"gold_gain":0.0,"event_name":"Bonfire Elementals","player_choice":"Offered Basic","floor":2.0,"gold_loss":0.0,"damage_taken":0.0},{"cards_removed":["Strike_R"],"damage_healed":0.0,"max_hp_gain":0.0,"max_hp_loss":0.0,"gold_gain":0.0,"event_name":"Golden Wing","player_choice":"Card Removal","floor":14.0,"gold_loss":0.0,"damage_taken":7.0},{"damage_healed":0.0,"max_hp_gain":0.0,"max_hp_loss":0.0,"gold_gain":0.0,"event_name":"Addict","player_choice":"Obtained Relic","floor":19.0,"gold_loss":85.0,"damage_taken":0.0,"relics_obtained":["Pen Nib"]},{"damage_healed":0.0,"max_hp_gain":0.0,"max_hp_loss":0.0,"gold_gain":0.0,"cards_transformed":["Strike_R","Defend_R"],"event_name":"Drug Dealer","player_choice":"Became Test Subject","floor":22.0,"gold_loss":0.0,"damage_taken":0.0,"cards_obtained":["Burning Pact","Dropkick"]},{"damage_healed":0.0,"max_hp_gain":0.0,"max_hp_loss":0.0,"gold_gain":0.0,"event_name":"Vampires","player_choice":"Ignored","floor":28.0,"gold_loss":0.0,"damage_taken":0.0},{"damage_healed":0,"gold_gain":0,"player_choice":"Ignored","damage_taken":0,"max_hp_gain":0,"max_hp_loss":0,"event_name":"Mysterious Sphere","floor":45,"gold_loss":0},{"damage_healed":0,"gold_gain":0,"player_choice":"Memory 1","damage_taken":0,"max_hp_gain":0,"max_hp_loss":0,"event_name":"SensoryStone","floor":47,"gold_loss":0}],"is_beta":false,"boss_relics":[{"not_picked":["Tiny House","Coffee Dripper"],"picked":"Cursed Key"},{"not_picked":["Runic Cube","Black Blood"],"picked":"Astrolabe"}],"items_purged_floors":[7,21,30,44],"is_endless":false,"potions_floor_spawned":[3,5,8,10,20,27,35,38,39],"ascension_level":0}