{"gold_per_floor":[114,124,136,154,154,194,194,194],"floor_reached":8,"playtime":641,"items_purged":[],"score":75,"play_id":"63f79eea-60cb-40da-85f3-54c1739c74c2","local_time":"20190726165832","is_ascension_mode":true,"campfire_choices":[{"floor":7,"key":"REST"}],"neow_cost":"NONE","seed_source_timestamp":207484112139260,"circlet_count":0,"master_deck":["Strike_G","Strike_G","Strike_G","Strike_G","Strike_G","Defend_G","Defend_G","Defend_G","Defend_G","Defend_G","Survivor","Neutralize","Tools of the Trade","Flying Knee","Cloak And Dagger","Reflex","Predator","Blade Dance"],"relics":["Ring of the Snake","Golden Idol","Shuriken"],"potions_floor_usage":[6,6],"damage_taken":[{"damage":0,"enemies":"Small Slimes","floor":1,"turns":3},{"damage":2,"enemies":"Jaw Worm","floor":2,"turns":4},{"damage":1,"enemies":"2 Louse","floor":3,"turns":3},{"damage":18,"enemies":"Gremlin Gang","floor":4,"turns":5},{"damage":36,"enemies":"Lagavulin","floor":6,"turns":9},{"damage":34,"enemies":"3 Sentries","floor":8,"turns":8}],"seed_played":"-3087767331873204160","potions_obtained":[{"floor":3,"key":"SneckoOil"},{"floor":4,"key":"Ancient Potion"}],"is_trial":false,"path_per_floor":["M","M","M","M","?","E","R","E"],"character_chosen":"THE_SILENT","items_purchased":[],"campfire_rested":1,"item_purchase_floors":[],"current_hp_per_floor":[63,61,60,42,42,6,25,0],"gold":194,"neow_bonus":"ONE_RANDOM_RARE_CARD","is_prod":false,"is_daily":false,"chose_seed":false,"campfire_upgraded":0,"win_rate":0,"timestamp":1564185512,"path_taken":["M","M","M","M","?","E","R","E"],"build_version":"2019-07-17","purchased_purges":0,"victory":false,"max_hp_per_floor":[70,70,70,70,65,65,65,65],"card_choices":[{"not_picked":["Backflip","Poisoned Stab"],"picked":"Flying Knee","floor":1},{"not_picked":["Concentrate","Flechettes"],"picked":"Cloak And Dagger","floor":2},{"not_picked":["Dodge and Roll","Calculated Gamble"],"picked":"Reflex","floor":3},{"not_picked":["Outmaneuver","Flechettes"],"picked":"Predator","floor":4},{"not_picked":["Expertise","Malaise"],"picked":"Blade Dance","floor":6}],"player_experience":394147,"relics_obtained":[{"floor":6,"key":"Shuriken"}],"event_choices":[{"damage_healed":0,"gold_gain":0,"player_choice":"Lose Max HP","damage_taken":0,"relics_obtained":["Golden Idol"],"max_hp_gain":0,"max_hp_loss":5,"event_name":"Golden Idol","floor":5,"gold_loss":0}],"is_beta":false,"boss_relics":[],"items_purged_floors":[],"is_endless":false,"potions_floor_spawned":[3,4],"killed_by":"3 Sentries","ascension_level":6}