{"gold_per_floor":[117,117,42,42,66,110,110,134,134,134,134,12,26,41,41,164,164,187,187,39,39,39,39,39,62,86,86,110,144,162,206,206,327,327,351,76,76,92,106,106,125,125,151,151,151,7,26,26,26,26],"floor_reached":51,"playtime":3666,"items_purged":["Strike_B","Strike_B"],"score":913,"play_id":"dc8258c3-dd4c-44f9-b9ad-7b529bde9c60","local_time":"20190813234543","is_ascension_mode":true,"campfire_choices":[{"floor":7,"key":"REST"},{"data":"Sunder","floor":10,"key":"SMITH"},{"data":"Glacier","floor":15,"key":"SMITH"},{"floor":23,"key":"REST"},{"data":"Echo Form","floor":27,"key":"SMITH"},{"floor":32,"key":"REST"},{"data":"White Noise","floor":40,"key":"SMITH"},{"data":"Undo","floor":42,"key":"SMITH"},{"floor":45,"key":"REST"},{"data":"Turbo","floor":49,"key":"SMITH"}],"neow_cost":"NONE","seed_source_timestamp":273707573636200,"circlet_count":0,"master_deck":["Defend_B+1","Defend_B","Defend_B","Zap","Dualcast+1","Gash","Sunder+1","Hologram","Glacier+1","Gash","Hologram","Gash","Echo Form+1","White Noise+1","Blizzard","Undo+1","FTL","Leap+1","Electrodynamics","Defragment+1","FTL","Turbo+1","Parasite","Gash+1","Madness","Madness","White Noise+1"],"relics":["Cracked Core","NeowsBlessing","Mummified Hand","Golden Idol","War Paint","Bottled Lightning","Empty Cage","PreservedInsect","Nilry\u0027s Codex","Oddly Smooth Stone","Dream Catcher","Juzu Bracelet","Runic Pyramid","Blood Vial","Ancient Tea Set","Bronze Scales"],"potions_floor_usage":[13,18,29,29,31,33,38,41,41,50],"damage_taken":[{"damage":0,"enemies":"Jaw Worm","floor":1,"turns":1},{"damage":0,"enemies":"2 Louse","floor":5,"turns":1},{"damage":0,"enemies":"Gremlin Nob","floor":6,"turns":1},{"damage":0,"enemies":"Cultist","floor":8,"turns":3},{"damage":0,"enemies":"Large Slime","floor":13,"turns":4},{"damage":0,"enemies":"3 Louse","floor":14,"turns":2},{"damage":37,"enemies":"Hexaghost","floor":16,"turns":9},{"damage":6,"enemies":"3 Byrds","floor":18,"turns":3},{"damage":0,"enemies":"Chosen","floor":25,"turns":5},{"damage":7,"enemies":"3 Cultists","floor":28,"turns":6},{"damage":9,"enemies":"Slavers","floor":29,"turns":3},{"damage":12,"enemies":"Centurion and Healer","floor":30,"turns":7},{"damage":0,"enemies":"Book of Stabbing","floor":31,"turns":4},{"damage":53,"enemies":"Automaton","floor":33,"turns":8},{"damage":0,"enemies":"3 Shapes","floor":35,"turns":5},{"damage":0,"enemies":"3 Darklings","floor":38,"turns":2},{"damage":1,"enemies":"Writhing Mass","floor":39,"turns":7},{"damage":0,"enemies":"Spire Growth","floor":41,"turns":6},{"damage":5,"enemies":"3 Darklings","floor":47,"turns":3},{"damage":38,"enemies":"Time Eater","floor":50,"turns":13}],"seed_played":"-2160356467728726251","potions_obtained":[{"floor":5,"key":"Poison Potion"},{"floor":6,"key":"AttackPotion"},{"floor":16,"key":"LiquidBronze"},{"floor":22,"key":"Explosive Potion"},{"floor":22,"key":"Ancient Potion"},{"floor":28,"key":"Energy Potion"},{"floor":30,"key":"Weak Potion"},{"floor":31,"key":"Fire Potion"},{"floor":33,"key":"Energy Potion"},{"floor":38,"key":"GamblersBrew"},{"floor":41,"key":"Fruit Juice"}],"is_trial":false,"path_per_floor":["M","?","$","?","M","E","R","M","T","R","?","$","M","M","R","B",null,"M","?","$","?","?","R","$","M","T","R","M","E","M","E","R","B",null,"M","$","?","M","M","R","M","R","T","?","R","$","M","$","R","B",null],"character_chosen":"DEFECT","items_purchased":["Gash","PreservedInsect","Strength Potion","Blood Vial","FTL","Bronze Scales"],"campfire_rested":4,"item_purchase_floors":[12,20,36,36,36,46],"current_hp_per_floor":[68,65,65,47,47,47,69,69,69,69,69,69,69,69,69,32,64,58,58,58,42,42,64,64,64,64,64,57,48,36,36,58,5,58,58,58,58,60,61,61,68,68,68,58,80,80,75,75,75,39],"gold":26,"neow_bonus":"THREE_ENEMY_KILL","is_prod":false,"is_daily":false,"chose_seed":false,"campfire_upgraded":6,"win_rate":0,"timestamp":1565765143,"path_taken":["M","?","$","?","M","E","R","M","T","R","?","?","?","M","R","BOSS","M","?","$","?","?","R","$","M","T","R","?","E","?","E","R","BOSS","M","$","?","M","M","R","M","R","T","?","R","?","M","$","R","BOSS"],"build_version":"2019-07-17","purchased_purges":2,"victory":true,"max_hp_per_floor":[75,75,75,75,75,75,75,75,75,75,75,75,75,75,75,75,75,75,75,75,75,75,75,75,75,75,75,75,75,75,75,75,75,75,75,75,75,75,75,75,80,80,80,80,80,80,80,80,80,80],"card_choices":[{"not_picked":["Rebound","Beam Cell"],"picked":"Gash","floor":1},{"not_picked":["Chaos","Sweeping Beam"],"picked":"Sunder","floor":5},{"not_picked":["Consume","Defragment"],"picked":"Hologram","floor":6},{"not_picked":["Aggregate","Stack"],"picked":"Glacier","floor":8},{"not_picked":["Stack","Barrage"],"picked":"Hologram","floor":13},{"not_picked":["Hello World","Self Repair"],"picked":"Gash","floor":14},{"not_picked":["Biased Cognition","Buffer"],"picked":"Echo Form","floor":16},{"not_picked":["Streamline","Beam Cell"],"picked":"White Noise","floor":18},{"not_picked":["Compile Driver+1","Sweeping Beam","Steam"],"picked":"SKIP","floor":25},{"not_picked":["Streamline","Hello World"],"picked":"Blizzard","floor":28},{"not_picked":["Steam","Sweeping Beam"],"picked":"Undo","floor":29},{"not_picked":["Echo Form","Hologram"],"picked":"FTL","floor":30},{"not_picked":["Heatsinks","Darkness+1"],"picked":"Leap+1","floor":31},{"not_picked":["BootSequence+1","Go for the Eyes+1"],"picked":"Beam Cell","floor":32},{"not_picked":["Buffer","Biased Cognition"],"picked":"Electrodynamics","floor":33},{"not_picked":["Conserve Battery","Beam Cell"],"picked":"Defragment+1","floor":35},{"not_picked":["Sweeping Beam+1","Compile Driver+1"],"picked":"Turbo","floor":38},{"not_picked":["Coolheaded","Fusion","Steam"],"picked":"SKIP","floor":39},{"not_picked":["Loop","Compile Driver+1"],"picked":"Gash+1","floor":41},{"not_picked":["Go for the Eyes","Consume"],"picked":"White Noise+1","floor":47}],"player_experience":354472,"relics_obtained":[{"floor":6,"key":"War Paint"},{"floor":9,"key":"Bottled Lightning"},{"floor":21,"key":"Nilry\u0027s Codex"},{"floor":26,"key":"Oddly Smooth Stone"},{"floor":29,"key":"Dream Catcher"},{"floor":31,"key":"Juzu Bracelet"},{"floor":43,"key":"Ancient Tea Set"}],"event_choices":[{"damage_healed":0,"gold_gain":0,"player_choice":"Success","damage_taken":3,"relics_obtained":["Mummified Hand"],"max_hp_gain":0,"max_hp_loss":0,"event_name":"Scrap Ooze","floor":2,"gold_loss":0},{"damage_healed":0,"gold_gain":0,"player_choice":"Take Damage","damage_taken":18,"relics_obtained":["Golden Idol"],"max_hp_gain":0,"max_hp_loss":0,"event_name":"Golden Idol","floor":4,"gold_loss":0},{"damage_healed":0,"gold_gain":0,"cards_transformed":["Defend_B"],"player_choice":"Change","damage_taken":0,"max_hp_gain":0,"max_hp_loss":0,"event_name":"Living Wall","floor":11,"gold_loss":0,"cards_obtained":["Aggregate"]},{"cards_removed":["Strike_B"],"damage_healed":0,"gold_gain":0,"player_choice":"Elegance","damage_taken":0,"max_hp_gain":0,"max_hp_loss":0,"event_name":"Back to Basics","floor":19,"gold_loss":0},{"damage_healed":0,"gold_gain":0,"player_choice":"Obtained Book","damage_taken":16,"max_hp_gain":0,"max_hp_loss":0,"event_name":"Cursed Tome","floor":21,"gold_loss":0},{"damage_healed":0,"gold_gain":0,"player_choice":"Got Potions","damage_taken":0,"max_hp_gain":0,"max_hp_loss":0,"event_name":"Lab","floor":22,"gold_loss":0},{"cards_removed":["Beam Cell"],"damage_healed":0,"gold_gain":0,"player_choice":"Removed Attack","damage_taken":0,"max_hp_gain":0,"max_hp_loss":0,"event_name":"Falling","floor":37,"gold_loss":0},{"damage_healed":0,"gold_gain":0,"player_choice":"Embrace Madness","damage_taken":10,"max_hp_gain":0,"max_hp_loss":0,"event_name":"Winding Halls","floor":44,"gold_loss":0,"cards_obtained":["Madness","Madness"]}],"is_beta":false,"boss_relics":[{"not_picked":["Philosopher\u0027s Stone","White Beast Statue"],"picked":"Empty Cage"},{"not_picked":["Pandora\u0027s Box","Orrery"],"picked":"Runic Pyramid"}],"items_purged_floors":[3,12],"is_endless":false,"potions_floor_spawned":[5,6,16,28,30,31,33,38,41],"ascension_level":6}