{"path_per_floor":["M","M","M","M","$","R","E","M","T","R","?","M","R","M","R","B",null,"M","M","?","M","$","R","E","M","T","?","R","E","$","T","R","B",null,"M","M","M","?","$","E","R","E","T","E","M","R","E","M","R","B"],"character_chosen":"IRONCLAD","items_purchased":["Battle Trance","War Paint","Panache","Mummified Hand"],"gold_per_floor":[111,129,146,157,7,7,41,56,80,80,80,98,98,111,111,209,209,227,241,241,261,14,14,44,64,364,364,364,389,87,87,87,184,184,198,208,226,271,19,45,45,73,73,105,120,120,155,171,171,171],"floor_reached":51,"campfire_rested":0,"playtime":5134,"current_hp_per_floor":[62,64,65,62,62,62,44,26,26,26,26,32,32,38,38,40,57,60,57,57,62,62,62,55,60,60,60,60,66,66,66,66,68,75,69,59,66,67,67,55,55,58,58,69,74,74,88,92,92,86],"items_purged":["Strike_R","Defend_R","Strike_R"],"gold":171,"play_id":"a8ff70f4-7c3f-434f-baa7-fb79ca136d38","is_prod":false,"is_daily":false,"is_ascension_mode":true,"campfire_upgraded":7,"path_taken":["M","M","?","?","$","R","E","M","T","R","?","M","R","?","R","BOSS","M","M","?","M","?","R","E","M","T","?","R","E","$","?","R","BOSS","M","M","M","?","?","E","R","E","T","E","M","R","E","M","R","BOSS"],"build_version":"2018-02-01-PROD3","purchased_purges":4,"victory":true,"master_deck":["Impervious+1","Brutality+1","Metallicize","Body Slam+1","Body Slam+1","Battle Trance+1","Shrug It Off+1","True Grit+1","Feed","True Grit+1","Shrug It Off+1","Seeing Red+1","Panache+1","Intimidate+1","Warcry+1","Seeing Red+1","Shockwave+1","Warcry+1"],"max_hp_per_floor":[72,72,72,72,72,72,72,72,72,72,72,72,72,72,72,72,57,60,63,63,66,66,66,69,72,72,72,72,75,75,75,75,75,75,75,75,78,78,78,81,81,81,81,84,84,84,94,94,94,97],"relics":["Burning Blood","Paper Frog","Orichalcum","Runic Cube","War Paint","Darkstone Periapt","Old Coin","Dream Catcher","Ice Cream","Sozu","Peace Pipe","Mummified Hand","Toolbox","Regal Pillow","Mercury Hourglass","Letter Opener","Pear"],"card_choices":[{"not_picked":["Heavy Blade","Corruption"],"picked":"Metallicize"},{"not_picked":["Blood for Blood","Pommel Strike"],"picked":"Body Slam"},{"not_picked":["Iron Wave","Intimidate"],"picked":"Body Slam"},{"not_picked":["Pommel Strike","Intimidate"],"picked":"Shrug It Off"},{"not_picked":["Warcry","Armaments"],"picked":"True Grit"},{"not_picked":["Brutality","Juggernaut"],"picked":"Feed"},{"not_picked":["Thunderclap","Armaments"],"picked":"True Grit"},{"not_picked":["Spot Weakness","Metallicize"],"picked":"Shrug It Off"},{"not_picked":["Perfected Strike","Body Slam"],"picked":"Seeing Red"},{"not_picked":["Heavy Blade","Body Slam"],"picked":"Intimidate"},{"not_picked":["Sword Boomerang","Body Slam"],"picked":"Warcry"},{"not_picked":["Evolve","Headbutt"],"picked":"Seeing Red"},{"not_picked":["Twin Strike","Sword Boomerang"],"picked":"Shockwave"},{"not_picked":["Flame Barrier","Bludgeon"],"picked":"Warcry"}],"player_experience":179956,"potions_floor_usage":[4,19,24],"damage_taken":[{"damage":16,"enemies":"Blue Slaver","floor":1,"turns":6},{"damage":4,"enemies":"Jaw Worm","floor":2,"turns":5},{"damage":5,"enemies":"Cultist","floor":3,"turns":3},{"damage":9,"enemies":"Red Slaver","floor":4,"turns":5},{"damage":24,"enemies":"Lagavulin","floor":7,"turns":6},{"damage":24,"enemies":"Exordium Thugs","floor":8,"turns":3},{"damage":0,"enemies":"2 Fungi Beasts","floor":12,"turns":3},{"damage":0,"enemies":"Looter","floor":14,"turns":2},{"damage":4,"enemies":"Hexaghost","floor":16,"turns":7},{"damage":2,"enemies":"2 Thieves","floor":18,"turns":3},{"damage":12,"enemies":"Chosen","floor":19,"turns":4},{"damage":4,"enemies":"3 Cultists","floor":21,"turns":5},{"damage":16,"enemies":"Slavers","floor":24,"turns":5},{"damage":4,"enemies":"Sentry and Sphere","floor":25,"turns":5},{"damage":3,"enemies":"Book of Stabbing","floor":29,"turns":4},{"damage":4,"enemies":"Collector","floor":33,"turns":5},{"damage":12,"enemies":"3 Darklings","floor":35,"turns":3},{"damage":16,"enemies":"3 Shapes","floor":36,"turns":3},{"damage":2,"enemies":"Sphere and 2 Shapes","floor":37,"turns":3},{"damage":5,"enemies":"Mysterious Sphere","floor":38,"turns":3},{"damage":21,"enemies":"2 Orb Walkers","floor":40,"turns":3},{"damage":3,"enemies":"Nemesis","floor":42,"turns":4},{"damage":2,"enemies":"2 Orb Walkers","floor":44,"turns":3},{"damage":1,"enemies":"4 Shapes","floor":45,"turns":2},{"damage":2,"enemies":"Giant Head","floor":47,"turns":3},{"damage":2,"enemies":"Maw","floor":48,"turns":3},{"damage":15,"enemies":"Awakened One","floor":50,"turns":6}],"event_choices":[{"event_name":"Living Wall","player_choice":"Forget","floor":11,"damage_taken":0},{"event_name":"Drug Dealer","player_choice":"Ignored","floor":20,"damage_taken":0},{"event_name":"Back to Basics","player_choice":"Elegance","floor":27,"damage_taken":0},{"event_name":"Mysterious Sphere","player_choice":"Fight","floor":38,"damage_taken":0}],"boss_relics":[{"not_picked":["White Beast Statue","Orrery"],"picked":"Runic Cube"},{"not_picked":["Velvet Choker","Runic Dome"],"picked":"Sozu"}],"potions_floor_spawned":[1,8,14,19,21,29,33,35,38,42,44,48],"seed_played":"3295178914860639080","ascension_level":4,"is_trial":false}