{"gold_per_floor":[117,133,133,151,166,193,193,224,224,242,253,265,265,298,298,422,422,422,347,16,0,0,0,0,0,0,0,0,0,0,0,0,0,0,0,0,0,0,0,0,0,0,0,0],"floor_reached":44,"playtime":3219,"items_purged":[],"score":554,"play_id":"8ffd4f27-946b-4613-989d-63efeb8b6b14","local_time":"20181004163459","is_ascension_mode":false,"campfire_choices":[{"floor":7.0,"key":"REST"},{"data":"Uppercut","floor":15.0,"key":"SMITH"},{"data":"Juggernaut","floor":24.0,"key":"SMITH"},{"data":"Metallicize","floor":27.0,"key":"SMITH"},{"data":"Flame Barrier","floor":32.0,"key":"SMITH"}],"neow_cost":"","seed_source_timestamp":0,"circlet_count":0,"master_deck":["Strike_R","Strike_R","Strike_R+1","Strike_R+1","Strike_R","Defend_R","Defend_R","Defend_R","Defend_R","Bash","Bloodletting","Flex","Metallicize+1","Disarm","Uppercut+1","Battle Trance","Infernal Blade","True Grit","Shrug It Off","Thunderclap","Juggernaut+1","Shrug It Off+1","Inflame","Flame Barrier+1","Pommel Strike+1","Combust","Shrug It Off","Inflame+1","Pommel Strike+1","Barricade","Clothesline+1","Madness","Madness","Sword Boomerang+1","Twin Strike+1","Perfected Strike+1","Warcry","Iron Wave+1"],"special_seed":0,"relics":["Burning Blood","Letter Opener","Red Skull","PreservedInsect","Golden Idol","Bottled Flame","Ectoplasm","Molten Egg 2","Whetstone","Anchor","Juzu Bracelet","Black Star","Lantern","Dream Catcher","Matryoshka"],"potions_floor_usage":[42,44],"damage_taken":[{"damage":5.0,"enemies":"Small Slimes","floor":1.0,"turns":4.0},{"damage":4.0,"enemies":"Cultist","floor":2.0,"turns":3.0},{"damage":1.0,"enemies":"2 Louse","floor":4.0,"turns":2.0},{"damage":15.0,"enemies":"Gremlin Gang","floor":5.0,"turns":5.0},{"damage":52.0,"enemies":"3 Sentries","floor":6.0,"turns":13.0},{"damage":12.0,"enemies":"Gremlin Nob","floor":8.0,"turns":3.0},{"damage":4.0,"enemies":"Exordium Wildlife","floor":10.0,"turns":3.0},{"damage":3.0,"enemies":"Looter","floor":11.0,"turns":2.0},{"damage":16.0,"enemies":"Red Slaver","floor":12.0,"turns":2.0},{"damage":3.0,"enemies":"Lagavulin","floor":14.0,"turns":3.0},{"damage":14.0,"enemies":"The Guardian","floor":16.0,"turns":9.0},{"damage":8.0,"enemies":"3 Byrds","floor":18.0,"turns":5.0},{"damage":14.0,"enemies":"2 Thieves","floor":19.0,"turns":4.0},{"damage":6.0,"enemies":"Snecko","floor":22.0,"turns":6.0},{"damage":25.0,"enemies":"Slavers","floor":23.0,"turns":4.0},{"damage":33.0,"enemies":"Cultist and Chosen","floor":25.0,"turns":5.0},{"damage":9.0,"enemies":"Shelled Parasite and Fungi","floor":29.0,"turns":6.0},{"damage":10.0,"enemies":"Gremlin Leader","floor":30.0,"turns":4.0},{"damage":10.0,"enemies":"Champ","floor":33.0,"turns":10.0},{"damage":3.0,"enemies":"3 Shapes","floor":35.0,"turns":5.0},{"damage":9.0,"enemies":"Orb Walker","floor":37.0,"turns":4.0},{"damage":17.0,"enemies":"Spire Growth","floor":38.0,"turns":5.0},{"damage":41.0,"enemies":"Sphere and 2 Shapes","floor":40.0,"turns":6.0},{"damage":10.0,"enemies":"4 Shapes","floor":41.0,"turns":7.0},{"damage":28,"enemies":"Giant Head","floor":42,"turns":7},{"damage":15,"enemies":"Nemesis","floor":44,"turns":5}],"seed_played":"-7446746037063577712","potions_obtained":[{"floor":2.0,"key":"Energy Potion"},{"floor":6.0,"key":"Strength Potion"},{"floor":8.0,"key":"SkillPotion"},{"floor":12.0,"key":"Fire Potion"},{"floor":14.0,"key":"LiquidBronze"},{"floor":22.0,"key":"GamblersBrew"},{"floor":23.0,"key":"Block Potion"},{"floor":30.0,"key":"Strength Potion"},{"floor":41.0,"key":"Regen Potion"},{"floor":42,"key":"Block Potion"}],"is_trial":false,"path_per_floor":["M","M","?","M","M","E","R","E","T","M","M","M","?","E","R","B",null,"M","M","$","?","M","E","R","M","T","R","?","M","E","$","R","B",null,"M","?","M","M","$","M","M","E","T"],"character_chosen":"IRONCLAD","items_purchased":["Molten Egg 2","Flame Barrier"],"campfire_rested":1,"item_purchase_floors":[20,20],"current_hp_per_floor":[80,80,80,80,71,25,49,43,43,45,51,41,21,24,24,16,83,81,73,73,73,73,54,54,47,47,47,47,44,40,40,40,51,83,83,73,70,59,59,24,20,13,13,0],"gold":0,"neow_bonus":"","is_prod":false,"is_daily":false,"chose_seed":false,"campfire_upgraded":4,"win_rate":0.0,"timestamp":1538696099,"path_taken":["M","M","?","M","?","E","R","E","T","M","M","M","?","E","R","BOSS","M","M","$","?","?","E","R","M","T","R","?","?","E","?","R","BOSS","M","?","M","M","$","M","M","E","T","E"],"build_version":"2018-09-06","purchased_purges":0,"victory":false,"max_hp_per_floor":[80,80,80,80,80,80,80,80,80,80,83,83,83,83,83,83,83,83,83,83,83,83,83,83,83,83,83,83,83,83,83,83,83,83,83,83,83,83,83,83,83,83,83,83],"card_choices":[{"not_picked":["Iron Wave","Clash"],"picked":"Bloodletting","floor":1.0},{"not_picked":["Rampage","Cleave"],"picked":"Flex","floor":2.0},{"not_picked":["Carnage","Thunderclap"],"picked":"Metallicize","floor":4.0},{"not_picked":["Perfected Strike","Body Slam"],"picked":"Disarm","floor":5.0},{"not_picked":["Dropkick","Combust"],"picked":"Uppercut","floor":6.0},{"not_picked":["Perfected Strike","Bloodletting"],"picked":"Battle Trance","floor":8.0},{"not_picked":["Dual Wield","Anger"],"picked":"Infernal Blade","floor":10.0},{"not_picked":["Perfected Strike","Intimidate"],"picked":"True Grit","floor":11.0},{"not_picked":["Headbutt","True Grit"],"picked":"Shrug It Off","floor":12.0},{"not_picked":["Body Slam","Warcry"],"picked":"Thunderclap","floor":14.0},{"not_picked":["Brutality","Dark Embrace"],"picked":"Juggernaut","floor":16.0},{"not_picked":["Ghostly Armor","Armaments"],"picked":"Shrug It Off+1","floor":18.0},{"not_picked":["Corruption","True Grit"],"picked":"Inflame","floor":19.0},{"not_picked":["Armaments","True Grit"],"picked":"Pommel Strike+1","floor":22.0},{"not_picked":["Shrug It Off","Intimidate"],"picked":"Combust","floor":23.0},{"not_picked":["Battle Trance","Anger+1"],"picked":"Shrug It Off","floor":25.0},{"not_picked":["Berserk","Feel No Pain"],"picked":"Inflame+1","floor":29.0},{"not_picked":["Flex+1","Thunderclap+1"],"picked":"Pommel Strike+1","floor":30.0},{"not_picked":["Feed+1","Double Tap"],"picked":"Barricade","floor":33.0},{"not_picked":["Rage+1","Headbutt+1"],"picked":"Clothesline+1","floor":35.0},{"not_picked":["Pommel Strike+1","Anger+1"],"picked":"Sword Boomerang+1","floor":37.0},{"not_picked":["Thunderclap+1","Disarm"],"picked":"Twin Strike+1","floor":38.0},{"not_picked":["Flex","Clash+1"],"picked":"Perfected Strike+1","floor":40.0},{"not_picked":["Thunderclap+1","Flex"],"picked":"Warcry","floor":41.0},{"not_picked":["Second Wind","Berserk"],"picked":"Iron Wave+1","floor":42}],"player_experience":0,"relics_obtained":[{"floor":6.0,"key":"Letter Opener"},{"floor":8.0,"key":"Red Skull"},{"floor":9.0,"key":"PreservedInsect"},{"floor":14.0,"key":"Bottled Flame"},{"floor":23.0,"key":"Whetstone"},{"floor":26.0,"key":"Anchor"},{"floor":30.0,"key":"Juzu Bracelet"},{"floor":42,"key":"Lantern"},{"floor":42,"key":"Dream Catcher"},{"floor":43,"key":"Matryoshka"}],"event_choices":[{"event_name":"The Cleric","player_choice":"Leave","floor":3.0,"damage_taken":0.0},{"event_name":"Golden Idol","player_choice":"Take Damage","floor":13.0,"damage_taken":0.0},{"event_name":"Masked Bandits","player_choice":"Paid Fearfully","floor":21.0,"damage_taken":0.0},{"event_name":"N\u0027loth","player_choice":"Ignored","floor":28.0,"damage_taken":0.0},{"event_name":"Winding Halls","player_choice":"Embrace Madness","floor":36.0,"damage_taken":0.0}],"is_beta":false,"boss_relics":[{"not_picked":["Runic Pyramid","Snecko Eye"],"picked":"Ectoplasm"},{"not_picked":["Coffee Dripper","Cursed Key"],"picked":"Black Star"}],"items_purged_floors":[],"is_endless":false,"potions_floor_spawned":[2,6,8,12,14,22,23,30,41,42],"killed_by":"Nemesis","ascension_level":0}