{"gold_per_floor":[119,133,147,158,175,175,206,206,206,224,243,243,243,257,257,359,359,374,394,242,260,260,272,295,232,244,273,285,0,20,30,30,127,127,143,160,174,187,205,205],"floor_reached":40,"playtime":2998,"items_purged":[],"score":400,"play_id":"c1022400-63bf-4591-8ff9-527088f34e1b","local_time":"20190807040133","is_ascension_mode":false,"campfire_choices":[{"data":"Armaments","floor":6,"key":"SMITH"},{"data":"Fire Breathing","floor":8,"key":"SMITH"},{"data":"Flex","floor":13,"key":"SMITH"},{"data":"Cleave","floor":15,"key":"SMITH"},{"data":"Rupture","floor":23,"key":"SMITH"},{"data":"Armaments","floor":28,"key":"SMITH"},{"floor":32,"key":"REST"}],"neow_cost":"NONE","seed_source_timestamp":90072416228376,"circlet_count":0,"master_deck":["Strike_R","Strike_R","Strike_R","Strike_R","Strike_R","Defend_R","Defend_R","Defend_R","Defend_R","Bash","Flex+1","Armaments+1","Rampage","Fire Breathing+1","Clash","Iron Wave","Shrug It Off","Cleave+1","Bludgeon","Clash+1","Armaments+1","Rupture+1","Clash","Regret","Disarm+1","Rage","Flex+1","Offering","Anger","Parasite","Shrug It Off","Shrug It Off"],"relics":["Burning Blood","Pocketwatch","Pen Nib","Cursed Key","Vajra","MawBank","Kunai","Pear","Runic Cube"],"potions_floor_usage":[7,7,16,33,33,33,35,38,40],"damage_taken":[{"damage":0,"enemies":"Small Slimes","floor":1,"turns":3},{"damage":5,"enemies":"2 Louse","floor":2,"turns":4},{"damage":15,"enemies":"Jaw Worm","floor":3,"turns":6},{"damage":11,"enemies":"Blue Slaver","floor":4,"turns":5},{"damage":13,"enemies":"2 Fungi Beasts","floor":5,"turns":4},{"damage":8,"enemies":"3 Sentries","floor":7,"turns":7},{"damage":9,"enemies":"Large Slime","floor":10,"turns":6},{"damage":1,"enemies":"3 Louse","floor":11,"turns":3},{"damage":0,"enemies":"2 Fungi Beasts","floor":14,"turns":4},{"damage":59,"enemies":"Hexaghost","floor":16,"turns":12},{"damage":5,"enemies":"Chosen","floor":18,"turns":4},{"damage":6,"enemies":"3 Byrds","floor":19,"turns":6},{"damage":24,"enemies":"Snecko","floor":21,"turns":6},{"damage":18,"enemies":"Centurion and Healer","floor":24,"turns":5},{"damage":6,"enemies":"Cultist and Chosen","floor":27,"turns":4},{"damage":4,"enemies":"Snecko","floor":30,"turns":4},{"damage":0,"enemies":"3 Cultists","floor":31,"turns":3},{"damage":30,"enemies":"Champ","floor":33,"turns":9},{"damage":16,"enemies":"Orb Walker","floor":35,"turns":4},{"damage":24,"enemies":"3 Shapes","floor":36,"turns":4},{"damage":25,"enemies":"Writhing Mass","floor":37,"turns":6},{"damage":25,"enemies":"Jaw Worm Horde","floor":38,"turns":5},{"damage":40,"enemies":"Maw","floor":39,"turns":8},{"damage":15,"enemies":"Transient","floor":40,"turns":3}],"seed_played":"5668048420756233964","potions_obtained":[{"floor":3,"key":"SpeedPotion"},{"floor":5,"key":"Fire Potion"},{"floor":7,"key":"SneckoOil"},{"floor":14,"key":"Swift Potion"},{"floor":18,"key":"Poison Potion"},{"floor":24,"key":"FearPotion"},{"floor":33,"key":"SteroidPotion"},{"floor":35,"key":"BloodPotion"},{"floor":38,"key":"Explosive Potion"}],"is_trial":false,"path_per_floor":["M","M","M","M","M","R","E","R","T","M","M","$","R","M","R","B",null,"M","M","$","M","?","R","M","?","T","M","R","$","M","M","R","B",null,"M","M","M","M","M","M"],"character_chosen":"IRONCLAD","items_purchased":["Vajra","Rage","Pear"],"campfire_rested":1,"item_purchase_floors":[20,29,29],"current_hp_per_floor":[80,80,71,66,59,59,57,57,57,54,59,59,59,65,65,12,80,80,80,80,62,62,62,50,50,50,50,50,60,62,68,90,66,90,80,62,43,46,12,0],"gold":205,"neow_bonus":"THREE_CARDS","is_prod":false,"is_daily":false,"chose_seed":false,"campfire_upgraded":6,"win_rate":0.0,"timestamp":1565175693,"path_taken":["M","M","M","M","M","R","E","R","T","M","M","$","R","M","R","BOSS","M","M","$","M","?","R","M","?","T","M","R","$","M","M","R","BOSS","M","M","M","M","M","M"],"build_version":"2019-07-17","purchased_purges":0,"victory":false,"max_hp_per_floor":[80,80,80,80,80,80,80,80,80,80,80,80,80,80,80,80,80,80,80,80,80,80,80,80,80,80,80,80,90,90,90,90,90,90,90,90,90,90,90,90],"card_choices":[{"not_picked":["Pommel Strike","Battle Trance"],"picked":"Flex","floor":1},{"not_picked":["Bloodletting","Dropkick"],"picked":"Armaments","floor":2},{"not_picked":["Twin Strike","Body Slam","Pommel Strike"],"picked":"SKIP","floor":3},{"not_picked":["Dropkick","Uppercut"],"picked":"Rampage","floor":4},{"not_picked":["Burning Pact","Shrug It Off"],"picked":"Fire Breathing","floor":5},{"not_picked":["Warcry","Body Slam"],"picked":"Clash","floor":7},{"not_picked":["Sever Soul","Berserk"],"picked":"Iron Wave","floor":10},{"not_picked":["Perfected Strike","Sword Boomerang"],"picked":"Shrug It Off","floor":11},{"not_picked":["Flame Barrier","Sword Boomerang"],"picked":"Cleave","floor":14},{"not_picked":["Reaper","Juggernaut"],"picked":"Bludgeon","floor":16},{"not_picked":["Perfected Strike","Hemokinesis"],"picked":"Clash+1","floor":18},{"not_picked":["Second Wind","Whirlwind"],"picked":"Armaments","floor":19},{"not_picked":["Cleave","Clothesline+1"],"picked":"Rupture","floor":21},{"not_picked":["Disarm","Pummel"],"picked":"Clash","floor":24},{"not_picked":["Body Slam","Heavy Blade"],"picked":"Disarm+1","floor":27},{"not_picked":["Bloodletting+1","Uppercut","Armaments"],"picked":"SKIP","floor":30},{"not_picked":["Reckless Charge","Rage"],"picked":"Flex+1","floor":31},{"not_picked":["Feed","Dark Embrace"],"picked":"Offering","floor":33},{"not_picked":["True Grit","Perfected Strike","Sword Boomerang"],"picked":"SKIP","floor":35},{"not_picked":["Pommel Strike+1","Sword Boomerang+1"],"picked":"Anger","floor":36},{"not_picked":["Flex","True Grit+1"],"picked":"Shrug It Off","floor":37},{"not_picked":["Berserk","True Grit+1"],"picked":"Shrug It Off","floor":38},{"not_picked":["Clothesline","Body Slam","Pommel Strike+1"],"picked":"SKIP","floor":39}],"player_experience":25001,"relics_obtained":[{"floor":7,"key":"Pocketwatch"},{"floor":9,"key":"Pen Nib"},{"floor":26,"key":"Kunai"}],"event_choices":[{"damage_healed":0,"gold_gain":0,"player_choice":"Stole Relic","damage_taken":0,"relics_obtained":["MawBank"],"max_hp_gain":0,"max_hp_loss":0,"event_name":"Addict","floor":22,"gold_loss":0,"cards_obtained":["Shame"]},{"cards_removed":["Shame"],"damage_healed":0,"gold_gain":0,"player_choice":"Gave Gold","damage_taken":0,"max_hp_gain":0,"max_hp_loss":0,"event_name":"Beggar","floor":25,"gold_loss":75}],"is_beta":false,"boss_relics":[{"not_picked":["Busted Crown","Tiny House"],"picked":"Cursed Key"},{"not_picked":["Sozu","Runic Pyramid"],"picked":"Runic Cube"}],"items_purged_floors":[],"is_endless":false,"potions_floor_spawned":[3,5,7,14,18,24,31,33,35,38],"killed_by":"Transient","ascension_level":0}