{"gold_per_floor":[117,117,117,141,130,130,142,142,142,160,335,335,358,378,378,482,482,496,421,336,336,286,286,218,229,229,241,310,310,321,421,421,421],"floor_reached":33,"playtime":2237,"items_purged":["Doubt"],"score":258,"play_id":"cd803963-be32-4eee-b12c-d720ca56b13e","local_time":"20190806065650","is_ascension_mode":false,"campfire_choices":[{"data":"Armaments","floor":6,"key":"SMITH"},{"data":"Anger","floor":12,"key":"SMITH"},{"floor":15,"key":"REST"},{"data":"Brutality","floor":23,"key":"SMITH"},{"data":"Metallicize","floor":29,"key":"SMITH"},{"floor":32,"key":"REST"}],"neow_cost":"NONE","seed_source_timestamp":14948867955097,"circlet_count":0,"master_deck":["Strike_R","Strike_R","Strike_R","Strike_R","Strike_R","Defend_R","Defend_R","Defend_R","Bash","Twin Strike","Armaments+1","Thunderclap","Anger+1","Brutality+1","Clash","Metallicize+1","Shrug It Off","Demon Form","Cleave","Reaper","Armaments+1","Rage+1","Flame Barrier+1","Disarm+1"],"relics":["Black Blood","MawBank","FossilizedHelix","Odd Mushroom","Anchor","Pear","Bottled Tornado","Charon\u0027s Ashes","Meat on the Bone"],"potions_floor_usage":[27,33],"damage_taken":[{"damage":5,"enemies":"Cultist","floor":1,"turns":4},{"damage":0,"enemies":"2 Louse","floor":4,"turns":3},{"damage":5,"enemies":"Small Slimes","floor":7,"turns":4},{"damage":13,"enemies":"Exordium Thugs","floor":10,"turns":5},{"damage":28,"enemies":"The Mushroom Lair","floor":13,"turns":5},{"damage":2,"enemies":"2 Fungi Beasts","floor":14,"turns":3},{"damage":10,"enemies":"Slime Boss","floor":16,"turns":12},{"damage":18,"enemies":"Shell Parasite","floor":18,"turns":7},{"damage":0,"enemies":"Chosen","floor":25,"turns":4},{"damage":15,"enemies":"Snecko","floor":27,"turns":4},{"damage":26,"enemies":"Snake Plant","floor":30,"turns":9},{"damage":5,"enemies":"Colosseum Slavers","floor":31,"turns":6},{"damage":89,"enemies":"Colosseum Nobs","floor":31,"turns":8},{"damage":46,"enemies":"Automaton","floor":33,"turns":6}],"seed_played":"-3139491950365567950","potions_obtained":[{"floor":4,"key":"EssenceOfSteel"},{"floor":10,"key":"AttackPotion"},{"floor":13,"key":"Strength Potion"},{"floor":25,"key":"Block Potion"},{"floor":27,"key":"Poison Potion"}],"is_trial":false,"path_per_floor":["M","?","?","M","$","R","M","?","T","M","?","R","?","M","R","B",null,"M","$","?","?","?","R","$","M","T","M","T","R","M","?","R","B"],"character_chosen":"IRONCLAD","items_purchased":["Thunderclap","Reaper"],"campfire_rested":2,"item_purchase_floors":[5,24],"current_hp_per_floor":[88,88,76,82,82,82,83,83,83,76,76,76,54,58,84,80,88,80,80,80,80,80,80,80,88,98,93,93,93,77,11,40,0],"gold":421,"neow_bonus":"TEN_PERCENT_HP_BONUS","is_prod":false,"is_daily":false,"chose_seed":false,"campfire_upgraded":4,"win_rate":0.0,"timestamp":1565099810,"path_taken":["M","?","?","M","$","R","M","?","T","?","?","R","?","M","R","BOSS","M","$","?","?","?","R","$","?","T","?","?","R","M","?","R","BOSS"],"build_version":"2019-07-17","purchased_purges":1,"victory":false,"max_hp_per_floor":[88,88,88,88,88,88,88,88,88,88,88,88,88,88,88,88,88,88,88,88,88,88,88,88,88,98,98,98,98,98,98,98,98],"card_choices":[{"not_picked":["Body Slam","Sword Boomerang"],"picked":"Twin Strike","floor":1},{"not_picked":["Bloodletting","Battle Trance"],"picked":"Armaments","floor":4},{"not_picked":["Clothesline","Corruption"],"picked":"Anger","floor":7},{"not_picked":["Flex","Warcry"],"picked":"Clash","floor":10},{"not_picked":["Body Slam","Pummel"],"picked":"Metallicize","floor":13},{"not_picked":["Thunderclap","Offering"],"picked":"Shrug It Off","floor":14},{"not_picked":["Impervious","Reaper"],"picked":"Demon Form","floor":16},{"not_picked":["Uppercut","Sword Boomerang"],"picked":"Cleave","floor":18},{"not_picked":["Body Slam","Flex"],"picked":"Armaments+1","floor":25},{"not_picked":["Ghostly Armor+1","Perfected Strike"],"picked":"Rage+1","floor":27},{"not_picked":["Body Slam","Flex"],"picked":"Flame Barrier+1","floor":30},{"not_picked":["Body Slam","Double Tap"],"picked":"Disarm+1","floor":31}],"player_experience":8078,"relics_obtained":[{"floor":9,"key":"FossilizedHelix"},{"floor":13,"key":"Odd Mushroom"},{"floor":26,"key":"Pear"},{"floor":28,"key":"Bottled Tornado"},{"floor":31,"key":"Charon\u0027s Ashes"},{"floor":31,"key":"Meat on the Bone"}],"event_choices":[{"damage_healed":0,"gold_gain":0,"player_choice":"Leave","damage_taken":0,"max_hp_gain":0,"max_hp_loss":0,"event_name":"The Cleric","floor":2,"gold_loss":0},{"damage_healed":0,"gold_gain":0,"player_choice":"Success","damage_taken":12,"relics_obtained":["MawBank"],"max_hp_gain":0,"max_hp_loss":0,"event_name":"Scrap Ooze","floor":3,"gold_loss":0},{"damage_healed":0,"gold_gain":0,"cards_transformed":["Defend_R"],"player_choice":"Transformed","damage_taken":0,"max_hp_gain":0,"max_hp_loss":0,"event_name":"Transmorgrifier","floor":8,"gold_loss":0,"cards_obtained":["Brutality"]},{"damage_healed":0,"gold_gain":175,"player_choice":"AGREE","damage_taken":0,"max_hp_gain":0,"max_hp_loss":0,"event_name":"Liars Game","floor":11,"gold_loss":0,"cards_obtained":["Doubt"]},{"damage_healed":0,"gold_gain":0,"player_choice":"Fought Mushrooms","damage_taken":0,"max_hp_gain":0,"max_hp_loss":0,"event_name":"Mushrooms","floor":13,"gold_loss":0},{"damage_healed":0,"gold_gain":0,"player_choice":"Obtained Relic","damage_taken":0,"relics_obtained":["Anchor"],"max_hp_gain":0,"max_hp_loss":0,"event_name":"Addict","floor":20,"gold_loss":85},{"damage_healed":0,"gold_gain":0,"player_choice":"Ignored","damage_taken":0,"max_hp_gain":0,"max_hp_loss":0,"event_name":"Beggar","floor":21,"gold_loss":0},{"damage_healed":0,"gold_gain":0,"player_choice":"Bet on Owner","damage_taken":0,"max_hp_gain":0,"max_hp_loss":0,"event_name":"The Joust","floor":22,"gold_loss":50},{"damage_healed":0,"gold_gain":0,"player_choice":"Fight","damage_taken":0,"max_hp_gain":0,"max_hp_loss":0,"event_name":"Colosseum","floor":31,"gold_loss":0},{"damage_healed":0,"gold_gain":0,"player_choice":"Fought Nobs","damage_taken":0,"max_hp_gain":0,"max_hp_loss":0,"event_name":"Colosseum","floor":31,"gold_loss":0}],"is_beta":false,"boss_relics":[{"not_picked":["Eternal Feather","Runic Dome"],"picked":"Black Blood"}],"items_purged_floors":[19],"is_endless":false,"potions_floor_spawned":[4,10,13,14,25,27,31],"killed_by":"Automaton","ascension_level":0}