{"gold_per_floor":[116,13,31,31,31,75,88,88,158,179,179,179,218,242,242,367,367,388,388,388,388,115,145,0,0,0,12,44,61,74,3,3,98,98,112,112,112,124,171,197,197,197,221,3,18,30,50,65,65,65],"floor_reached":51,"playtime":3015,"items_purged":["Normality"],"score":750,"play_id":"d122644c-5e74-4995-94cf-c46c7dfe4398","local_time":"20180722021708","is_ascension_mode":false,"campfire_choices":[{"data":"Static Discharge","floor":8,"key":"SMITH"},{"data":"Go for the Eyes","floor":12,"key":"SMITH"},{"data":"Loop","floor":15,"key":"SMITH"},{"floor":25,"key":"REST"},{"floor":32,"key":"REST"},{"floor":41,"key":"REST"},{"floor":49,"key":"REST"}],"neow_cost":"NONE","seed_source_timestamp":1651517988899,"circlet_count":0,"master_deck":["Strike_B","Strike_B","Strike_B","Strike_B","Defend_B","Defend_B","Defend_B","Defend_B","Zap","Dualcast","Chaos","Storm+1","Cold Snap","Static Discharge+1","Core Surge","Stack","Go for the Eyes+1","Barrage","Loop+1","Core Surge","Melter","Rip and Tear","Capacitor","Doom and Gloom","FTL","Auto Shields","Aggregate","Writhe","Stack+1","Go for the Eyes+1","Ball Lightning+1","Self Repair","Biased Cognition","Conserve Battery+1","Cold Snap+1","Undo+1","Madness","Madness","Hologram+1","Storm","Sweeping Beam+1"],"relics":["Cracked Core","NeowsBlessing","Bloody Idol","Lantern","Pantograph","Anchor","Cursed Key","Nilry\u0027s Codex","Ancient Tea Set","Singing Bowl","Bronze Scales","Busted Crown","Peace Pipe","Thread and Needle","Ginger","Orichalcum","Bag of Marbles"],"potions_floor_usage":[16,33,50,50],"damage_taken":[{"damage":0,"enemies":"2 Louse","floor":1,"turns":1},{"damage":0,"enemies":"Jaw Worm","floor":3,"turns":1},{"damage":0,"enemies":"Lagavulin","floor":6,"turns":1},{"damage":0,"enemies":"Small Slimes","floor":7,"turns":2},{"damage":2,"enemies":"3 Louse","floor":10,"turns":2},{"damage":21,"enemies":"Gremlin Nob","floor":13,"turns":4},{"damage":0,"enemies":"Red Slaver","floor":14,"turns":2},{"damage":34,"enemies":"The Guardian","floor":16,"turns":9},{"damage":0,"enemies":"Chosen","floor":18,"turns":4},{"damage":47,"enemies":"Slavers","floor":23,"turns":4},{"damage":4,"enemies":"Shell Parasite","floor":27,"turns":3},{"damage":18,"enemies":"Book of Stabbing","floor":28,"turns":4},{"damage":3,"enemies":"Snake Plant","floor":29,"turns":3},{"damage":23,"enemies":"Snecko","floor":30,"turns":4},{"damage":31,"enemies":"Champ","floor":33,"turns":9},{"damage":29,"enemies":"3 Shapes","floor":35,"turns":5},{"damage":0,"floor":36,"turns":5},{"damage":0,"enemies":"Orb Walker","floor":38,"turns":2},{"damage":32,"floor":39,"turns":4},{"damage":32,"enemies":"Giant Head","floor":40,"turns":7},{"damage":0,"enemies":"Maw","floor":45,"turns":7},{"damage":19,"enemies":"4 Shapes","floor":46,"turns":4},{"damage":2,"enemies":"Sphere and 2 Shapes","floor":47,"turns":4},{"damage":27,"enemies":"Spire Growth","floor":48,"turns":5},{"damage":21,"enemies":"Time Eater","floor":50,"turns":8}],"seed_played":"-1350919330611415772","potions_obtained":[{"floor":3,"key":"Weak Potion"},{"floor":6,"key":"EssenceOfSteel"},{"floor":10,"key":"Regen Potion"},{"floor":11,"key":"FairyPotion"},{"floor":16,"key":"FearPotion"},{"floor":18,"key":"Dexterity Potion"},{"floor":39,"key":"Explosive Potion"},{"floor":45,"key":"PowerPotion"}],"is_trial":false,"path_per_floor":["M","$","M","?","?","E","M","R","T","M","?","R","E","M","R","B",null,"M","?","?","?","$","E","?","R","T","M","E","M","M","$","R","B",null,"M","?","?","M","?","E","R","?","T","$","M","M","M","M","R","B"],"character_chosen":"DEFECT","items_purchased":["Storm","Cold Snap","Capacitor","Doom and Gloom","FTL","Auto Shields","Self Repair","Bag of Marbles"],"campfire_rested":4,"item_purchase_floors":[2,2,22,22,22,22,31,44],"current_hp_per_floor":[75,75,75,75,57,57,57,57,57,55,55,55,34,34,34,25,75,75,59,59,59,59,17,17,39,39,40,27,31,13,13,36,42,77,62,81,81,81,61,41,65,55,60,60,65,51,54,34,58,76],"gold":65,"neow_bonus":"THREE_ENEMY_KILL","is_prod":false,"is_daily":false,"chose_seed":false,"campfire_upgraded":3,"win_rate":0,"timestamp":1532251028,"path_taken":["M","$","M","?","?","E","M","R","T","?","?","R","E","M","R","BOSS","M","?","?","?","$","E","?","R","T","M","E","M","M","?","R","BOSS","M","?","?","M","?","E","R","?","T","$","M","M","M","M","R","BOSS"],"build_version":"2018-07-19v2","purchased_purges":1,"victory":true,"max_hp_per_floor":[75,75,75,75,75,75,75,75,75,75,75,75,75,75,75,75,75,75,75,75,75,75,75,75,75,75,75,75,77,77,77,77,77,77,79,81,81,81,81,81,81,81,81,81,81,81,81,83,83,83],"card_choices":[{"not_picked":["Turbo","Gash"],"picked":"Chaos","floor":1},{"not_picked":["Defragment","Steam"],"picked":"Static Discharge","floor":3},{"not_picked":["Hologram","Sweeping Beam"],"picked":"Core Surge","floor":6},{"not_picked":["Genetic Algorithm","Compile Driver"],"picked":"Stack","floor":7},{"not_picked":["Rip and Tear","Recycle"],"picked":"Go for the Eyes","floor":10},{"not_picked":["Compile Driver","Sweeping Beam"],"picked":"Barrage","floor":13},{"not_picked":["Streamline","Compile Driver"],"picked":"Loop","floor":14},{"not_picked":["Hyperbeam","Fission"],"picked":"Core Surge","floor":16},{"not_picked":["Gash+1","Genetic Algorithm"],"picked":"Melter","floor":18},{"not_picked":["Undo","Darkness"],"picked":"Aggregate","floor":23},{"not_picked":["Sweeping Beam+1","Ball Lightning+1"],"picked":"Stack+1","floor":27},{"not_picked":["Rebound","Hello World"],"picked":"Go for the Eyes+1","floor":28},{"not_picked":["Stack","Hologram","Core Surge"],"picked":"Singing Bowl","floor":29},{"not_picked":["Lockon","Consume"],"picked":"Ball Lightning+1","floor":30},{"not_picked":["Reboot","Hyperbeam"],"picked":"Biased Cognition","floor":33},{"not_picked":["Gash+1"],"picked":"Singing Bowl","floor":35},{"not_picked":["Stack"],"picked":"Singing Bowl","floor":36},{"not_picked":[],"picked":"Conserve Battery+1","floor":38},{"not_picked":[],"picked":"Cold Snap+1","floor":39},{"not_picked":[],"picked":"Undo+1","floor":40},{"not_picked":[],"picked":"Hologram+1","floor":45},{"not_picked":[],"picked":"Storm","floor":46},{"not_picked":[],"picked":"Sweeping Beam+1","floor":47},{"not_picked":["Redo+1"],"picked":"Singing Bowl","floor":48}],"player_experience":554481,"relics_obtained":[{"floor":6,"key":"Lantern"},{"floor":9,"key":"Pantograph"},{"floor":13,"key":"Anchor"},{"floor":19,"key":"Nilry\u0027s Codex"},{"floor":23,"key":"Ancient Tea Set"},{"floor":26,"key":"Singing Bowl"},{"floor":28,"key":"Bronze Scales"},{"floor":36,"key":"Peace Pipe"},{"floor":39,"key":"Thread and Needle"},{"floor":40,"key":"Ginger"},{"floor":43,"key":"Orichalcum"}],"event_choices":[{"event_name":"Living Wall","player_choice":"Grow","floor":4,"damage_taken":0},{"event_name":"Golden Idol","player_choice":"Take Damage","floor":5,"damage_taken":0},{"event_name":"The Lab","player_choice":"Got Potions","floor":11,"damage_taken":0},{"event_name":"Cursed Tome","player_choice":"Obtained Book","floor":19,"damage_taken":0},{"event_name":"Match and Keep!","player_choice":"1 cards matched","floor":20,"damage_taken":0},{"event_name":"Forgotten Altar","player_choice":"Gave Idol","floor":21,"damage_taken":0},{"event_name":"Masked Bandits","player_choice":"Paid Bandits 145 gold","floor":24,"damage_taken":0},{"event_name":"MindBloom","player_choice":"Fight","floor":36,"damage_taken":0},{"event_name":"Tomb of Lord Red Mask","player_choice":"Ignored","floor":37,"damage_taken":0},{"event_name":"Mysterious Sphere","player_choice":"Fight","floor":39,"damage_taken":0},{"event_name":"Winding Halls","player_choice":"Embrace Madness","floor":42,"damage_taken":0}],"is_beta":false,"boss_relics":[{"not_picked":["Velvet Choker","Philosopher\u0027s Stone"],"picked":"Cursed Key"},{"not_picked":["Orrery","Nuclear Battery"],"picked":"Busted Crown"}],"items_purged_floors":[44],"is_endless":false,"potions_floor_spawned":[3,6,10,14,16,18,23,29,39,40,45,46],"ascension_level":0}