{"gold_per_floor":[217,217,24,24,24,55,71,71,71,95,118,142,167,23,23,112,112,130,130,40],"floor_reached":20,"playtime":1133,"items_purged":[],"score":296,"play_id":"72825c05-d56c-47d5-9729-3c1d119431d6","local_time":"20190818131235","is_ascension_mode":true,"campfire_choices":[{"floor":8.0,"key":"REST"},{"floor":15.0,"key":"REST"}],"neow_cost":"NONE","seed_source_timestamp":0,"circlet_count":0,"master_deck":["AscendersBane","Strike_B","Strike_B","Strike_B","Strike_B","Defend_B","Defend_B","Defend_B","Defend_B","Zap","Dualcast","White Noise","Injury","Beam Cell","Leap","Leap","Chaos","Defragment","Thunder Strike","Defragment","Creative AI","White Noise"],"special_seed":0,"relics":["Cracked Core","Golden Idol","PreservedInsect","Lantern","Darkstone Periapt","Strawberry","Cursed Key"],"potions_floor_usage":[20],"damage_taken":[{"damage":0.0,"enemies":"2 Louse","floor":1.0,"turns":2.0},{"damage":36.0,"enemies":"Gremlin Nob","floor":6.0,"turns":4.0},{"damage":7.0,"enemies":"Jaw Worm","floor":7.0,"turns":4.0},{"damage":1.0,"enemies":"Cultist","floor":10.0,"turns":4.0},{"damage":15.0,"enemies":"3 Louse","floor":11.0,"turns":4.0},{"damage":0.0,"enemies":"Red Slaver","floor":12.0,"turns":4.0},{"damage":25.0,"enemies":"Exordium Thugs","floor":13.0,"turns":5.0},{"damage":33.0,"enemies":"The Guardian","floor":16.0,"turns":11.0},{"damage":43,"enemies":"Shell Parasite","floor":18,"turns":6},{"damage":52,"enemies":"2 Thieves","floor":20,"turns":3}],"seed_played":"-6611771110808944490","potions_obtained":[{"floor":1.0,"key":"Strength Potion"},{"floor":11.0,"key":"Weak Potion"},{"floor":16.0,"key":"Strength Potion"},{"floor":18,"key":"FocusPotion"},{"floor":19,"key":"FairyPotion"}],"is_trial":false,"path_per_floor":["M","?","$","?","$","E","M","R","T","M","M","M","M","$","R","B",null,"M","?","M"],"character_chosen":"DEFECT","items_purchased":["PreservedInsect","Beam Cell","Strawberry"],"campfire_rested":2,"item_purchase_floors":[3,3,14],"current_hp_per_floor":[64,64,64,69,69,33,26,48,48,47,32,32,7,14,38,5,64,21,21,0],"gold":40,"neow_bonus":"HUNDRED_GOLD","is_prod":false,"is_daily":false,"chose_seed":false,"campfire_upgraded":0,"win_rate":0,"timestamp":1566159155,"path_taken":["M","?","$","?","?","E","M","R","T","M","?","M","M","$","R","BOSS","M","?","M"],"build_version":"2019-07-17","purchased_purges":0,"victory":false,"max_hp_per_floor":[71,71,71,76,76,76,76,76,76,76,76,76,76,83,83,83,83,83,83,83],"card_choices":[{"not_picked":["Steam Power","Coolheaded"],"picked":"White Noise","floor":1.0},{"not_picked":["Beam Cell","Turbo"],"picked":"Leap","floor":6.0},{"not_picked":["Double Energy","Redo"],"picked":"Leap","floor":7.0},{"not_picked":["Rebound","Consume"],"picked":"Chaos","floor":10.0},{"not_picked":["Redo","Turbo"],"picked":"Defragment","floor":11.0},{"not_picked":["Gash","Rip and Tear"],"picked":"Thunder Strike","floor":12.0},{"not_picked":["Barrage","Leap"],"picked":"Defragment","floor":13.0},{"not_picked":["Buffer","Reboot"],"picked":"Creative AI","floor":16.0},{"not_picked":["Capacitor","Coolheaded"],"picked":"White Noise","floor":18}],"player_experience":674541,"relics_obtained":[{"floor":6.0,"key":"Lantern"},{"floor":9.0,"key":"Darkstone Periapt"}],"event_choices":[{"damage_healed":0.0,"max_hp_gain":0.0,"max_hp_loss":0.0,"gold_gain":0.0,"event_name":"Golden Idol","player_choice":"Take Wound","floor":2.0,"gold_loss":0.0,"damage_taken":0.0,"relics_obtained":["Golden Idol"],"cards_obtained":["Injury"]},{"damage_healed":0.0,"max_hp_gain":5.0,"max_hp_loss":0.0,"gold_gain":0.0,"event_name":"Big Fish","player_choice":"Donut","floor":4.0,"gold_loss":0.0,"damage_taken":0.0},{"damage_healed":0,"gold_gain":0,"player_choice":"Got Potions","damage_taken":0,"max_hp_gain":0,"max_hp_loss":0,"event_name":"Lab","floor":19,"gold_loss":0}],"is_beta":false,"boss_relics":[{"not_picked":["Ectoplasm","Calling Bell"],"picked":"Cursed Key"}],"items_purged_floors":[],"is_endless":false,"potions_floor_spawned":[1,11,16,18],"killed_by":"2 Thieves","ascension_level":14}