{"gold_per_floor":[114,114,15,30,30,30,63,92,115,155,155,171,77,77,77,198,198,223,237,237,237,251,251,292,23,50,90,90,103,18,34,34,154,154,170,1,1,334,334,365,365,365,365,0,0,0,13,42,42,42],"floor_reached":50,"playtime":5020,"items_purged":["Defend_R+1"],"score":781,"play_id":"4207b6ee-6f55-4ccd-a882-c574ae2709db","local_time":"20190814215201","is_ascension_mode":true,"campfire_choices":[{"data":"Bash","floor":6,"key":"SMITH"},{"floor":11,"key":"REST"},{"data":"Trip","floor":15,"key":"SMITH"},{"data":"Flex","floor":23,"key":"SMITH"},{"data":"Clothesline","floor":28,"key":"SMITH"},{"data":"Flex","floor":32,"key":"SMITH"},{"floor":41,"key":"REST"},{"floor":46,"key":"REST"},{"floor":49,"key":"REST"}],"neow_cost":"NONE","seed_source_timestamp":215320325600,"circlet_count":0,"master_deck":["Strike_R+1","Strike_R+1","Strike_R+1","Defend_R+1","Defend_R+1","Bash+1","Flex+1","Pummel","Cleave","Bloodletting","Disarm","Flex+1","Shrug It Off+1","Shrug It Off","Trip+1","Immolate","Burning Pact","Flame Barrier+1","Twin Strike","Fiend Fire","Battle Trance","Clothesline+1","Metallicize+1","Wild Strike","Berserk","Whirlwind+1","Sentinel+1","Wild Strike+1","Thunderclap+1","Heavy Blade","Metallicize","Twin Strike","Dual Wield+1","Purity","Flex","Secret Technique","Rage+1","Ghostly Armor+1","Entrench+1","Shrug It Off+1"],"relics":["Burning Blood","NeowsBlessing","Orichalcum","Odd Mushroom","Vajra","Dream Catcher","Runic Dome","Darkstone Periapt","Centennial Puzzle","Red Skull","Strawberry","Shuriken","Art of War","Astrolabe","Bronze Scales","Letter Opener","War Paint","Torii"],"potions_floor_usage":[10,24,27,27,33,47,50,50],"damage_taken":[{"damage":0,"enemies":"Jaw Worm","floor":1,"turns":1},{"damage":0,"enemies":"2 Louse","floor":4,"turns":1},{"damage":0,"enemies":"3 Sentries","floor":7,"turns":2},{"damage":22,"enemies":"The Mushroom Lair","floor":8,"turns":3},{"damage":21,"enemies":"Lagavulin","floor":10,"turns":6},{"damage":0,"enemies":"Small Slimes","floor":12,"turns":2},{"damage":20,"enemies":"Hexaghost","floor":16,"turns":10},{"damage":6,"enemies":"Chosen","floor":18,"turns":4},{"damage":6,"enemies":"3 Byrds","floor":19,"turns":3},{"damage":15,"enemies":"Sentry and Sphere","floor":22,"turns":4},{"damage":5,"enemies":"Slavers","floor":24,"turns":5},{"damage":16,"enemies":"Book of Stabbing","floor":27,"turns":4},{"damage":4,"enemies":"Shelled Parasite and Fungi","floor":29,"turns":4},{"damage":0,"enemies":"3 Cultists","floor":31,"turns":3},{"damage":62,"enemies":"Automaton","floor":33,"turns":8},{"damage":12,"enemies":"3 Shapes","floor":35,"turns":2},{"damage":56,"enemies":"Nemesis","floor":40,"turns":7},{"damage":5,"enemies":"3 Darklings","floor":47,"turns":6},{"damage":58,"enemies":"Giant Head","floor":48,"turns":8},{"damage":54,"enemies":"Time Eater","floor":50,"turns":11}],"seed_played":"4956516037569198643","potions_obtained":[{"floor":4,"key":"SpeedPotion"},{"floor":8,"key":"EssenceOfSteel"},{"floor":12,"key":"FairyPotion"},{"floor":16,"key":"SkillPotion"},{"floor":19,"key":"Block Potion"},{"floor":22,"key":"Fire Potion"},{"floor":27,"key":"Dexterity Potion"},{"floor":31,"key":"Regen Potion"},{"floor":35,"key":"SpeedPotion"},{"floor":48,"key":"Explosive Potion"}],"is_trial":false,"path_per_floor":["M","?","$","M","?","R","E","?","T","E","R","M","$","?","R","B",null,"M","M","?","T","M","R","E","$","T","E","R","M","?","M","R","B",null,"M","$","?","?","?","E","R","?","T","$","?","R","M","E","R","B"],"character_chosen":"IRONCLAD","items_purchased":["Anger","Pummel","Trip","Red Skull","Battle Trance","Clothesline","Heavy Blade","Metallicize","Dual Wield","War Paint","Purity","Flex"],"campfire_rested":4,"item_purchase_floors":[3,3,13,25,25,25,36,36,44,44,44,44],"current_hp_per_floor":[80,60,60,66,50,50,56,40,40,25,49,55,55,55,55,41,70,70,70,70,70,61,61,62,62,69,59,59,61,61,67,67,25,72,66,66,66,66,66,16,42,42,42,42,42,68,69,17,43,0],"gold":42,"neow_bonus":"THREE_ENEMY_KILL","is_prod":false,"is_daily":false,"chose_seed":false,"campfire_upgraded":5,"win_rate":0,"timestamp":1565787121,"path_taken":["M","?","$","M","?","R","E","?","T","E","R","M","?","?","R","BOSS","M","M","?","?","M","R","E","?","T","E","R","?","?","M","R","BOSS","M","$","?","?","?","E","R","?","T","$","?","R","?","E","R","BOSS"],"build_version":"2019-07-17","purchased_purges":1,"victory":false,"max_hp_per_floor":[80,80,80,80,80,80,80,80,80,80,80,80,80,80,80,80,80,80,80,80,80,80,80,80,80,87,87,87,87,87,87,87,87,87,87,87,87,87,87,87,87,87,87,87,87,87,87,87,87,87],"card_choices":[{"not_picked":["Thunderclap","Second Wind"],"picked":"Flex","floor":1},{"not_picked":["Metallicize","Thunderclap"],"picked":"Cleave","floor":4},{"not_picked":["Blood for Blood","Cleave"],"picked":"Bloodletting","floor":7},{"not_picked":["Flex","Infernal Blade"],"picked":"Disarm","floor":8},{"not_picked":["Bloodletting","Exhume"],"picked":"Flex","floor":10},{"not_picked":["Carnage","Evolve"],"picked":"Shrug It Off","floor":11},{"not_picked":["Dropkick","Heavy Blade"],"picked":"Shrug It Off","floor":12},{"not_picked":["Dark Embrace","Double Tap"],"picked":"Immolate","floor":16},{"not_picked":["Havoc","Pommel Strike"],"picked":"Burning Pact","floor":18},{"not_picked":["Armaments","Sentinel"],"picked":"Flame Barrier+1","floor":19},{"not_picked":["Metallicize","Fire Breathing+1"],"picked":"Twin Strike","floor":22},{"not_picked":["Shockwave","Iron Wave"],"picked":"Fiend Fire","floor":24},{"not_picked":["Rage+1","Evolve+1"],"picked":"Metallicize+1","floor":27},{"not_picked":["Anger","Armaments+1"],"picked":"Wild Strike","floor":29},{"not_picked":["Havoc","Headbutt"],"picked":"Rage","floor":31},{"not_picked":["Dark Embrace","Immolate"],"picked":"Berserk","floor":33},{"not_picked":["Evolve","Iron Wave+1"],"picked":"Thunderclap+1","floor":35},{"not_picked":["Infernal Blade","Anger+1","Iron Wave"],"picked":"SKIP","floor":40},{"not_picked":["Pommel Strike+1","Warcry"],"picked":"Twin Strike","floor":41},{"not_picked":["The Bomb","PanicButton"],"picked":"Secret Technique","floor":45},{"not_picked":["Thunderclap","Armaments"],"picked":"Rage+1","floor":46},{"not_picked":["Anger","Armaments"],"picked":"Ghostly Armor+1","floor":47},{"not_picked":["Carnage","Body Slam+1"],"picked":"Entrench+1","floor":48},{"not_picked":["Body Slam","Flex"],"picked":"Shrug It Off+1","floor":49}],"player_experience":309704,"relics_obtained":[{"floor":7,"key":"Orichalcum"},{"floor":8,"key":"Odd Mushroom"},{"floor":9,"key":"Vajra"},{"floor":10,"key":"Dream Catcher"},{"floor":21,"key":"Darkstone Periapt"},{"floor":24,"key":"Centennial Puzzle"},{"floor":26,"key":"Strawberry"},{"floor":27,"key":"Shuriken"},{"floor":40,"key":"Bronze Scales"},{"floor":43,"key":"Letter Opener"},{"floor":48,"key":"Torii"}],"event_choices":[{"damage_healed":0,"gold_gain":0,"player_choice":"Take Damage","damage_taken":20,"relics_obtained":["Golden Idol"],"max_hp_gain":0,"max_hp_loss":0,"event_name":"Golden Idol","floor":2,"gold_loss":0},{"damage_healed":0,"gold_gain":0,"player_choice":"Entered Light","damage_taken":16,"max_hp_gain":0,"max_hp_loss":0,"event_name":"Shining Light","floor":5,"gold_loss":0,"cards_upgraded":["Defend_R","Strike_R"]},{"damage_healed":0,"gold_gain":0,"player_choice":"Fought Mushrooms","damage_taken":0,"max_hp_gain":0,"max_hp_loss":0,"event_name":"Mushrooms","floor":8,"gold_loss":0},{"cards_removed":["Defend_R"],"damage_healed":0,"gold_gain":0,"player_choice":"Offered Basic","damage_taken":0,"max_hp_gain":0,"max_hp_loss":0,"event_name":"Bonfire Elementals","floor":14,"gold_loss":0},{"damage_healed":0,"gold_gain":0,"player_choice":"Simplicity","damage_taken":0,"max_hp_gain":0,"max_hp_loss":0,"event_name":"Back to Basics","floor":20,"gold_loss":0,"cards_upgraded":["Strike_R","Strike_R","Strike_R","Strike_R","Defend_R","Defend_R"]},{"damage_healed":0,"gold_gain":0,"player_choice":"Obtained Relic","damage_taken":0,"relics_obtained":["Art of War"],"max_hp_gain":0,"max_hp_loss":0,"event_name":"Addict","floor":30,"gold_loss":85},{"cards_removed":["Rage"],"damage_healed":0,"gold_gain":0,"player_choice":"Removed Skill","damage_taken":0,"max_hp_gain":0,"max_hp_loss":0,"event_name":"Falling","floor":37,"gold_loss":0},{"damage_healed":0,"gold_gain":333,"player_choice":"Gave Idol","damage_taken":0,"max_hp_gain":0,"max_hp_loss":0,"event_name":"The Moai Head","floor":38,"relics_lost":["Golden Idol"],"gold_loss":0},{"damage_healed":0,"gold_gain":0,"player_choice":"Ignored","damage_taken":0,"max_hp_gain":0,"max_hp_loss":0,"event_name":"Tomb of Lord Red Mask","floor":39,"gold_loss":0},{"damage_healed":0,"gold_gain":0,"player_choice":"Ignored","damage_taken":0,"max_hp_gain":0,"max_hp_loss":0,"event_name":"Mysterious Sphere","floor":42,"gold_loss":0},{"damage_healed":0,"gold_gain":0,"player_choice":"Memory 1","damage_taken":0,"max_hp_gain":0,"max_hp_loss":0,"event_name":"SensoryStone","floor":45,"gold_loss":0}],"is_beta":false,"boss_relics":[{"not_picked":["Snecko Eye","Lizard Tail"],"picked":"Runic Dome"},{"not_picked":["Cursed Key","Philosopher\u0027s Stone"],"picked":"Astrolabe"}],"items_purged_floors":[36],"is_endless":false,"potions_floor_spawned":[4,8,12,16,19,22,27,31,35,48],"killed_by":"Time Eater","ascension_level":5}