{"gold_per_floor":[119,84,159,159,176,176,211,211,211,211,18,54,108,184,184,276,276,286,286,325,325,78,130,45,45,45,45,85,113,113,113,113,185,185,204,254,27,37,37,69,69,94,121,153,171,187,187,287,287,287],"floor_reached":51,"playtime":2653,"items_purged":[],"score":1430,"play_id":"532cf768-773c-4265-9b8d-d4cc36f90fb5","local_time":"20190818163435","is_ascension_mode":true,"campfire_choices":[{"data":"Spot Weakness","floor":6.0,"key":"SMITH"},{"data":"Bash","floor":8.0,"key":"SMITH"},{"data":"Cleave","floor":10.0,"key":"SMITH"},{"floor":15.0,"key":"REST"},{"data":"Apotheosis","floor":25.0,"key":"SMITH"},{"floor":32.0,"key":"REST"},{"floor":41.0,"key":"REST"},{"floor":47,"key":"REST"},{"data":"Double Tap","floor":49,"key":"SMITH"}],"neow_cost":"PERCENT_DAMAGE","seed_source_timestamp":0,"circlet_count":0,"master_deck":["AscendersBane","Defend_R","Defend_R","Defend_R","Defend_R","Bash+1","Twin Strike","Spot Weakness+1","Cleave+1","HandOfGreed","Infernal Blade","Disarm","Impervious","Seeing Red+1","Flame Barrier","Apotheosis+1","Shrug It Off","Uppercut","Offering","Sword Boomerang+1","Infernal Blade+1","Bite","Bite","Bite","Bite","Bite","Feed","Clothesline+1","Double Tap+1","Inflame","Sword Boomerang","Sword Boomerang+1","Power Through+1","Entrench+1","Shrug It Off+1","Demon Form+1","Flame Barrier+1","Bloodletting+1","Seeing Red+1"],"special_seed":0,"relics":["Burning Blood","Happy Flower","Bag of Marbles","Question Card","Pocketwatch","Sozu","Torii","The Courier","Turnip","Smiling Mask","Orrery","Toxic Egg 2","Du-Vu Doll","Ancient Tea Set","Incense Burner","Boot","Frozen Egg 2","Dead Branch"],"potions_floor_usage":[],"damage_taken":[{"damage":9.0,"enemies":"Jaw Worm","floor":1.0,"turns":5.0},{"damage":3.0,"enemies":"2 Louse","floor":5.0,"turns":3.0},{"damage":30.0,"enemies":"Lagavulin","floor":7.0,"turns":6.0},{"damage":0.0,"enemies":"Cultist","floor":12.0,"turns":2.0},{"damage":45.0,"enemies":"3 Sentries","floor":13.0,"turns":7.0},{"damage":21.0,"enemies":"The Guardian","floor":16.0,"turns":5.0},{"damage":22.0,"enemies":"Shell Parasite","floor":18.0,"turns":4.0},{"damage":12.0,"enemies":"Chosen","floor":20.0,"turns":2.0},{"damage":13.0,"enemies":"Gremlin Leader","floor":23.0,"turns":5.0},{"damage":16.0,"enemies":"Centurion and Healer","floor":28.0,"turns":3.0},{"damage":9.0,"enemies":"Book of Stabbing","floor":29.0,"turns":3.0},{"damage":50.0,"enemies":"Collector","floor":33.0,"turns":9.0},{"damage":14.0,"enemies":"Orb Walker","floor":35.0,"turns":3.0},{"damage":6.0,"enemies":"3 Darklings","floor":38.0,"turns":1.0},{"damage":53.0,"enemies":"Nemesis","floor":40.0,"turns":7.0},{"damage":19.0,"enemies":"Reptomancer","floor":42.0,"turns":7.0},{"damage":31,"enemies":"Giant Head","floor":44,"turns":6},{"damage":19,"enemies":"Transient","floor":45,"turns":5},{"damage":1,"enemies":"Spire Growth","floor":46,"turns":3},{"damage":1,"enemies":"Mind Bloom Boss Battle","floor":48,"turns":6},{"damage":68,"enemies":"Donu and Deca","floor":50,"turns":8}],"seed_played":"-876502024273213808","potions_obtained":[{"floor":5.0,"key":"BloodPotion"},{"floor":13.0,"key":"GamblersBrew"}],"is_trial":false,"path_per_floor":["M","?","?","T","M","R","E","R","T","R","$","M","E","?","R","B",null,"M","?","M","$","$","E","$","R","T","?","M","E","?","?","R","B",null,"M","?","$","M","?","E","R","E","T","E","M","M","R","?","R","B",null],"character_chosen":"IRONCLAD","items_purchased":["HandOfGreed","Apotheosis","Shrug It Off","Offering","Toxic Egg 2"],"campfire_rested":4,"item_purchase_floors":[11,22,22,24,37],"current_hp_per_floor":[61,83,72,72,75,75,51,51,51,51,51,57,40,40,66,51,80,64,59,53,53,53,46,46,46,46,46,36,33,33,33,51,43,57,55,49,49,49,49,17,35,43,43,24,17,26,44,59,59,12],"gold":287,"neow_bonus":"TWENTY_PERCENT_HP_BONUS","is_prod":false,"is_daily":false,"chose_seed":false,"campfire_upgraded":5,"win_rate":0,"timestamp":1566171275,"path_taken":["M","?","?","?","M","R","E","R","T","R","?","?","E","?","R","BOSS","M","?","?","?","$","E","$","R","T","?","M","E","?","?","R","BOSS","M","?","$","?","?","E","R","E","T","E","M","?","R","?","R","BOSS"],"build_version":"2019-07-17","purchased_purges":0,"victory":true,"max_hp_per_floor":[89,89,89,89,89,89,89,89,89,89,89,89,89,89,89,89,89,89,89,89,89,89,89,89,89,89,89,89,89,62,62,62,62,62,62,62,62,62,62,62,62,62,62,62,62,62,62,62,62,62],"card_choices":[{"not_picked":["Shrug It Off","Flex"],"picked":"Twin Strike","floor":1.0},{"not_picked":["Entrench","Perfected Strike"],"picked":"Spot Weakness","floor":5.0},{"not_picked":["Armaments","Intimidate"],"picked":"Cleave","floor":7.0},{"not_picked":["True Grit","Perfected Strike","Body Slam"],"picked":"Infernal Blade","floor":12.0},{"not_picked":["Seeing Red","Clash","Warcry"],"picked":"Disarm","floor":13.0},{"not_picked":["Brutality","Barricade","Fiend Fire"],"picked":"Impervious","floor":16.0},{"not_picked":["Spot Weakness","Heavy Blade","Ghostly Armor"],"picked":"Seeing Red+1","floor":18.0},{"not_picked":["Burning Pact","Warcry","Clothesline"],"picked":"Flame Barrier","floor":20.0},{"not_picked":["Wild Strike","Spot Weakness","Power Through"],"picked":"Uppercut","floor":23.0},{"not_picked":["Armaments","Pommel Strike","Blood for Blood"],"picked":"Sword Boomerang+1","floor":28.0},{"not_picked":["Warcry","Body Slam","Bludgeon"],"picked":"Infernal Blade+1","floor":29.0},{"not_picked":["Dark Embrace","Impervious","Offering"],"picked":"Feed","floor":33.0},{"not_picked":["Headbutt","Clash","Burning Pact"],"picked":"Clothesline+1","floor":34.0},{"not_picked":["Sword Boomerang","Havoc","Reckless Charge+1"],"picked":"Double Tap","floor":34.0},{"not_picked":["Uppercut","Perfected Strike","Fire Breathing"],"picked":"Inflame","floor":34.0},{"not_picked":["Clash","Headbutt","Dropkick"],"picked":"Sword Boomerang","floor":34.0},{"not_picked":["Spot Weakness","Uppercut+1","Reckless Charge"],"picked":"Sword Boomerang+1","floor":35.0},{"not_picked":["Burning Pact+1","Carnage","Perfected Strike+1"],"picked":"Power Through+1","floor":38.0},{"not_picked":["Anger+1","Sword Boomerang","Feel No Pain"],"picked":"Entrench+1","floor":40.0},{"not_picked":["Reckless Charge","Feel No Pain","Iron Wave"],"picked":"Shrug It Off+1","floor":42.0},{"not_picked":["Rampage+1","Bloodletting+1","Searing Blow"],"picked":"Demon Form","floor":44},{"not_picked":["Carnage","Reckless Charge","Combust+1"],"picked":"Flame Barrier+1","floor":45},{"not_picked":["Armaments+1","Clothesline","Pommel Strike"],"picked":"Bloodletting+1","floor":46},{"not_picked":["Thunderclap","Clash","Ghostly Armor+1"],"picked":"Seeing Red+1","floor":48}],"player_experience":682317,"relics_obtained":[{"floor":4.0,"key":"Happy Flower"},{"floor":7.0,"key":"Bag of Marbles"},{"floor":9.0,"key":"Question Card"},{"floor":13.0,"key":"Pocketwatch"},{"floor":23.0,"key":"Torii"},{"floor":26.0,"key":"The Courier"},{"floor":29.0,"key":"Smiling Mask"},{"floor":39.0,"key":"Du-Vu Doll"},{"floor":40.0,"key":"Ancient Tea Set"},{"floor":42.0,"key":"Incense Burner"},{"floor":43.0,"key":"Boot"},{"floor":44,"key":"Frozen Egg 2"},{"floor":48,"key":"Dead Branch"}],"event_choices":[{"damage_healed":22.0,"max_hp_gain":0.0,"max_hp_loss":0.0,"gold_gain":0.0,"event_name":"The Cleric","player_choice":"Healed","floor":2.0,"gold_loss":35.0,"damage_taken":0.0},{"damage_healed":0.0,"max_hp_gain":0.0,"max_hp_loss":0.0,"gold_gain":75.0,"event_name":"World of Goop","player_choice":"Gather Gold","floor":3.0,"gold_loss":0.0,"damage_taken":11.0},{"damage_healed":0.0,"max_hp_gain":0.0,"max_hp_loss":0.0,"gold_gain":76.0,"event_name":"Golden Wing","player_choice":"Gained Gold","floor":14.0,"gold_loss":0.0,"damage_taken":0.0},{"damage_healed":0.0,"max_hp_gain":0.0,"max_hp_loss":0.0,"gold_gain":0.0,"event_name":"The Woman in Blue","player_choice":"Bought 0 Potions","floor":19.0,"gold_loss":0.0,"damage_taken":0.0},{"damage_healed":0.0,"max_hp_gain":0.0,"max_hp_loss":0.0,"gold_gain":0.0,"event_name":"Addict","player_choice":"Stole Relic","floor":27.0,"gold_loss":0.0,"damage_taken":0.0,"relics_obtained":["Turnip"],"cards_obtained":["Shame"]},{"damage_healed":0.0,"max_hp_gain":0.0,"max_hp_loss":27.0,"gold_gain":0.0,"event_name":"Vampires","player_choice":"Became a vampire","floor":30.0,"gold_loss":0.0,"damage_taken":0.0,"cards_obtained":["Bite","Bite","Bite","Bite","Bite"]},{"cards_removed":["Shame"],"damage_healed":0.0,"max_hp_gain":0.0,"max_hp_loss":0.0,"gold_gain":0.0,"event_name":"Back to Basics","player_choice":"Elegance","floor":31.0,"gold_loss":0.0,"damage_taken":0.0},{"damage_healed":0.0,"max_hp_gain":0.0,"max_hp_loss":0.0,"gold_gain":50.0,"event_name":"FaceTrader","player_choice":"Touch","floor":36.0,"gold_loss":0.0,"damage_taken":6.0},{"damage_healed":0.0,"max_hp_gain":0.0,"max_hp_loss":0.0,"gold_gain":0.0,"event_name":"Wheel of Change","player_choice":"Relic","floor":39.0,"gold_loss":0.0,"damage_taken":0.0},{"damage_healed":0,"gold_gain":0,"player_choice":"Fight","damage_taken":0,"max_hp_gain":0,"max_hp_loss":0,"event_name":"MindBloom","floor":48,"gold_loss":0}],"is_beta":false,"boss_relics":[{"not_picked":["Cursed Key","Mark of Pain"],"picked":"Sozu"},{"not_picked":["Philosopher\u0027s Stone","Snecko Eye"],"picked":"Orrery"}],"items_purged_floors":[],"is_endless":false,"potions_floor_spawned":[5,13,23,28,46],"ascension_level":16}