{"gold_per_floor":[116,116,134,150,164,190,190,210,210,210,65,30,30,30,30,132,132,142,142,152,67,82,82,97,97,120,140,40,69,87,87,87,190,240,253,271,271,77,91,124,0,49,73,73,73,73,73,43,43,43],"floor_reached":51,"playtime":10658,"items_purged":["Strike_B","Defend_B","Defend_B"],"score":668,"play_id":"da9dc357-8b23-4e1f-898d-695ce87b025d","local_time":"20190818230059","is_ascension_mode":false,"campfire_choices":[{"data":"Defragment","floor":7.0,"key":"SMITH"},{"data":"Seek","floor":10.0,"key":"SMITH"},{"data":"Defragment","floor":15.0,"key":"SMITH"},{"floor":23.0,"key":"REST"},{"data":"Echo Form","floor":32.0,"key":"SMITH"},{"floor":44,"key":"REST"},{"data":"Storm","floor":46,"key":"SMITH"},{"floor":49,"key":"REST"}],"neow_cost":"NONE","seed_source_timestamp":0,"circlet_count":0,"master_deck":["Zap","Dualcast","Seek+1","Chill","Electrodynamics","Jack Of All Trades","Defragment+1","Conserve Battery","Hello World+1","Gash+1","Echo Form+1","White Noise","Defragment+1","Capacitor","Electrodynamics","Recycle","White Noise","White Noise+1","Darkness","Core Surge","Barrage+1","Cold Snap+1","Compile Driver+1","Storm+1","Iron Wave","Madness","Madness"],"special_seed":0,"relics":["Cracked Core","Bird Faced Urn","Juzu Bracelet","Omamori","Empty Cage","Necronomicon","Mummified Hand","Ancient Tea Set","Matryoshka","Tiny House","Bronze Scales","Red Mask","Peace Pipe","Bottled Flame","Whetstone"],"potions_floor_usage":[39,40,50,50],"damage_taken":[{"damage":0.0,"enemies":"Jaw Worm","floor":1.0,"turns":3.0},{"damage":1.0,"enemies":"Cultist","floor":3.0,"turns":3.0},{"damage":0.0,"enemies":"2 Louse","floor":4.0,"turns":3.0},{"damage":12.0,"enemies":"Exordium Thugs","floor":5.0,"turns":3.0},{"damage":17.0,"enemies":"Gremlin Nob","floor":6.0,"turns":4.0},{"damage":4.0,"enemies":"Gremlin Gang","floor":8.0,"turns":4.0},{"damage":14.0,"enemies":"Hexaghost","floor":16.0,"turns":7.0},{"damage":10.0,"enemies":"Chosen","floor":18.0,"turns":3.0},{"damage":25.0,"enemies":"Shell Parasite","floor":20.0,"turns":4.0},{"damage":16.0,"enemies":"Snake Plant","floor":22.0,"turns":3.0},{"damage":12.0,"enemies":"Centurion and Healer","floor":24.0,"turns":3.0},{"damage":10.0,"enemies":"Cultist and Chosen","floor":27.0,"turns":3.0},{"damage":19.0,"enemies":"Gremlin Leader","floor":29.0,"turns":4.0},{"damage":22.0,"enemies":"Shelled Parasite and Fungi","floor":30.0,"turns":3.0},{"damage":9.0,"enemies":"Automaton","floor":33.0,"turns":5.0},{"damage":19,"enemies":"3 Darklings","floor":35,"turns":4},{"damage":16,"enemies":"3 Shapes","floor":36,"turns":2},{"damage":0,"enemies":"Spire Growth","floor":39,"turns":4},{"damage":0,"enemies":"Giant Head","floor":40,"turns":6},{"damage":43,"enemies":"2 Orb Walkers","floor":42,"turns":4},{"damage":74,"enemies":"Time Eater","floor":50,"turns":7}],"seed_played":"-5890701289979018430","potions_obtained":[{"floor":1.0,"key":"FearPotion"},{"floor":5.0,"key":"AttackPotion"},{"floor":6.0,"key":"SteroidPotion"},{"floor":20.0,"key":"PowerPotion"},{"floor":24.0,"key":"GamblersBrew"},{"floor":33.0,"key":"Weak Potion"},{"floor":34,"key":"Block Potion"},{"floor":39,"key":"Explosive Potion"},{"floor":48,"key":"Regen Potion"},{"floor":48,"key":"SkillPotion"}],"is_trial":false,"path_per_floor":["M","?","M","M","M","E","R","M","T","R","$","?","?","?","R","B",null,"M","?","M","?","M","R","M","$","T","M","$","E","M","?","R","B",null,"M","M","?","$","M","E","?","?","T","R","?","R","?","?","R","B",null],"character_chosen":"DEFECT","items_purchased":["Defragment","Storm"],"campfire_rested":3,"item_purchase_floors":[11,38],"current_hp_per_floor":[75,75,74,74,62,45,45,49,49,49,49,67,67,67,67,73,75,73,57,50,50,48,70,71,71,71,75,75,74,64,64,64,75,80,75,68,68,68,80,80,80,53,53,77,77,77,67,67,80,40],"gold":43,"neow_bonus":"ONE_RANDOM_RARE_CARD","is_prod":false,"is_daily":false,"chose_seed":false,"campfire_upgraded":5,"win_rate":0.0,"timestamp":1566140459,"path_taken":["M","?","M","M","?","E","R","M","T","R","$","?","?","?","R","BOSS","M","?","M","?","M","R","M","$","T","M","$","E","M","?","R","BOSS","M","M","?","$","M","E","?","?","T","R","?","R","?","?","R","BOSS"],"build_version":"2019-07-17","purchased_purges":3,"victory":true,"max_hp_per_floor":[75,75,75,75,75,75,75,75,75,75,75,75,75,75,75,75,75,75,75,75,75,75,75,75,75,75,75,75,75,75,75,75,75,80,80,80,80,80,80,80,80,80,80,80,80,80,80,80,80,80],"card_choices":[{"not_picked":["Fusion","Redo"],"picked":"Chill","floor":1.0},{"not_picked":["Compile Driver","Scrape"],"picked":"Conserve Battery","floor":3.0},{"not_picked":["Redo","Sweeping Beam"],"picked":"Hello World","floor":4.0},{"not_picked":["Steam Power","Force Field"],"picked":"Gash","floor":5.0},{"not_picked":["Barrage","Turbo"],"picked":"Echo Form","floor":6.0},{"not_picked":["Go for the Eyes","Leap"],"picked":"White Noise","floor":8.0},{"not_picked":["Core Surge","Seek"],"picked":"Electrodynamics","floor":16.0},{"not_picked":["Go for the Eyes+1","Leap"],"picked":"Recycle","floor":18.0},{"not_picked":["Compile Driver","Ball Lightning"],"picked":"White Noise","floor":20.0},{"not_picked":["Coolheaded","Scrape","Aggregate+1"],"picked":"SKIP","floor":22.0},{"not_picked":["Compile Driver+1","Cold Snap"],"picked":"White Noise+1","floor":24.0},{"not_picked":["Capacitor","Double Energy","Tempest"],"picked":"SKIP","floor":27.0},{"not_picked":["Steam Power","Rip and Tear","Compile Driver"],"picked":"SKIP","floor":29.0},{"not_picked":["Turbo+1","Streamline"],"picked":"Darkness","floor":30.0},{"not_picked":["Creative AI","Thunder Strike"],"picked":"Core Surge","floor":33.0},{"not_picked":["Steam","Gash"],"picked":"Barrage+1","floor":34},{"not_picked":["Steam","Melter+1"],"picked":"Cold Snap","floor":35},{"not_picked":["Rip and Tear","Streamline"],"picked":"Compile Driver+1","floor":36},{"not_picked":["Darkness+1","Conserve Battery","Sweeping Beam"],"picked":"SKIP","floor":39},{"not_picked":["Turbo","Multi-Cast","Static Discharge+1"],"picked":"SKIP","floor":40}],"player_experience":62839,"relics_obtained":[{"floor":6.0,"key":"Bird Faced Urn"},{"floor":9.0,"key":"Juzu Bracelet"},{"floor":19.0,"key":"Necronomicon"},{"floor":26.0,"key":"Ancient Tea Set"},{"floor":29.0,"key":"Matryoshka"},{"floor":40,"key":"Bronze Scales"},{"floor":42,"key":"Peace Pipe"},{"floor":43,"key":"Bottled Flame"},{"floor":43,"key":"Whetstone"}],"event_choices":[{"damage_healed":0.0,"max_hp_gain":0.0,"max_hp_loss":0.0,"gold_gain":0.0,"event_name":"Match and Keep!","player_choice":"3 cards matched","floor":2.0,"gold_loss":0.0,"damage_taken":0.0,"cards_obtained":["Electrodynamics","Jack Of All Trades","Defragment"]},{"damage_healed":18.0,"max_hp_gain":0.0,"max_hp_loss":0.0,"gold_gain":0.0,"event_name":"The Cleric","player_choice":"Healed","floor":12.0,"gold_loss":35.0,"damage_taken":0.0},{"damage_healed":0.0,"max_hp_gain":0.0,"max_hp_loss":0.0,"gold_gain":0.0,"event_name":"WeMeetAgain","player_choice":"Gave Potion","floor":13.0,"gold_loss":0.0,"damage_taken":0.0,"relics_obtained":["Omamori"]},{"damage_healed":0.0,"max_hp_gain":0.0,"max_hp_loss":0.0,"gold_gain":0.0,"cards_transformed":["Defend_B"],"event_name":"Transmorgrifier","player_choice":"Transformed","floor":14.0,"gold_loss":0.0,"damage_taken":0.0,"cards_obtained":["Capacitor"]},{"damage_healed":0.0,"max_hp_gain":0.0,"max_hp_loss":0.0,"gold_gain":0.0,"event_name":"Cursed Tome","player_choice":"Obtained Book","floor":19.0,"gold_loss":0.0,"damage_taken":16.0},{"damage_healed":0.0,"max_hp_gain":0.0,"max_hp_loss":0.0,"gold_gain":0.0,"event_name":"Addict","player_choice":"Obtained Relic","floor":21.0,"gold_loss":85.0,"damage_taken":0.0,"relics_obtained":["Mummified Hand"]},{"cards_removed":["Strike_B"],"damage_healed":0.0,"max_hp_gain":0.0,"max_hp_loss":0.0,"gold_gain":0.0,"event_name":"Bonfire Elementals","player_choice":"Offered Basic","floor":31.0,"gold_loss":0.0,"damage_taken":0.0},{"damage_healed":0,"gold_gain":0,"player_choice":"Ignored","damage_taken":0,"max_hp_gain":0,"max_hp_loss":0,"event_name":"SecretPortal","floor":37,"gold_loss":0},{"damage_healed":0,"gold_gain":0,"player_choice":"Paid","damage_taken":0,"relics_obtained":["Red Mask"],"max_hp_gain":0,"max_hp_loss":0,"event_name":"Tomb of Lord Red Mask","floor":41,"gold_loss":124},{"damage_healed":0,"gold_gain":0,"player_choice":"Fight","damage_taken":0,"max_hp_gain":0,"max_hp_loss":0,"event_name":"Mysterious Sphere","floor":42,"gold_loss":0},{"cards_removed":["Defend_B"],"damage_healed":0,"gold_gain":0,"player_choice":"Took Card","damage_taken":0,"max_hp_gain":0,"max_hp_loss":0,"event_name":"NoteForYourself","floor":45,"gold_loss":0,"cards_obtained":["Iron Wave"]},{"damage_healed":0,"gold_gain":0,"player_choice":"Embrace Madness","damage_taken":10,"max_hp_gain":0,"max_hp_loss":0,"event_name":"Winding Halls","floor":47,"gold_loss":0,"cards_obtained":["Madness","Madness"]},{"damage_healed":0,"gold_gain":0,"player_choice":"Bought 2 Potions","damage_taken":0,"max_hp_gain":0,"max_hp_loss":0,"event_name":"The Woman in Blue","floor":48,"gold_loss":0}],"is_beta":false,"boss_relics":[{"not_picked":["Busted Crown","Orrery"],"picked":"Empty Cage"},{"not_picked":["Runic Pyramid","Coffee Dripper"],"picked":"Tiny House"}],"items_purged_floors":[11,28,38],"is_endless":false,"potions_floor_spawned":[1,5,6,20,24,33,39],"ascension_level":0}