{"gold_per_floor":[117,72,72,72,90,117,117,151,151,180,180,197,222,66,66,162,162,172,172,172,72,91,91,6,32,32,32,32,32,63,63,63,163,213,229,229,229,242,291,291,291],"floor_reached":41,"playtime":2674,"items_purged":["Regret","Writhe"],"score":571,"play_id":"60afc1fe-5f88-4951-bc66-8b6132e5c633","local_time":"20190814222406","is_ascension_mode":true,"campfire_choices":[{"data":"Zap","floor":7,"key":"SMITH"},{"floor":11,"key":"REST"},{"data":"Glacier","floor":15,"key":"SMITH"},{"floor":23,"key":"REST"},{"floor":29,"key":"REST"},{"floor":32,"key":"REST"},{"floor":40,"key":"REST"}],"neow_cost":"NONE","seed_source_timestamp":619593098487153,"circlet_count":0,"master_deck":["Strike_B+1","Strike_B+1","Strike_B+1","Strike_B+1","Defend_B+1","Defend_B+1","Defend_B+1","Zap+1","Dualcast+1","Barrage","Coolheaded","Coolheaded","Conserve Battery","Rip and Tear+1","Glacier+1","Sunder+1","Biased Cognition+1","Go for the Eyes+1","Forethought","Glacier+1","Seek","Seek","Auto Shields","Cold Snap+1","Cold Snap+1"],"relics":["Cracked Core","NeowsBlessing","Frozen Egg 2","WingedGreaves","Singing Bowl","Molten Egg 2","Darkstone Periapt","Pen Nib","Fusion Hammer","Orichalcum","Torii","Juzu Bracelet","Pear","Pantograph","Tiny House","Sundial","Nunchaku"],"potions_floor_usage":[8,13,13,16,22,25,39,41,41],"damage_taken":[{"damage":0,"enemies":"2 Louse","floor":1,"turns":1},{"damage":0,"enemies":"Jaw Worm","floor":5,"turns":1},{"damage":0,"enemies":"Gremlin Nob","floor":6,"turns":1},{"damage":15,"enemies":"3 Sentries","floor":8,"turns":6},{"damage":12,"enemies":"Lagavulin","floor":10,"turns":8},{"damage":0,"enemies":"Cultist","floor":12,"turns":3},{"damage":16,"enemies":"Gremlin Nob","floor":13,"turns":5},{"damage":51,"enemies":"Slime Boss","floor":16,"turns":14},{"damage":18,"enemies":"Shell Parasite","floor":18,"turns":5},{"damage":24,"enemies":"Spheric Guardian","floor":22,"turns":6},{"damage":1,"enemies":"Book of Stabbing","floor":25,"turns":5},{"damage":39,"enemies":"Gremlin Leader","floor":30,"turns":14},{"damage":58,"enemies":"Collector","floor":33,"turns":23},{"damage":1,"enemies":"Orb Walker","floor":35,"turns":4},{"damage":29,"enemies":"3 Darklings","floor":38,"turns":10},{"damage":29,"enemies":"2 Orb Walkers","floor":39,"turns":8},{"damage":110,"enemies":"Giant Head","floor":41,"turns":11}],"seed_played":"-2885345980758857897","potions_obtained":[{"floor":4,"key":"Regen Potion"},{"floor":4,"key":"Strength Potion"},{"floor":4,"key":"Energy Potion"},{"floor":8,"key":"Block Potion"},{"floor":10,"key":"AttackPotion"},{"floor":13,"key":"FearPotion"},{"floor":22,"key":"SpeedPotion"},{"floor":33,"key":"Fire Potion"},{"floor":34,"key":"Block Potion"},{"floor":38,"key":"Strength Potion"},{"floor":39,"key":"SkillPotion"}],"is_trial":false,"path_per_floor":["M","$","?","?","M","E","R","E","T","E","R","M","E","$","R","B",null,"M","?","?","$","M","R","?","E","T","?","?","R","E","$","R","B",null,"M","?","?","M","?","R","E"],"character_chosen":"DEFECT","items_purchased":["Coolheaded","Sunder+1"],"campfire_rested":5,"item_purchase_floors":[2,14],"current_hp_per_floor":[75,75,75,75,75,75,75,60,60,50,73,73,57,57,57,18,77,59,65,49,49,27,52,52,51,61,61,42,72,33,33,63,30,105,104,104,104,77,48,80,0],"gold":291,"neow_bonus":"THREE_ENEMY_KILL","is_prod":false,"is_daily":false,"chose_seed":false,"campfire_upgraded":2,"win_rate":0,"timestamp":1565814246,"path_taken":["M","$","?","?","M","E","R","E","T","E","R","?","E","?","R","BOSS","M","?","?","$","?","R","?","E","T","?","?","R","E","?","R","BOSS","M","?","?","M","?","R","E"],"build_version":"2019-07-17","purchased_purges":2,"victory":false,"max_hp_per_floor":[75,75,75,75,75,75,75,75,75,77,77,77,77,77,77,77,77,77,83,83,83,85,85,85,85,95,95,100,100,100,100,100,100,105,105,105,105,107,107,107,107],"card_choices":[{"not_picked":["Steam","Hologram"],"picked":"Barrage","floor":1},{"not_picked":["Sweeping Beam","Stack"],"picked":"Coolheaded","floor":5},{"not_picked":["Consume","Amplify","Sweeping Beam"],"picked":"SKIP","floor":6},{"not_picked":["Amplify","Barrage"],"picked":"Conserve Battery","floor":8},{"not_picked":["Steam","Amplify","Reinforced Body"],"picked":"Singing Bowl","floor":10},{"not_picked":["Rebound+1","Hologram"],"picked":"Rip and Tear+1","floor":12},{"not_picked":["Skim","Buffer+1"],"picked":"Glacier","floor":13},{"not_picked":["Rainbow","Meteor Strike+1"],"picked":"Biased Cognition+1","floor":16},{"not_picked":["Coolheaded","Beam Cell+1"],"picked":"Go for the Eyes+1","floor":18},{"not_picked":["Stack+1","Beam Cell+1","Heatsinks+1"],"picked":"Singing Bowl","floor":22},{"not_picked":["Steam","Thunder Strike+1"],"picked":"Glacier+1","floor":25},{"not_picked":["Rip and Tear+1","BootSequence"],"picked":"Seek","floor":30},{"not_picked":["Buffer+1","Reboot"],"picked":"Seek","floor":33},{"not_picked":["Coolheaded","Fusion+1"],"picked":"Auto Shields","floor":34},{"not_picked":["Fusion","Chill"],"picked":"Cold Snap+1","floor":35},{"not_picked":["Hologram","Conserve Battery","Reprogram"],"picked":"Singing Bowl","floor":38},{"not_picked":["Aggregate","Barrage+1"],"picked":"Cold Snap+1","floor":39}],"player_experience":97497,"relics_obtained":[{"floor":6,"key":"WingedGreaves"},{"floor":8,"key":"Singing Bowl"},{"floor":9,"key":"Molten Egg 2"},{"floor":10,"key":"Darkstone Periapt"},{"floor":13,"key":"Pen Nib"},{"floor":25,"key":"Juzu Bracelet"},{"floor":26,"key":"Pear"},{"floor":30,"key":"Pantograph"},{"floor":37,"key":"Sundial"},{"floor":39,"key":"Nunchaku"}],"event_choices":[{"damage_healed":0,"gold_gain":0,"player_choice":"Box","damage_taken":0,"relics_obtained":["Frozen Egg 2"],"max_hp_gain":0,"max_hp_loss":0,"event_name":"Big Fish","floor":3,"gold_loss":0,"cards_obtained":["Regret"]},{"damage_healed":0,"gold_gain":0,"player_choice":"Got Potions","damage_taken":0,"max_hp_gain":0,"max_hp_loss":0,"event_name":"Lab","floor":4,"gold_loss":0},{"damage_healed":0,"gold_gain":0,"player_choice":"Opened","damage_taken":0,"relics_obtained":["Orichalcum"],"max_hp_gain":0,"max_hp_loss":0,"event_name":"The Mausoleum","floor":19,"gold_loss":0,"cards_obtained":["Writhe"]},{"damage_healed":0,"gold_gain":0,"player_choice":"CARD ","damage_taken":16,"max_hp_gain":0,"max_hp_loss":0,"event_name":"Knowing Skull","floor":20,"potions_obtained":[],"gold_loss":0,"cards_obtained":["Forethought"]},{"damage_healed":0,"gold_gain":0,"player_choice":"CARD ","damage_taken":16,"max_hp_gain":0,"max_hp_loss":0,"event_name":"Knowing Skull","floor":20,"potions_obtained":[],"gold_loss":0,"cards_obtained":["Forethought"]},{"damage_healed":0,"gold_gain":0,"player_choice":"Obtained Relic","damage_taken":0,"relics_obtained":["Torii"],"max_hp_gain":0,"max_hp_loss":0,"event_name":"Addict","floor":24,"gold_loss":85},{"damage_healed":0,"gold_gain":0,"player_choice":"Simplicity","damage_taken":0,"max_hp_gain":0,"max_hp_loss":0,"event_name":"Back to Basics","floor":27,"gold_loss":0,"cards_upgraded":["Strike_B","Strike_B","Strike_B","Strike_B","Defend_B","Defend_B","Defend_B","Defend_B"]},{"damage_healed":0,"gold_gain":0,"player_choice":"Shed Blood","damage_taken":24,"max_hp_gain":5,"max_hp_loss":0,"event_name":"Forgotten Altar","floor":28,"gold_loss":0},{"cards_removed":["Defend_B"],"damage_healed":0,"gold_gain":0,"player_choice":"Removed Skill","damage_taken":0,"max_hp_gain":0,"max_hp_loss":0,"event_name":"Falling","floor":36,"gold_loss":0},{"damage_healed":0,"gold_gain":0,"player_choice":"Relic","damage_taken":0,"max_hp_gain":0,"max_hp_loss":0,"event_name":"Wheel of Change","floor":37,"gold_loss":0},{"damage_healed":0,"gold_gain":0,"player_choice":"Fight","damage_taken":0,"max_hp_gain":0,"max_hp_loss":0,"event_name":"Mysterious Sphere","floor":39,"gold_loss":0}],"is_beta":false,"boss_relics":[{"not_picked":["Velvet Choker","Snecko Eye"],"picked":"Fusion Hammer"},{"not_picked":["Lizard Tail","Coffee Dripper"],"picked":"Tiny House"}],"items_purged_floors":[14,21],"is_endless":false,"potions_floor_spawned":[8,10,12,13,22,33,38,39],"killed_by":"Giant Head","ascension_level":2}