{"gold_per_floor":[114,129,144,159,174,174,189,204,229,241,268,295,322,130,130,230,230,215,230,245,260,260,260,275,275,330,345,77,77,77,92,92,192,192,207,222,237,237],"floor_reached":38,"playtime":2748,"items_purged":[],"score":480,"play_id":"b80b13c5-91b7-464d-b060-69ff47eded09","local_time":"20190807000330","daily_mods":["Cursed Run","Vintage","Binary"],"is_ascension_mode":false,"campfire_choices":[{"data":"Neutralize","floor":6.0,"key":"SMITH"},{"data":"Survivor","floor":10.0,"key":"SMITH"},{"data":"Heel Hook","floor":15.0,"key":"SMITH"},{"floor":23.0,"key":"REST"},{"floor":25.0,"key":"REST"},{"floor":29.0,"key":"REST"},{"data":"Defend_G","floor":32.0,"key":"SMITH"}],"neow_cost":"","seed_source_timestamp":0,"circlet_count":0,"master_deck":["Strike_G","Strike_G","Strike_G","Strike_G","Strike_G","Defend_G","Defend_G","Defend_G","Defend_G+1","Survivor+1","Neutralize+1","Mayhem+1","Heel Hook+1","Decay","Tools of the Trade+1","Infinite Blades+1","Storm of Steel+1","Parasite"],"special_seed":18115,"relics":["Cursed Key","Darkstone Periapt","Du-Vu Doll","Strawberry","Letter Opener","Ninja Scroll","PreservedInsect","Frozen Egg 2","Blood Vial","Toxic Egg 2","MawBank","Pear","Question Card","Pantograph","Busted Crown","Ancient Tea Set","Matryoshka","Mercury Hourglass","WingedGreaves","Omamori","Tiny Chest","Bottled Tornado","StoneCalendar","MealTicket","Blue Candle","Velvet Choker","Sundial","Lantern","Bottled Flame"],"potions_floor_usage":[],"damage_taken":[{"damage":1.0,"enemies":"Cultist","floor":1.0,"turns":5.0},{"damage":1.0,"enemies":"2 Louse","floor":2.0,"turns":4.0},{"damage":0.0,"enemies":"Small Slimes","floor":3.0,"turns":4.0},{"damage":2.0,"enemies":"3 Louse","floor":4.0,"turns":3.0},{"damage":0.0,"enemies":"Blue Slaver","floor":5.0,"turns":4.0},{"damage":2.0,"enemies":"Exordium Wildlife","floor":7.0,"turns":4.0},{"damage":14.0,"enemies":"Exordium Thugs","floor":8.0,"turns":6.0},{"damage":0.0,"enemies":"Looter","floor":11.0,"turns":2.0},{"damage":0.0,"enemies":"Gremlin Gang","floor":12.0,"turns":4.0},{"damage":0.0,"enemies":"Large Slime","floor":13.0,"turns":5.0},{"damage":45.0,"enemies":"Hexaghost","floor":16.0,"turns":13.0},{"damage":10.0,"enemies":"2 Thieves","floor":18.0,"turns":4.0},{"damage":2.0,"enemies":"Chosen","floor":19.0,"turns":4.0},{"damage":27.0,"enemies":"Snake Plant","floor":20.0,"turns":6.0},{"damage":5.0,"enemies":"3 Cultists","floor":21.0,"turns":5.0},{"damage":21.0,"enemies":"Sentry and Sphere","floor":24.0,"turns":6.0},{"damage":13.0,"enemies":"Centurion and Healer","floor":27.0,"turns":7.0},{"damage":15.0,"enemies":"Shelled Parasite and Fungi","floor":31.0,"turns":5.0},{"damage":61.0,"enemies":"Collector","floor":33.0,"turns":10.0},{"damage":30,"enemies":"3 Darklings","floor":35,"turns":6},{"damage":46,"enemies":"3 Shapes","floor":36,"turns":4},{"damage":29,"enemies":"Writhing Mass","floor":37,"turns":8},{"damage":17,"enemies":"Sphere and 2 Shapes","floor":38,"turns":3}],"seed_played":"-3482007216513498551","potions_obtained":[{"floor":2.0,"key":"PowerPotion"},{"floor":4.0,"key":"Ancient Potion"},{"floor":11.0,"key":"AttackPotion"},{"floor":18.0,"key":"Fire Potion"},{"floor":35,"key":"FairyPotion"},{"floor":37,"key":"SteroidPotion"}],"is_trial":false,"path_per_floor":["M","M","M","M","M","R","M","M","T","R","M","M","M","$","R","B",null,"M","M","M","M","?","R","M","R","T","M","$","R","?","M","R","B",null,"M","M","M","M"],"character_chosen":"THE_SILENT","items_purchased":["Mayhem+1","Heel Hook","Infinite Blades+1","MealTicket"],"campfire_rested":3,"item_purchase_floors":[14,14,28,28],"current_hp_per_floor":[76,75,75,73,73,73,71,59,65,65,77,79,81,81,81,54,99,89,89,64,61,61,89,70,96,96,83,83,96,96,81,81,35,96,66,22,12,0],"gold":237,"neow_bonus":"","is_prod":false,"is_daily":true,"chose_seed":false,"campfire_upgraded":4,"win_rate":0.0,"timestamp":1565161410,"path_taken":["M","M","M","M","M","R","M","M","T","R","M","M","M","$","R","BOSS","M","M","M","M","?","R","M","R","T","?","$","R","?","M","R","BOSS","M","M","M","?"],"build_version":"2019-07-17","purchased_purges":0,"victory":false,"max_hp_per_floor":[77,77,77,77,77,77,77,77,83,83,93,93,93,93,93,99,99,99,99,99,99,96,96,96,96,96,96,96,96,96,96,96,96,96,96,96,102,102],"card_choices":[{"not_picked":["Corpse Explosion+1","Glass Knife"],"picked":"Tools of the Trade+1","floor":16.0},{"not_picked":[],"picked":"Storm of Steel+1","floor":33.0}],"player_experience":12122,"relics_obtained":[{"floor":1.0,"key":"Strawberry"},{"floor":2.0,"key":"Letter Opener"},{"floor":3.0,"key":"Ninja Scroll"},{"floor":4.0,"key":"PreservedInsect"},{"floor":5.0,"key":"Frozen Egg 2"},{"floor":7.0,"key":"Blood Vial"},{"floor":8.0,"key":"Toxic Egg 2"},{"floor":9.0,"key":"MawBank"},{"floor":11.0,"key":"Pear"},{"floor":12.0,"key":"Question Card"},{"floor":13.0,"key":"Pantograph"},{"floor":18.0,"key":"Ancient Tea Set"},{"floor":19.0,"key":"Matryoshka"},{"floor":20.0,"key":"Mercury Hourglass"},{"floor":21.0,"key":"WingedGreaves"},{"floor":24.0,"key":"Omamori"},{"floor":26.0,"key":"Tiny Chest"},{"floor":26.0,"key":"Bottled Tornado"},{"floor":27.0,"key":"StoneCalendar"},{"floor":31.0,"key":"Blue Candle"},{"floor":35,"key":"Sundial"},{"floor":36,"key":"Lantern"},{"floor":37,"key":"Bottled Flame"}],"event_choices":[{"cards_removed":["Parasite"],"damage_healed":0.0,"max_hp_gain":0.0,"max_hp_loss":0.0,"gold_gain":0.0,"event_name":"Purifier","player_choice":"Purged","floor":22.0,"gold_loss":0.0,"damage_taken":0.0},{"cards_removed":["Defend_G"],"damage_healed":0.0,"max_hp_gain":0.0,"max_hp_loss":0.0,"gold_gain":0.0,"event_name":"Bonfire Elementals","player_choice":"Offered Basic","floor":30.0,"gold_loss":0.0,"damage_taken":0.0}],"is_beta":false,"boss_relics":[{"not_picked":["Calling Bell","Pandora\u0027s Box"],"picked":"Busted Crown"},{"not_picked":["Philosopher\u0027s Stone","Fusion Hammer"],"picked":"Velvet Choker"}],"items_purged_floors":[],"is_endless":false,"potions_floor_spawned":[2,4,11,18,21,31,35,36,37],"killed_by":"Sphere and 2 Shapes","ascension_level":0}