{"gold_per_floor":[115,115,115,115,134,170,170,170,250,425,440,476,322,340,340,464,464,483,573,598,215,239,239,81,81,81,151,151,166,179,279,279,402,402,415,80,80,205,48,48,61,61,61,76,76,76,100,121,121,121],"floor_reached":51,"playtime":4784,"items_purged":["Doubt","Injury"],"score":708,"play_id":"06ebf80b-1508-4ddd-a88a-a1e188fd4299","local_time":"20190810143704","is_ascension_mode":true,"campfire_choices":[{"floor":7,"key":"REST"},{"floor":15,"key":"REST"},{"data":"Dodge and Roll","floor":23,"key":"SMITH"},{"data":"Well Laid Plans","floor":25,"key":"SMITH"},{"data":"Backflip","floor":28,"key":"SMITH"},{"floor":32,"key":"REST"},{"data":"Noxious Fumes","floor":40,"key":"SMITH"},{"data":"After Image","floor":42,"key":"SMITH"},{"floor":45,"key":"REST"},{"data":"Adrenaline","floor":49,"key":"SMITH"}],"neow_cost":"NONE","seed_source_timestamp":501096586145158,"circlet_count":0,"master_deck":["Strike_G+1","Strike_G+1","Strike_G","Strike_G","Defend_G","Defend_G","Defend_G+1","Defend_G","Defend_G+1","Survivor","Neutralize+1","Sucker Punch","Backflip+1","Adrenaline+1","Infinite Blades","Dagger Throw","Footwork","Deadly Poison","Doppelganger","Calculated Gamble","Dodge and Roll+1","Blur","Backflip","Deadly Poison","Backflip","Impatience","Well Laid Plans+1","Escape Plan","Envenom","Escape Plan","Burst","Acrobatics+1","Noxious Fumes+1","Flying Knee+1","After Image+1","Bouncing Flask","Escape Plan","Leg Sweep"],"relics":["Ring of the Snake","Whetstone","Golden Idol","Paper Crane","Pantograph","Oddly Smooth Stone","Orrery","Sundial","Mango","Molten Egg 2","WristBlade","Letter Opener","Bronze Scales","FossilizedHelix","Happy Flower","Mummified Hand","Ginger"],"potions_floor_usage":[33,50,50],"damage_taken":[{"damage":4,"enemies":"Cultist","floor":1,"turns":5},{"damage":0,"enemies":"Jaw Worm","floor":5,"turns":4},{"damage":28,"enemies":"3 Sentries","floor":6,"turns":14},{"damage":0,"enemies":"Small Slimes","floor":11,"turns":3},{"damage":17,"enemies":"Gremlin Nob","floor":12,"turns":6},{"damage":0,"enemies":"3 Louse","floor":14,"turns":5},{"damage":19,"enemies":"Hexaghost","floor":16,"turns":11},{"damage":4,"enemies":"Shell Parasite","floor":18,"turns":8},{"damage":6,"enemies":"3 Byrds","floor":20,"turns":8},{"damage":5,"enemies":"Snake Plant","floor":22,"turns":7},{"damage":0,"enemies":"Shelled Parasite and Fungi","floor":29,"turns":7},{"damage":4,"enemies":"Centurion and Healer","floor":30,"turns":10},{"damage":30,"enemies":"Champ","floor":33,"turns":14},{"damage":22,"enemies":"3 Darklings","floor":35,"turns":12},{"damage":34,"enemies":"Mind Bloom Boss Battle","floor":38,"turns":8},{"damage":0,"enemies":"Orb Walker","floor":41,"turns":5},{"damage":0,"enemies":"Maw","floor":44,"turns":7},{"damage":0,"enemies":"Sphere and 2 Shapes","floor":47,"turns":5},{"damage":0,"enemies":"3 Darklings","floor":48,"turns":4},{"damage":27,"enemies":"Donu and Deca","floor":50,"turns":12}],"seed_played":"-6818649586040951496","potions_obtained":[{"floor":6,"key":"LiquidBronze"},{"floor":14,"key":"Poison Potion"},{"floor":22,"key":"FearPotion"},{"floor":38,"key":"Swift Potion"}],"is_trial":false,"path_per_floor":["M","?","?","?","M","E","R","?","T","?","M","E","$","M","R","B",null,"M","?","M","$","M","R","$","R","T","T","R","M","M","?","R","B",null,"M","$","T","?","$","R","M","R","T","M","R","T","M","M","R","B",null],"character_chosen":"THE_SILENT","items_purchased":["Footwork","Escape Plan","Sundial","Envenom","Noxious Fumes","Letter Opener","Happy Flower"],"campfire_rested":4,"item_purchase_floors":[13,21,21,24,36,36,39],"current_hp_per_floor":[66,66,52,52,52,24,45,38,38,38,38,21,21,21,42,48,70,66,45,39,39,34,34,34,34,48,48,48,48,44,44,69,54,84,62,62,62,50,50,50,50,50,50,50,75,75,75,75,75,57],"gold":121,"neow_bonus":"RANDOM_COMMON_RELIC","is_prod":false,"is_daily":false,"chose_seed":false,"campfire_upgraded":6,"win_rate":0,"timestamp":1565440624,"path_taken":["M","?","?","?","?","E","R","?","T","?","M","E","$","M","R","BOSS","M","?","?","?","M","R","$","R","T","?","R","M","M","?","R","BOSS","M","$","?","?","$","R","M","R","T","M","R","?","?","?","R","BOSS"],"build_version":"2019-07-17","purchased_purges":2,"victory":true,"max_hp_per_floor":[70,70,70,70,70,70,70,70,70,70,70,70,70,70,70,70,70,70,70,70,70,70,70,70,70,84,84,84,84,84,84,84,84,84,84,84,84,84,84,84,84,84,84,84,84,84,84,84,84,84],"card_choices":[{"not_picked":["Slice","Deflect"],"picked":"Sucker Punch","floor":1},{"not_picked":["Sucker Punch","Dagger Throw"],"picked":"Backflip","floor":5},{"not_picked":["Sucker Punch","Underhanded Strike"],"picked":"Adrenaline","floor":6},{"not_picked":["Deflect","Caltrops"],"picked":"Infinite Blades","floor":11},{"not_picked":["Slice","Flechettes"],"picked":"Dagger Throw","floor":12},{"not_picked":["Backflip","Wraith Form v2"],"picked":"Deadly Poison","floor":14},{"not_picked":["Phantasmal Killer","Glass Knife"],"picked":"Doppelganger","floor":16},{"not_picked":["Endless Agony","Sucker Punch"],"picked":"Calculated Gamble","floor":17},{"not_picked":["Deflect","Underhanded Strike"],"picked":"Dodge and Roll","floor":17},{"not_picked":["Sucker Punch","Acrobatics"],"picked":"Blur","floor":17},{"not_picked":["Predator","Deadly Poison"],"picked":"Backflip","floor":17},{"not_picked":["Heel Hook","Calculated Gamble"],"picked":"Deadly Poison","floor":17},{"not_picked":["Outmaneuver","Dagger Spray+1"],"picked":"Backflip","floor":18},{"not_picked":["Dagger Throw","Blur"],"picked":"Well Laid Plans","floor":20},{"not_picked":["Dagger Spray","Venomology","Sucker Punch"],"picked":"SKIP","floor":22},{"not_picked":["Slice+1","Underhanded Strike+1","Outmaneuver+1"],"picked":"SKIP","floor":29},{"not_picked":["Backstab+1","Poisoned Stab+1"],"picked":"Escape Plan","floor":30},{"not_picked":["Doppelganger","Wraith Form v2"],"picked":"Burst","floor":33},{"not_picked":["Outmaneuver+1","Distraction"],"picked":"Acrobatics+1","floor":35},{"not_picked":["Deflect+1","Caltrops+1"],"picked":"Flying Knee+1","floor":38},{"not_picked":["Slice+1","Deadly Poison"],"picked":"After Image","floor":41},{"not_picked":["Dagger Throw+1","Footwork"],"picked":"Bouncing Flask","floor":44},{"not_picked":["Reflex+1","Acrobatics"],"picked":"Escape Plan","floor":47},{"not_picked":["Endless Agony+1","Outmaneuver+1"],"picked":"Leg Sweep","floor":48}],"player_experience":65838,"relics_obtained":[{"floor":6,"key":"Paper Crane"},{"floor":9,"key":"Pantograph"},{"floor":12,"key":"Oddly Smooth Stone"},{"floor":26,"key":"Mango"},{"floor":27,"key":"Molten Egg 2"},{"floor":37,"key":"Bronze Scales"},{"floor":38,"key":"FossilizedHelix"},{"floor":43,"key":"Mummified Hand"},{"floor":46,"key":"Ginger"}],"event_choices":[{"damage_healed":0,"gold_gain":0,"player_choice":"Grow","damage_taken":0,"max_hp_gain":0,"max_hp_loss":0,"event_name":"Living Wall","floor":2,"gold_loss":0,"cards_upgraded":["Neutralize"]},{"damage_healed":0,"gold_gain":0,"player_choice":"Entered Light","damage_taken":14,"max_hp_gain":0,"max_hp_loss":0,"event_name":"Shining Light","floor":3,"gold_loss":0,"cards_upgraded":["Defend_G","Defend_G"]},{"damage_healed":0,"gold_gain":0,"player_choice":"Take Wound","damage_taken":0,"relics_obtained":["Golden Idol"],"max_hp_gain":0,"max_hp_loss":0,"event_name":"Golden Idol","floor":4,"gold_loss":0,"cards_obtained":["Injury"]},{"cards_removed":["Strike_G"],"damage_healed":0,"gold_gain":0,"player_choice":"Card Removal","damage_taken":7,"max_hp_gain":0,"max_hp_loss":0,"event_name":"Golden Wing","floor":8,"gold_loss":0},{"damage_healed":0,"gold_gain":175,"player_choice":"AGREE","damage_taken":0,"max_hp_gain":0,"max_hp_loss":0,"event_name":"Liars Game","floor":10,"gold_loss":0,"cards_obtained":["Doubt"]},{"damage_healed":0,"gold_gain":90,"player_choice":"CARD GOLD ","damage_taken":21,"max_hp_gain":0,"max_hp_loss":0,"event_name":"Knowing Skull","floor":19,"potions_obtained":[],"gold_loss":0,"cards_obtained":["Impatience"]},{"damage_healed":0,"gold_gain":100,"player_choice":"Pray","damage_taken":0,"max_hp_gain":0,"max_hp_loss":0,"event_name":"Golden Shrine","floor":31,"gold_loss":0},{"damage_healed":0,"gold_gain":0,"player_choice":"Fight","damage_taken":0,"max_hp_gain":0,"max_hp_loss":0,"event_name":"MindBloom","floor":38,"gold_loss":0}],"is_beta":false,"boss_relics":[{"not_picked":["Empty Cage","Ectoplasm"],"picked":"Orrery"},{"not_picked":["Cursed Key","Runic Dome"],"picked":"WristBlade"}],"items_purged_floors":[13,21],"is_endless":false,"potions_floor_spawned":[6,14,22,29,30,38,48],"ascension_level":1}