{"gold_per_floor":[118,118,133,233,252,252,279,54,54,74,89,100,100,111,111,212,212,212,137,137,137,137,137,137,137,137,137,137,137,137,137,137,137,137,137,137,137,137,37,37,37,37,37,37,37,37,37,37,37,37],"floor_reached":51,"playtime":8286,"items_purged":["Strike_R+1"],"score":925,"play_id":"74a61a78-b7bf-43a2-8208-ad41c16c6407","local_time":"20190811111148","is_ascension_mode":true,"campfire_choices":[{"data":"Bash","floor":6,"key":"SMITH"},{"data":"Barricade","floor":15,"key":"SMITH"},{"data":"Shockwave","floor":23,"key":"SMITH"},{"data":"Battle Trance","floor":25,"key":"SMITH"},{"floor":32,"key":"REST"},{"data":"Offering","floor":42,"key":"SMITH"},{"data":"Body Slam","floor":46,"key":"SMITH"},{"data":"Whirlwind","floor":49,"key":"SMITH"}],"neow_cost":"NONE","seed_source_timestamp":535922763888000,"circlet_count":0,"master_deck":["Strike_R+1","Strike_R+1","Strike_R+1","Strike_R+1","Defend_R+1","Defend_R+1","Defend_R+1","Defend_R+1","Bash+1","Barricade+1","Ghostly Armor","Combust","Battle Trance+1","Shrug It Off","Disarm","Body Slam+1","Double Tap","Shockwave+1","Impervious","Shrug It Off","Feel No Pain+1","Whirlwind+1","Body Slam","Shrug It Off","Offering+1","Impervious","Shrug It Off","Regret","Armaments+1","Decay","Intimidate+1"],"relics":["Burning Blood","Blue Candle","Pear","Ectoplasm","Red Mask","Matryoshka","Art of War","FossilizedHelix","Cursed Key","Toxic Egg 2","Shuriken","Bag of Marbles","Orichalcum","Pantograph","Mummified Hand"],"potions_floor_usage":[7,16,16,19,21,37,40,50,50],"damage_taken":[{"damage":6,"enemies":"Cultist","floor":1,"turns":4},{"damage":2,"enemies":"2 Louse","floor":3,"turns":3},{"damage":15,"enemies":"Jaw Worm","floor":5,"turns":4},{"damage":14,"enemies":"3 Sentries","floor":7,"turns":6},{"damage":11,"enemies":"Blue Slaver","floor":10,"turns":4},{"damage":6,"enemies":"Looter","floor":11,"turns":3},{"damage":19,"enemies":"3 Louse","floor":12,"turns":3},{"damage":1,"enemies":"Red Slaver","floor":14,"turns":4},{"damage":25,"enemies":"The Guardian","floor":16,"turns":16},{"damage":13,"enemies":"3 Byrds","floor":18,"turns":4},{"damage":13,"enemies":"2 Thieves","floor":19,"turns":5},{"damage":6,"enemies":"Centurion and Healer","floor":20,"turns":11},{"damage":21,"enemies":"Masked Bandits","floor":21,"turns":4},{"damage":5,"enemies":"Snecko","floor":22,"turns":6},{"damage":27,"enemies":"Shelled Parasite and Fungi","floor":24,"turns":8},{"damage":8,"enemies":"Cultist and Chosen","floor":29,"turns":6},{"damage":24,"enemies":"Gremlin Leader","floor":31,"turns":6},{"damage":0,"enemies":"Automaton","floor":33,"turns":10},{"damage":18,"enemies":"3 Darklings","floor":35,"turns":7},{"damage":0,"enemies":"3 Shapes","floor":37,"turns":6},{"damage":8,"enemies":"Reptomancer","floor":40,"turns":8},{"damage":1,"enemies":"Maw","floor":41,"turns":7},{"damage":8,"enemies":"Giant Head","floor":44,"turns":9},{"damage":1,"enemies":"Writhing Mass","floor":45,"turns":8},{"damage":25,"enemies":"3 Darklings","floor":47,"turns":5},{"damage":13,"enemies":"Jaw Worm Horde","floor":48,"turns":5},{"damage":87,"enemies":"Awakened One","floor":50,"turns":21}],"seed_played":"-1615589488190666760","potions_obtained":[{"floor":1,"key":"Swift Potion"},{"floor":5,"key":"Explosive Potion"},{"floor":7,"key":"GamblersBrew"},{"floor":12,"key":"SteroidPotion"},{"floor":16,"key":"Energy Potion"},{"floor":19,"key":"Ancient Potion"},{"floor":22,"key":"FearPotion"},{"floor":33,"key":"EssenceOfSteel"},{"floor":35,"key":"SpeedPotion"},{"floor":37,"key":"GamblersBrew"},{"floor":40,"key":"FearPotion"}],"is_trial":false,"path_per_floor":["M","$","M","?","M","R","E","$","T","M","M","M","?","M","R","B",null,"M","M","M","?","M","R","M","R","T","?","?","M","?","E","R","B",null,"M","?","M","T","$","E","M","R","T","E","M","R","M","M","R","B",null],"character_chosen":"IRONCLAD","items_purchased":["Disarm","Body Slam","Double Tap","Armaments+1"],"campfire_rested":1,"item_purchase_floors":[8,8,8,39],"current_hp_per_floor":[80,80,80,80,71,71,63,63,73,68,68,55,46,51,51,32,90,83,76,76,61,62,62,41,41,41,41,41,39,39,21,48,54,90,78,78,84,84,84,82,87,87,87,85,90,90,71,64,64,8],"gold":37,"neow_bonus":"ONE_RANDOM_RARE_CARD","is_prod":false,"is_daily":false,"chose_seed":false,"campfire_upgraded":7,"win_rate":0,"timestamp":1565489508,"path_taken":["M","?","M","?","M","R","E","$","T","M","M","?","?","M","R","BOSS","M","M","?","?","M","R","M","R","T","?","?","M","?","E","R","BOSS","M","?","M","?","$","E","M","R","T","E","M","R","M","M","R","BOSS"],"build_version":"2019-07-17","purchased_purges":1,"victory":true,"max_hp_per_floor":[80,80,80,80,80,80,80,80,90,90,90,90,90,90,90,90,90,90,90,90,90,90,90,90,90,90,90,90,90,90,90,90,90,90,90,90,90,90,90,90,90,90,90,90,90,90,90,90,90,90],"card_choices":[{"not_picked":["Armaments","Havoc"],"picked":"Ghostly Armor","floor":1},{"not_picked":["Rage","Headbutt"],"picked":"Combust","floor":3},{"not_picked":["Havoc","Clothesline"],"picked":"Battle Trance","floor":5},{"not_picked":["Wild Strike","Thunderclap"],"picked":"Shrug It Off","floor":7},{"not_picked":["Sword Boomerang","Infernal Blade","Dropkick"],"picked":"SKIP","floor":10},{"not_picked":["Twin Strike","Clash","Combust"],"picked":"SKIP","floor":11},{"not_picked":["Anger","Combust"],"picked":"Shockwave","floor":12},{"not_picked":["Pommel Strike","Clash","Reckless Charge"],"picked":"SKIP","floor":14},{"not_picked":["Bludgeon","Offering"],"picked":"Impervious","floor":16},{"not_picked":["Sword Boomerang","Flex"],"picked":"Shrug It Off","floor":18},{"not_picked":["Intimidate","Armaments"],"picked":"Feel No Pain+1","floor":19},{"not_picked":["Iron Wave","Seeing Red"],"picked":"Whirlwind","floor":20},{"not_picked":["True Grit","Spot Weakness"],"picked":"Body Slam","floor":21},{"not_picked":["Body Slam","Uppercut","Rage+1"],"picked":"SKIP","floor":22},{"not_picked":["Searing Blow","Headbutt+1","Disarm"],"picked":"SKIP","floor":24},{"not_picked":["Flex","Spot Weakness"],"picked":"Shrug It Off","floor":29},{"not_picked":["Rampage","Havoc+1"],"picked":"Offering","floor":31},{"not_picked":["Juggernaut","Barricade"],"picked":"Impervious","floor":33},{"not_picked":["Rage","Flex+1"],"picked":"Shrug It Off","floor":35},{"not_picked":["Cleave","Wild Strike","Perfected Strike"],"picked":"SKIP","floor":37},{"not_picked":["Inflame+1","Corruption","Thunderclap"],"picked":"SKIP","floor":40},{"not_picked":["Spot Weakness+1","Bloodletting+1","Whirlwind"],"picked":"SKIP","floor":41},{"not_picked":["Headbutt+1","Sword Boomerang","Spot Weakness+1"],"picked":"SKIP","floor":44},{"not_picked":["Searing Blow","Clothesline+1","Cleave"],"picked":"SKIP","floor":45},{"not_picked":["Infernal Blade+1","Warcry+1"],"picked":"Intimidate+1","floor":47},{"not_picked":["Reckless Charge","Wild Strike","Second Wind+1"],"picked":"SKIP","floor":48}],"player_experience":277002,"relics_obtained":[{"floor":7,"key":"Blue Candle"},{"floor":9,"key":"Pear"},{"floor":21,"key":"Red Mask"},{"floor":26,"key":"Matryoshka"},{"floor":31,"key":"FossilizedHelix"},{"floor":38,"key":"Toxic Egg 2"},{"floor":38,"key":"Shuriken"},{"floor":40,"key":"Bag of Marbles"},{"floor":43,"key":"Orichalcum"},{"floor":43,"key":"Pantograph"},{"floor":44,"key":"Mummified Hand"}],"event_choices":[{"damage_healed":0,"gold_gain":100,"player_choice":"Pray","damage_taken":0,"max_hp_gain":0,"max_hp_loss":0,"event_name":"Golden Shrine","floor":4,"gold_loss":0},{"damage_healed":0,"gold_gain":0,"player_choice":"Damaged","damage_taken":9,"max_hp_gain":0,"max_hp_loss":0,"event_name":"Wheel of Change","floor":13,"gold_loss":0},{"damage_healed":0,"gold_gain":0,"player_choice":"Fought Bandits","damage_taken":0,"max_hp_gain":0,"max_hp_loss":0,"event_name":"Masked Bandits","floor":21,"gold_loss":0},{"damage_healed":0,"gold_gain":0,"player_choice":"Ignored","damage_taken":0,"max_hp_gain":0,"max_hp_loss":0,"event_name":"Vampires","floor":27,"gold_loss":0},{"damage_healed":0,"gold_gain":0,"player_choice":"Simplicity","damage_taken":0,"max_hp_gain":0,"max_hp_loss":0,"event_name":"Back to Basics","floor":28,"gold_loss":0,"cards_upgraded":["Strike_R","Strike_R","Strike_R","Strike_R","Strike_R","Defend_R","Defend_R","Defend_R","Defend_R"]},{"damage_healed":0,"gold_gain":0,"player_choice":"Gave Potion","damage_taken":0,"relics_obtained":["Art of War"],"max_hp_gain":0,"max_hp_loss":0,"event_name":"WeMeetAgain","floor":30,"gold_loss":0},{"damage_healed":0,"gold_gain":0,"player_choice":"Ignored","damage_taken":0,"max_hp_gain":0,"max_hp_loss":0,"event_name":"Tomb of Lord Red Mask","floor":36,"gold_loss":0}],"is_beta":false,"boss_relics":[{"not_picked":["Fusion Hammer","Runic Pyramid"],"picked":"Ectoplasm"},{"not_picked":["Calling Bell","Black Star"],"picked":"Cursed Key"}],"items_purged_floors":[39],"is_endless":false,"potions_floor_spawned":[1,5,7,12,16,19,22,33,35,37,40,47],"ascension_level":3}