{"gold_per_floor":[109,124,77,90,90,116,134,134,134,134,134,154,173,191,191,191],"floor_reached":16,"playtime":703,"items_purged":[],"score":104,"play_id":"668144df-268a-4ded-ac38-0a9602dc3b33","local_time":"20190815214719","is_ascension_mode":false,"campfire_choices":[{"data":"Beam Cell","floor":8,"key":"SMITH"},{"data":"Defend_B","floor":10,"key":"PURGE"},{"data":"Decay","floor":15,"key":"PURGE"}],"neow_cost":"NONE","seed_source_timestamp":5565500704232,"circlet_count":0,"master_deck":["Strike_B","Strike_B","Strike_B","Strike_B","Defend_B","Defend_B","Zap","Dualcast","Heatsinks","Steam","Coolheaded","FTL","Auto Shields","Scrape","Beam Cell+1","Beam Cell","Chaos","Redo"],"relics":["Cracked Core","NeowsBlessing","Bottled Flame","Peace Pipe"],"potions_floor_usage":[13,16,16],"damage_taken":[{"damage":0,"enemies":"Jaw Worm","floor":1,"turns":1},{"damage":0,"enemies":"Cultist","floor":2,"turns":1},{"damage":0,"enemies":"Small Slimes","floor":4,"turns":1},{"damage":20,"enemies":"Lagavulin","floor":6,"turns":10},{"damage":12,"enemies":"Exordium Wildlife","floor":7,"turns":4},{"damage":10,"enemies":"Looter","floor":12,"turns":2},{"damage":13,"enemies":"3 Louse","floor":13,"turns":2},{"damage":10,"enemies":"Red Slaver","floor":14,"turns":2},{"damage":11,"enemies":"Hexaghost","floor":16,"turns":9}],"seed_played":"-5355600383021622816","potions_obtained":[{"floor":1,"key":"FearPotion"},{"floor":7,"key":"Dexterity Potion"},{"floor":12,"key":"Explosive Potion"}],"is_trial":false,"path_per_floor":["?","?","M"],"character_chosen":"DEFECT","items_purchased":["Coolheaded"],"campfire_rested":0,"item_purchase_floors":[3],"current_hp_per_floor":[75,75,75,75,75,55,43,43,43,43,43,33,20,10,10,0],"gold":191,"neow_bonus":"THREE_ENEMY_KILL","is_prod":false,"is_daily":false,"chose_seed":false,"campfire_upgraded":1,"win_rate":0.0,"timestamp":1565876839,"path_taken":["M","M","$","M","?","E","M","R","T","R","?","M","?","M","R","BOSS"],"build_version":"2019-01-23","purchased_purges":0,"victory":false,"max_hp_per_floor":[75,75,75,75,75,75,75,75,75,75,75,75,75,75,75,75],"card_choices":[{"not_picked":["Go for the Eyes","Tempest"],"picked":"Heatsinks","floor":1},{"not_picked":["Leap","Darkness"],"picked":"Steam","floor":2},{"not_picked":["Conserve Battery","Consume"],"picked":"FTL","floor":4},{"not_picked":["Gash","Compile Driver"],"picked":"Scrape","floor":6},{"not_picked":["Hello World","Consume"],"picked":"Beam Cell","floor":7},{"not_picked":["Tempest","Cold Snap"],"picked":"Beam Cell","floor":12},{"not_picked":["Stack","Steam"],"picked":"Chaos","floor":13},{"not_picked":["Ball Lightning","Conserve Battery"],"picked":"Redo","floor":14}],"player_experience":1495,"relics_obtained":[{"floor":6,"key":"Bottled Flame"},{"floor":9,"key":"Peace Pipe"}],"event_choices":[{"damage_healed":0,"gold_gain":0,"cards_transformed":["Defend_B"],"player_choice":"Change","damage_taken":0,"max_hp_gain":0,"max_hp_loss":0,"event_name":"Living Wall","floor":5,"gold_loss":0,"cards_obtained":["Auto Shields"]},{"damage_healed":0,"gold_gain":0,"player_choice":"Cursed","damage_taken":0,"max_hp_gain":0,"max_hp_loss":0,"event_name":"Wheel of Change","floor":11,"gold_loss":0,"cards_obtained":["Decay"]}],"is_beta":false,"boss_relics":[],"items_purged_floors":[],"is_endless":false,"potions_floor_spawned":[1,7,12],"killed_by":"Hexaghost","ascension_level":0}