{"gold_per_floor":[110,110,131,156,9,44,44,44,124,124,0,13,49,0,0,123,123,141,157,176,10,10,10,45,45,45,45],"floor_reached":27,"playtime":956,"items_purged":["Strike_B"],"score":239,"play_id":"292dd755-bc0b-4786-bf26-fe43e3fe514a","local_time":"20190613145604","is_ascension_mode":false,"campfire_choices":[{"data":"Zap","floor":7,"key":"SMITH"},{"data":"Dualcast","floor":10,"key":"SMITH"},{"data":"Sweeping Beam","floor":15,"key":"SMITH"},{"floor":23,"key":"REST"}],"neow_cost":"NONE","seed_source_timestamp":2623631559248,"circlet_count":0,"master_deck":["Strike_B","Strike_B","Strike_B","Defend_B","Defend_B","Defend_B","Defend_B","Zap+1","Dualcast+1","Cold Snap","Injury","Leap","Sweeping Beam+1","Ball Lightning","Gash","Multi-Cast","Barrage+1","Streamline+1","Coolheaded","Loop","Steam","Gash+1"],"relics":["Cracked Core","NeowsBlessing","Bloody Idol","Bag of Marbles","Omamori","Matryoshka","Bottled Flame","Velvet Choker","Molten Egg 2","Art of War","Pantograph"],"potions_floor_usage":[6,13,16,27],"damage_taken":[{"damage":0,"enemies":"Jaw Worm","floor":1,"turns":1},{"damage":0,"enemies":"Small Slimes","floor":3,"turns":1},{"damage":0,"enemies":"Cultist","floor":4,"turns":1},{"damage":12,"enemies":"Gremlin Nob","floor":6,"turns":4},{"damage":0,"enemies":"Exordium Wildlife","floor":12,"turns":2},{"damage":11,"enemies":"3 Sentries","floor":13,"turns":5},{"damage":2,"enemies":"Slime Boss","floor":16,"turns":6},{"damage":23,"enemies":"3 Byrds","floor":18,"turns":5},{"damage":16,"enemies":"2 Thieves","floor":19,"turns":4},{"damage":10,"enemies":"3 Cultists","floor":20,"turns":5},{"damage":25,"enemies":"Slavers","floor":24,"turns":5},{"damage":25,"enemies":"Snake Plant","floor":27,"turns":3}],"seed_played":"-368639199876719501","potions_obtained":[{"floor":1,"key":"Energy Potion"},{"floor":3,"key":"Regen Potion"},{"floor":4,"key":"Weak Potion"},{"floor":8,"key":"FocusPotion"},{"floor":16,"key":"Strength Potion"},{"floor":20,"key":"Swift Potion"}],"is_trial":false,"path_per_floor":["M","?","M","M","$","E","R","?","T","R","$","M","E","$","R","B",null,"M","M","M","$","?","R","E","?","T","M"],"character_chosen":"DEFECT","items_purchased":["Bag of Marbles","Ball Lightning","Weak Potion","Coolheaded","Loop","Steam"],"campfire_rested":1,"item_purchase_floors":[5,11,14,21,21,21],"current_hp_per_floor":[75,75,75,75,75,63,63,63,63,63,63,63,66,66,66,64,75,52,36,26,26,26,48,23,23,23,0],"gold":45,"neow_bonus":"THREE_ENEMY_KILL","is_prod":false,"is_daily":false,"chose_seed":false,"campfire_upgraded":3,"win_rate":0.0,"timestamp":1560455764,"path_taken":["M","?","M","M","$","E","R","?","T","R","$","M","E","$","R","BOSS","M","M","M","$","?","R","E","?","T","M"],"build_version":"2019-01-23","purchased_purges":1,"victory":false,"max_hp_per_floor":[75,75,75,75,75,75,75,75,75,75,75,75,75,75,75,75,75,75,75,75,75,75,75,75,75,75,75],"card_choices":[{"not_picked":["Aggregate","Go for the Eyes"],"picked":"Cold Snap","floor":1},{"not_picked":["Hello World","Go for the Eyes"],"picked":"Leap","floor":3},{"not_picked":["Heatsinks","Rip and Tear"],"picked":"Sweeping Beam","floor":4},{"not_picked":["Leap","Sweeping Beam","Scrape"],"picked":"SKIP","floor":6},{"not_picked":["Genetic Algorithm","Storm"],"picked":"Gash","floor":12},{"not_picked":["Double Energy","Stack","Self Repair"],"picked":"SKIP","floor":13},{"not_picked":["Creative AI","Reboot"],"picked":"Multi-Cast","floor":16},{"not_picked":["Redo","Compile Driver"],"picked":"Barrage+1","floor":18},{"not_picked":["Aggregate+1","Conserve Battery"],"picked":"Streamline+1","floor":19},{"not_picked":["Darkness","Creative AI","Sweeping Beam"],"picked":"SKIP","floor":20},{"not_picked":["Heatsinks","Reboot"],"picked":"Gash","floor":24}],"player_experience":78169,"relics_obtained":[{"floor":6,"key":"Omamori"},{"floor":9,"key":"Matryoshka"},{"floor":13,"key":"Bottled Flame"},{"floor":24,"key":"Molten Egg 2"},{"floor":26,"key":"Art of War"},{"floor":26,"key":"Pantograph"}],"event_choices":[{"damage_healed":0,"gold_gain":0,"player_choice":"Take Wound","damage_taken":0,"relics_obtained":["Golden Idol"],"max_hp_gain":0,"max_hp_loss":0,"event_name":"Golden Idol","floor":2,"gold_loss":0,"cards_obtained":["Injury"]},{"damage_healed":0,"gold_gain":0,"player_choice":"Got Potions","damage_taken":0,"max_hp_gain":0,"max_hp_loss":0,"event_name":"Lab","floor":8,"gold_loss":0},{"damage_healed":0,"gold_gain":0,"player_choice":"Ignored","damage_taken":0,"max_hp_gain":0,"max_hp_loss":0,"event_name":"Vampires","floor":22,"gold_loss":0},{"damage_healed":0,"gold_gain":0,"player_choice":"Gave Idol","damage_taken":0,"relics_obtained":["Bloody Idol"],"max_hp_gain":0,"max_hp_loss":0,"event_name":"Forgotten Altar","floor":25,"relics_lost":["Golden Idol"],"gold_loss":0}],"is_beta":false,"boss_relics":[{"not_picked":["Ectoplasm","Fusion Hammer"],"picked":"Velvet Choker"}],"items_purged_floors":[11],"is_endless":false,"potions_floor_spawned":[1,3,4,16,20,24],"killed_by":"Snake Plant","ascension_level":0}