{"gold_per_floor":[110,110,124,25,41,41,74,74,74,74,89,89,89,120,120,197,197,208,208,222,272],"floor_reached":21,"playtime":1001,"items_purged":[],"score":337,"play_id":"7b32deba-f321-4fdc-96b0-962039c89e09","local_time":"20190818142134","is_ascension_mode":true,"campfire_choices":[{"data":"Bash","floor":6,"key":"SMITH"},{"data":"Good Instincts","floor":8,"key":"SMITH"},{"data":"Finesse","floor":10,"key":"SMITH"},{"data":"Perfected Strike","floor":15,"key":"SMITH"}],"neow_cost":"CURSE","seed_source_timestamp":13819606593898,"circlet_count":0,"master_deck":["AscendersBane","Strike_R","Strike_R","Strike_R","Strike_R","Strike_R","Defend_R","Defend_R","Defend_R","Defend_R","Bash+1","Mind Blast+1","Good Instincts+1","Injury","Clothesline","Pommel Strike","Finesse+1","Sword Boomerang","Ghostly Armor","Cleave","Perfected Strike+1","Demon Form","Heavy Blade","Heavy Blade"],"relics":["Burning Blood","StoneCalendar","Calipers","Matryoshka","Eternal Feather","SsserpentHead"],"potions_floor_usage":[7,16,20],"damage_taken":[{"damage":11,"enemies":"2 Louse","floor":1,"turns":3},{"damage":2,"enemies":"Small Slimes","floor":3,"turns":3},{"damage":0,"enemies":"Cultist","floor":5,"turns":3},{"damage":20,"enemies":"Gremlin Nob","floor":7,"turns":4},{"damage":8,"enemies":"Looter","floor":11,"turns":3},{"damage":30,"enemies":"3 Sentries","floor":14,"turns":7},{"damage":28,"enemies":"Hexaghost","floor":16,"turns":9},{"damage":14,"enemies":"Spheric Guardian","floor":18,"turns":4},{"damage":51,"enemies":"3 Byrds","floor":20,"turns":7},{"damage":52,"enemies":"Sentry and Sphere","floor":21,"turns":5}],"seed_played":"-2098345858463735110","potions_obtained":[{"floor":5,"key":"Poison Potion"},{"floor":7,"key":"Weak Potion"},{"floor":14,"key":"FairyPotion"},{"floor":16,"key":"BloodPotion"}],"is_trial":false,"path_per_floor":["M","?","M","$","M","R","E","R","T","R","M","?","?","E","R","B",null,"M","?","M","M"],"character_chosen":"IRONCLAD","items_purchased":["Finesse"],"campfire_rested":0,"item_purchase_floors":[4],"current_hp_per_floor":[63,63,67,67,73,73,59,59,59,59,57,62,62,38,38,16,64,56,56,31,0],"gold":272,"neow_bonus":"RANDOM_COLORLESS_2","is_prod":false,"is_daily":false,"chose_seed":false,"campfire_upgraded":4,"win_rate":0,"timestamp":1566163294,"path_taken":["M","?","M","$","M","R","E","R","T","R","M","?","?","E","R","BOSS","M","?","M","?"],"build_version":"2019-07-17","purchased_purges":0,"victory":false,"max_hp_per_floor":[75,75,75,75,75,75,75,75,75,75,75,80,80,80,80,80,80,80,80,80,80],"card_choices":[{"not_picked":["Body Slam","Anger"],"picked":"Clothesline","floor":1},{"not_picked":["Sword Boomerang","Perfected Strike"],"picked":"Pommel Strike","floor":3},{"not_picked":["Anger","Cleave"],"picked":"Sword Boomerang","floor":5},{"not_picked":["Havoc","Reckless Charge"],"picked":"Ghostly Armor","floor":7},{"not_picked":["Bloodletting","Second Wind"],"picked":"Cleave","floor":11},{"not_picked":["Flex","Second Wind"],"picked":"Perfected Strike","floor":14},{"not_picked":["Bludgeon","Berserk"],"picked":"Demon Form","floor":16},{"not_picked":["Havoc","Battle Trance"],"picked":"Heavy Blade","floor":18},{"not_picked":["Thunderclap","Sever Soul"],"picked":"Heavy Blade","floor":20}],"player_experience":678663,"relics_obtained":[{"floor":7,"key":"StoneCalendar"},{"floor":9,"key":"Calipers"},{"floor":14,"key":"Matryoshka"}],"event_choices":[{"damage_healed":0,"gold_gain":0,"player_choice":"Grow","damage_taken":0,"max_hp_gain":0,"max_hp_loss":0,"event_name":"Living Wall","floor":2,"gold_loss":0,"cards_upgraded":["Mind Blast"]},{"damage_healed":0,"gold_gain":0,"player_choice":"Donut","damage_taken":0,"max_hp_gain":5,"max_hp_loss":0,"event_name":"Big Fish","floor":12,"gold_loss":0},{"damage_healed":0,"gold_gain":0,"player_choice":"Searched \u00271\u0027 times","damage_taken":0,"max_hp_gain":0,"max_hp_loss":0,"event_name":"Dead Adventurer","floor":13,"gold_loss":0},{"damage_healed":0,"gold_gain":0,"player_choice":"Trade","damage_taken":0,"relics_obtained":["SsserpentHead"],"max_hp_gain":0,"max_hp_loss":0,"event_name":"FaceTrader","floor":19,"gold_loss":0}],"is_beta":false,"boss_relics":[{"not_picked":["Runic Pyramid","Tiny House"],"picked":"Eternal Feather"}],"items_purged_floors":[],"is_endless":false,"potions_floor_spawned":[5,7,14,16],"killed_by":"Sentry and Sphere","ascension_level":16}