{"gold_per_floor":[118,129,129,144,154,154,182,182,207,167,195,214,241,257,257,358,358,338,39,39,50,64,64,77,77,103,135,148,148,148,63,63,63],"floor_reached":33,"playtime":1464,"items_purged":["Strike_B"],"score":369,"play_id":"39ef0d3e-698e-49f7-b2eb-225702cfa1e5","local_time":"20190717220938","is_ascension_mode":true,"campfire_choices":[{"data":"Dualcast","floor":6.0,"key":"SMITH"},{"data":"Conserve Battery","floor":8.0,"key":"SMITH"},{"data":"Coolheaded","floor":15.0,"key":"SMITH"},{"data":"Loop","floor":23.0,"key":"SMITH"},{"floor":25.0,"key":"REST"},{"data":"Loop","floor":30.0,"key":"SMITH"},{"data":"Capacitor","floor":32.0,"key":"SMITH"}],"neow_cost":"NONE","seed_source_timestamp":367211256292559,"circlet_count":0,"master_deck":["Strike_B","Strike_B","Strike_B","Defend_B","Defend_B","Defend_B","Defend_B","Zap","Dualcast+1","Chill","Ball Lightning","Cold Snap","Conserve Battery+1","Coolheaded+1","Gash","Melter","Storm+1","Lockon+1","Loop+1","Capacitor+1","Loop+1","Machine Learning","Gash"],"special_seed":0,"relics":["Cracked Core","Dream Catcher","Regal Pillow","Art of War","Lantern","Nuclear Battery","PreservedInsect","Bag of Preparation","Ancient Tea Set","Bronze Scales"],"potions_floor_usage":[33],"damage_taken":[{"damage":0.0,"enemies":"Jaw Worm","floor":1.0,"turns":4.0},{"damage":0.0,"enemies":"2 Louse","floor":2.0,"turns":2.0},{"damage":0.0,"enemies":"Cultist","floor":4.0,"turns":4.0},{"damage":9.0,"enemies":"Blue Slaver","floor":5.0,"turns":3.0},{"damage":15.0,"enemies":"Lagavulin","floor":7.0,"turns":6.0},{"damage":8.0,"enemies":"3 Sentries","floor":11.0,"turns":6.0},{"damage":0.0,"enemies":"3 Louse","floor":12.0,"turns":3.0},{"damage":7.0,"enemies":"Lagavulin","floor":13.0,"turns":6.0},{"damage":2.0,"enemies":"Large Slime","floor":14.0,"turns":4.0},{"damage":21.0,"enemies":"Slime Boss","floor":16.0,"turns":5.0},{"damage":16.0,"enemies":"2 Thieves","floor":18.0,"turns":4.0},{"damage":2.0,"enemies":"Shell Parasite","floor":21.0,"turns":4.0},{"damage":35.0,"enemies":"Snake Plant","floor":22.0,"turns":5.0},{"damage":15.0,"enemies":"Chosen and Byrds","floor":24.0,"turns":5.0},{"damage":15.0,"enemies":"Book of Stabbing","floor":27.0,"turns":4.0},{"damage":8.0,"enemies":"Shelled Parasite and Fungi","floor":28.0,"turns":6.0},{"damage":69,"enemies":"Collector","floor":33,"turns":7}],"seed_played":"-4636290127522275470","potions_obtained":[{"floor":0.0,"key":"EssenceOfSteel"},{"floor":0.0,"key":"AttackPotion"},{"floor":0.0,"key":"Fruit Juice"},{"floor":4.0,"key":"SpeedPotion"},{"floor":5.0,"key":"Fire Potion"},{"floor":7.0,"key":"FearPotion"},{"floor":10.0,"key":"Explosive Potion"},{"floor":10.0,"key":"Explosive Potion"},{"floor":13.0,"key":"Fire Potion"},{"floor":14.0,"key":"Poison Potion"},{"floor":21.0,"key":"SpeedPotion"}],"is_trial":false,"path_per_floor":["M","M","?","M","M","R","E","R","T","?","E","M","E","M","R","B",null,"M","$","?","M","M","R","M","R","T","E","M","?","R","?","R","B"],"character_chosen":"DEFECT","items_purchased":["PreservedInsect","LiquidBronze"],"campfire_rested":1,"item_purchase_floors":[19,19],"current_hp_per_floor":[80,80,85,85,76,76,61,61,61,61,53,53,46,44,44,23,85,69,69,53,51,16,16,1,43,43,28,20,50,50,50,50,0],"gold":63,"neow_bonus":"THREE_SMALL_POTIONS","is_prod":false,"is_daily":false,"chose_seed":false,"campfire_upgraded":6,"win_rate":0,"timestamp":1563419378,"path_taken":["M","M","?","M","M","R","E","R","T","?","E","?","E","M","R","BOSS","M","$","?","M","M","R","M","R","T","E","M","?","R","?","R","BOSS"],"build_version":"2019-07-17","purchased_purges":1,"victory":false,"max_hp_per_floor":[80,80,85,85,85,85,85,85,85,85,85,85,85,85,85,85,85,85,85,90,90,90,90,90,90,90,90,90,90,90,90,90,90],"card_choices":[{"not_picked":["Double Energy","Skim"],"picked":"Chill","floor":1.0},{"not_picked":["Streamline","Steam","Tempest"],"picked":"SKIP","floor":2.0},{"not_picked":["Streamline","Cold Snap"],"picked":"Ball Lightning","floor":4.0},{"not_picked":["Barrage","Redo"],"picked":"Cold Snap","floor":5.0},{"not_picked":["Ball Lightning","Redo"],"picked":"Conserve Battery","floor":7.0},{"not_picked":["Stack","Meteor Strike"],"picked":"Coolheaded","floor":11.0},{"not_picked":["Turbo","Consume","Steam Power"],"picked":"SKIP","floor":12.0},{"not_picked":["Coolheaded","Auto Shields"],"picked":"Gash","floor":13.0},{"not_picked":["Redo","Storm"],"picked":"Melter","floor":14.0},{"not_picked":["Steam","Leap"],"picked":"Storm+1","floor":18.0},{"not_picked":["Self Repair","Go for the Eyes"],"picked":"Lockon+1","floor":21.0},{"not_picked":["Auto Shields","Coolheaded"],"picked":"Loop","floor":22.0},{"not_picked":["Lockon","Force Field"],"picked":"Capacitor","floor":24.0},{"not_picked":["Coolheaded","Streamline+1"],"picked":"Loop","floor":25.0},{"not_picked":["Compile Driver","Double Energy"],"picked":"Machine Learning","floor":27.0},{"not_picked":["Cold Snap+1","Auto Shields"],"picked":"Gash","floor":28.0}],"player_experience":223100,"relics_obtained":[{"floor":7.0,"key":"Dream Catcher"},{"floor":9.0,"key":"Regal Pillow"},{"floor":11.0,"key":"Art of War"},{"floor":13.0,"key":"Lantern"},{"floor":26.0,"key":"Bag of Preparation"},{"floor":27.0,"key":"Ancient Tea Set"}],"event_choices":[{"damage_healed":0.0,"max_hp_gain":5.0,"max_hp_loss":0.0,"gold_gain":0.0,"event_name":"Big Fish","player_choice":"Donut","floor":3.0,"gold_loss":0.0,"damage_taken":0.0},{"damage_healed":0.0,"max_hp_gain":0.0,"max_hp_loss":0.0,"gold_gain":0.0,"event_name":"The Woman in Blue","player_choice":"Bought 3 Potions","floor":10.0,"gold_loss":0.0,"damage_taken":0.0},{"damage_healed":0.0,"max_hp_gain":5.0,"max_hp_loss":0.0,"gold_gain":0.0,"event_name":"Forgotten Altar","player_choice":"Shed Blood","floor":20.0,"gold_loss":0.0,"damage_taken":21.0},{"damage_healed":30.0,"max_hp_gain":0.0,"max_hp_loss":0.0,"gold_gain":0.0,"event_name":"The Library","player_choice":"Heal","floor":29.0,"gold_loss":0.0,"damage_taken":0.0},{"damage_healed":0.0,"max_hp_gain":0.0,"max_hp_loss":0.0,"gold_gain":0.0,"event_name":"Addict","player_choice":"Obtained Relic","floor":31.0,"gold_loss":85.0,"damage_taken":0.0,"relics_obtained":["Bronze Scales"]}],"is_beta":false,"boss_relics":[{"not_picked":["Astrolabe","Black Star"],"picked":"Nuclear Battery"}],"items_purged_floors":[19],"is_endless":false,"potions_floor_spawned":[4,5,7,13,14,21],"killed_by":"Collector","ascension_level":4}