{"gold_per_floor":[118,128,77,95,95,95,129,146,146,160,517,517,536,554,554,653,653,642,655,670,685,62,62,161,180,180,192,192,207,207,219,219,324,324,342,358,358,358,371,371,371],"floor_reached":41,"playtime":2359,"items_purged":["Demon Form"],"score":451,"play_id":"1f2e0906-6446-4caa-8d24-0ed725cb7364","local_time":"20190807031119","is_ascension_mode":false,"campfire_choices":[{"data":"Double Tap","floor":6,"key":"SMITH"},{"floor":12,"key":"REST"},{"data":"1","floor":15,"key":"LIFT"},{"floor":23,"key":"REST"},{"data":"2","floor":28,"key":"LIFT"},{"data":"3","floor":30,"key":"LIFT"},{"floor":32,"key":"REST"},{"floor":40,"key":"REST"}],"neow_cost":"NONE","seed_source_timestamp":87695086087287,"circlet_count":0,"master_deck":["Strike_R","Strike_R","Strike_R","Strike_R","Strike_R","Defend_R","Defend_R","Defend_R","Defend_R","Bash","Double Tap+1","Anger","Thunderclap","Anger","Anger","Flame Barrier","Inflame","Perfected Strike","Ghostly Armor+1","Anger+1","Anger+1","Anger","Warcry+1","Metallicize","Seeing Red+1","Headbutt"],"relics":["Burning Blood","Pantograph","Girya","Magic Flower","Old Coin","Lizard Tail","Toxic Egg 2","Pocketwatch","Du-Vu Doll","Busted Crown"],"potions_floor_usage":[11,16,16,29,31,33,33,33,39,39],"damage_taken":[{"damage":0,"enemies":"2 Louse","floor":1,"turns":4},{"damage":5,"enemies":"Small Slimes","floor":2,"turns":4},{"damage":2,"enemies":"Jaw Worm","floor":4,"turns":4},{"damage":32,"enemies":"Gremlin Nob","floor":7,"turns":4},{"damage":18,"enemies":"Exordium Wildlife","floor":8,"turns":4},{"damage":13,"enemies":"Red Slaver","floor":10,"turns":2},{"damage":24,"enemies":"Gremlin Nob","floor":11,"turns":5},{"damage":7,"enemies":"Blue Slaver","floor":13,"turns":3},{"damage":6,"enemies":"Exordium Thugs","floor":14,"turns":4},{"damage":54,"enemies":"Hexaghost","floor":16,"turns":6},{"damage":13,"enemies":"2 Thieves","floor":18,"turns":4},{"damage":29,"enemies":"Spheric Guardian","floor":19,"turns":5},{"damage":55,"enemies":"Snake Plant","floor":20,"turns":5},{"damage":35,"enemies":"Shelled Parasite and Fungi","floor":21,"turns":5},{"damage":18,"enemies":"Cultist and Chosen","floor":25,"turns":6},{"damage":15,"enemies":"Chosen and Byrds","floor":27,"turns":6},{"damage":29,"enemies":"Shelled Parasite and Fungi","floor":29,"turns":4},{"damage":4,"enemies":"3 Cultists","floor":31,"turns":5},{"damage":27,"enemies":"Champ","floor":33,"turns":8},{"damage":17,"enemies":"Orb Walker","floor":35,"turns":3},{"damage":13,"enemies":"3 Shapes","floor":36,"turns":3},{"damage":14,"enemies":"3 Darklings","floor":39,"turns":5},{"damage":93,"enemies":"Reptomancer","floor":41,"turns":2}],"seed_played":"-6556884167855633388","potions_obtained":[{"floor":10,"key":"BloodPotion"},{"floor":11,"key":"Strength Potion"},{"floor":14,"key":"AttackPotion"},{"floor":16,"key":"Poison Potion"},{"floor":19,"key":"FearPotion"},{"floor":20,"key":"Strength Potion"},{"floor":29,"key":"Strength Potion"},{"floor":31,"key":"Swift Potion"},{"floor":33,"key":"Block Potion"},{"floor":35,"key":"EssenceOfSteel"}],"is_trial":false,"path_per_floor":["M","M","$","M","?","R","E","M","T","M","?","R","M","M","R","B",null,"M","M","M","M","$","R","?","M","T","M","R","M","R","M","R","B",null,"M","M","?","?","M","R","E"],"character_chosen":"IRONCLAD","items_purchased":["Anger","Toxic Egg 2","Pocketwatch"],"campfire_rested":4,"item_purchase_floors":[3,22,22],"current_hp_per_floor":[80,80,80,80,62,62,36,24,24,20,35,59,61,64,64,35,80,76,56,10,44,44,68,68,59,59,53,53,33,33,38,62,62,80,72,68,68,60,55,79,0],"gold":371,"neow_bonus":"ONE_RANDOM_RARE_CARD","is_prod":false,"is_daily":false,"chose_seed":false,"campfire_upgraded":1,"win_rate":0.0,"timestamp":1565172679,"path_taken":["M","M","$","M","?","R","E","M","T","M","?","R","M","M","R","BOSS","M","M","M","M","$","R","?","M","T","M","R","M","R","M","R","BOSS","M","M","?","?","M","R","E"],"build_version":"2019-07-17","purchased_purges":1,"victory":false,"max_hp_per_floor":[80,80,80,80,80,80,80,80,80,80,80,80,80,80,80,80,80,80,80,80,80,80,80,80,80,80,80,80,80,80,80,80,80,80,80,80,80,80,80,80,80],"card_choices":[{"not_picked":["Pommel Strike","Heavy Blade"],"picked":"Anger","floor":1},{"not_picked":["Power Through","Pommel Strike"],"picked":"Thunderclap","floor":2},{"not_picked":["Ghostly Armor","Rampage"],"picked":"Anger","floor":4},{"not_picked":["Battle Trance","Rage","Twin Strike"],"picked":"SKIP","floor":7},{"not_picked":["Body Slam","Dual Wield","Thunderclap"],"picked":"SKIP","floor":8},{"not_picked":["Entrench","Pommel Strike"],"picked":"Flame Barrier","floor":10},{"not_picked":["Dropkick","Infernal Blade"],"picked":"Inflame","floor":11},{"not_picked":["Blood for Blood","Disarm","Twin Strike"],"picked":"SKIP","floor":13},{"not_picked":["Warcry","Ghostly Armor"],"picked":"Perfected Strike","floor":14},{"not_picked":["Fiend Fire","Dark Embrace"],"picked":"Demon Form","floor":16},{"not_picked":["Iron Wave","Whirlwind+1"],"picked":"Ghostly Armor+1","floor":18},{"not_picked":["Infernal Blade","Iron Wave"],"picked":"Anger+1","floor":19},{"not_picked":["Flex+1","Cleave"],"picked":"Anger+1","floor":20},{"not_picked":["Sword Boomerang","Searing Blow","Iron Wave"],"picked":"SKIP","floor":21},{"not_picked":["Demon Form","Headbutt"],"picked":"Anger","floor":25},{"not_picked":["Battle Trance+1","Sword Boomerang"],"picked":"Warcry+1","floor":27},{"not_picked":["Sword Boomerang+1","Anger+1"],"picked":"Metallicize","floor":29},{"not_picked":["Battle Trance+1","True Grit+1"],"picked":"Seeing Red+1","floor":31},{"not_picked":[],"picked":"Headbutt","floor":35},{"not_picked":["Heavy Blade+1"],"picked":"SKIP","floor":36},{"not_picked":["True Grit+1"],"picked":"SKIP","floor":39}],"player_experience":22642,"relics_obtained":[{"floor":7,"key":"Girya"},{"floor":9,"key":"Magic Flower"},{"floor":11,"key":"Old Coin"},{"floor":26,"key":"Du-Vu Doll"}],"event_choices":[{"damage_healed":0,"gold_gain":0,"player_choice":"Success","damage_taken":18,"relics_obtained":["Pantograph"],"max_hp_gain":0,"max_hp_loss":0,"event_name":"Scrap Ooze","floor":5,"gold_loss":0},{"damage_healed":0,"gold_gain":0,"player_choice":"Searched \u00272\u0027 times","damage_taken":0,"max_hp_gain":0,"max_hp_loss":0,"event_name":"Dead Adventurer","floor":11,"gold_loss":0},{"damage_healed":0,"gold_gain":99,"player_choice":"Stole From Cult","damage_taken":0,"max_hp_gain":0,"max_hp_loss":0,"event_name":"Nest","floor":24,"gold_loss":0},{"damage_healed":0,"gold_gain":0,"player_choice":"Memory 1","damage_taken":0,"max_hp_gain":0,"max_hp_loss":0,"event_name":"SensoryStone","floor":37,"gold_loss":0},{"damage_healed":0,"gold_gain":0,"player_choice":"Damaged","damage_taken":8,"max_hp_gain":0,"max_hp_loss":0,"event_name":"Wheel of Change","floor":38,"gold_loss":0}],"is_beta":false,"boss_relics":[{"not_picked":["Fusion Hammer","Black Star"],"picked":"Lizard Tail"},{"not_picked":["Snecko Eye","Runic Pyramid"],"picked":"Busted Crown"}],"items_purged_floors":[22],"is_endless":false,"potions_floor_spawned":[10,11,14,16,19,20,27,29,31,33,35],"killed_by":"Reptomancer","ascension_level":0}