{"gold_per_floor":[109,125,141,28,107,107,119,153,153,228,228,241,241,19,19,118,118,137,137,0,18,37,70,22,65,65,17,17,17,51,70,70,164,227,248,248,248,295,420,420,436,0,27,75,102,114,160,122,134,146],"floor_reached":51,"playtime":2304,"items_purged":["Parasite","Injury"],"score":1585,"play_id":"689d3891-cf3a-41ec-b083-d40486d10c80","local_time":"20190818135243","is_ascension_mode":true,"campfire_choices":[{"data":"1","floor":6,"key":"LIFT"},{"data":"2","floor":11,"key":"LIFT"},{"data":"3","floor":15,"key":"LIFT"},{"data":"Sword Boomerang","floor":29,"key":"SMITH"},{"data":"Bash","floor":32,"key":"SMITH"},{"data":"Flame Barrier","floor":40,"key":"SMITH"},{"data":"Pummel","floor":46,"key":"SMITH"},{"data":"Havoc","floor":49,"key":"SMITH"}],"neow_cost":"CURSE","seed_source_timestamp":10747726854922,"circlet_count":0,"master_deck":["AscendersBane","Strike_R","Strike_R","Strike_R","Strike_R","Strike_R","Defend_R+1","Defend_R+1","Defend_R+1","Defend_R","Bash+1","Havoc+1","Clothesline","Sword Boomerang","Pummel+1","Sword Boomerang","Offering","Sword Boomerang+1","Pummel","Flex","Reaper","Clothesline","Flame Barrier+1","Spot Weakness+1","Havoc+1","Armaments+1","Havoc+1","Shrug It Off+1","Limit Break+1","Flex+1","Reaper+1","Twin Strike","Heavy Blade+1","Flex+1","Infernal Blade+1","Metamorphosis+1","Shrug It Off+1","Sword Boomerang","Armaments+1","Power Through+1"],"relics":["Burning Blood","Girya","Gremlin Horn","Question Card","Golden Idol","Sozu","Nilry\u0027s Codex","Toxic Egg 2","Blood Vial","Darkstone Periapt","War Paint","Oddly Smooth Stone","Tiny House","Centennial Puzzle","Ginger","Boot","MawBank","Charon\u0027s Ashes","Pen Nib"],"potions_floor_usage":[12,16],"damage_taken":[{"damage":4,"enemies":"Small Slimes","floor":1,"turns":4},{"damage":10,"enemies":"2 Louse","floor":2,"turns":4},{"damage":14,"enemies":"Jaw Worm","floor":3,"turns":5},{"damage":21,"enemies":"Exordium Wildlife","floor":7,"turns":3},{"damage":20,"enemies":"Gremlin Nob","floor":8,"turns":4},{"damage":8,"enemies":"Looter","floor":12,"turns":2},{"damage":6,"enemies":"Hexaghost","floor":16,"turns":5},{"damage":0,"enemies":"Spheric Guardian","floor":18,"turns":2},{"damage":6,"enemies":"3 Byrds","floor":21,"turns":2},{"damage":24,"enemies":"Cultist and Chosen","floor":22,"turns":5},{"damage":20,"enemies":"Gremlin Leader","floor":23,"turns":3},{"damage":6,"enemies":"Slavers","floor":25,"turns":2},{"damage":0,"enemies":"Gremlin Leader","floor":30,"turns":3},{"damage":0,"enemies":"Snecko","floor":31,"turns":3},{"damage":25,"enemies":"Automaton","floor":33,"turns":6},{"damage":10,"enemies":"Orb Walker","floor":35,"turns":3},{"damage":18,"enemies":"Mind Bloom Boss Battle","floor":39,"turns":4},{"damage":11,"enemies":"3 Shapes","floor":41,"turns":2},{"damage":39,"enemies":"Nemesis","floor":44,"turns":5},{"damage":18,"enemies":"Spire Growth","floor":45,"turns":2},{"damage":7,"enemies":"Giant Head","floor":47,"turns":2},{"damage":60,"enemies":"Donu and Deca","floor":50,"turns":5}],"seed_played":"4761594076891984689","potions_obtained":[{"floor":1,"key":"BloodPotion"},{"floor":12,"key":"Block Potion"},{"floor":16,"key":"SpeedPotion"}],"is_trial":false,"path_per_floor":["M","M","M","$","?","R","M","E","T","?","R","M","?","$","R","B",null,"M","?","?","M","M","E","$","E","T","$","T","R","E","M","R","B",null,"M","?","?","T","?","R","M","$","T","E","M","R","E","?","R","B",null],"character_chosen":"IRONCLAD","items_purchased":["Pummel","Pummel","Flex","Armaments+1","Shrug It Off+1","Infernal Blade+1","Metamorphosis+1","Shrug It Off+1","Boot"],"campfire_rested":0,"item_purchase_floors":[4,14,14,24,27,42,42,42,42],"current_hp_per_floor":[70,66,58,58,58,58,43,29,29,18,18,34,34,34,34,34,63,69,48,48,64,56,52,52,72,72,72,72,72,72,72,72,67,76,73,73,73,73,77,77,72,72,72,77,65,65,77,77,77,47],"gold":158,"neow_bonus":"ONE_RARE_RELIC","is_prod":false,"is_daily":false,"chose_seed":false,"campfire_upgraded":5,"win_rate":0,"timestamp":1566161563,"path_taken":["M","M","M","$","?","R","M","E","T","?","R","M","?","$","R","BOSS","M","?","?","M","M","E","$","E","T","$","?","R","E","M","R","BOSS","M","?","?","?","?","R","M","$","T","E","M","R","E","?","R","BOSS"],"build_version":"2019-07-17","purchased_purges":2,"victory":true,"max_hp_per_floor":[75,75,75,72,72,72,72,72,72,72,72,72,72,72,72,72,72,72,72,72,72,72,72,72,72,72,72,72,72,72,72,72,72,77,77,77,77,77,77,77,77,77,77,77,77,77,77,77,77,77],"card_choices":[{"not_picked":["Perfected Strike","Armaments"],"picked":"Havoc","floor":1},{"not_picked":["Headbutt","Perfected Strike"],"picked":"Clothesline","floor":2},{"not_picked":["Clash","Carnage"],"picked":"Sword Boomerang","floor":3},{"not_picked":["Perfected Strike","Sever Soul"],"picked":"Sword Boomerang","floor":7},{"not_picked":["Infernal Blade","Thunderclap"],"picked":"Offering","floor":8},{"not_picked":["Flame Barrier","Perfected Strike","Wild Strike"],"picked":"Sword Boomerang","floor":12},{"not_picked":["Impervious","Fiend Fire","Demon Form"],"picked":"Reaper","floor":16},{"not_picked":["Rage","Armaments","Havoc"],"picked":"Clothesline","floor":18},{"not_picked":["Clash","Power Through","Anger"],"picked":"Flame Barrier","floor":21},{"not_picked":["Perfected Strike+1","Battle Trance","Headbutt"],"picked":"Spot Weakness","floor":22},{"not_picked":["Power Through","Wild Strike","Hemokinesis"],"picked":"Havoc","floor":23},{"not_picked":["Cleave","Bloodletting+1","Headbutt"],"picked":"Havoc+1","floor":25},{"not_picked":["Perfected Strike","Entrench+1","Searing Blow"],"picked":"Limit Break+1","floor":30},{"not_picked":["Clothesline+1","Cleave","Iron Wave"],"picked":"Flex+1","floor":31},{"not_picked":["Barricade","Berserk","Dark Embrace"],"picked":"Reaper","floor":33},{"not_picked":["Clothesline","Anger","Headbutt"],"picked":"Twin Strike","floor":34},{"not_picked":["Bloodletting+1","Clothesline+1","Blood for Blood"],"picked":"Thunderclap","floor":35},{"not_picked":["Battle Trance+1","True Grit+1","Wild Strike"],"picked":"Heavy Blade+1","floor":39},{"not_picked":["Searing Blow","Body Slam","Corruption"],"picked":"Flex+1","floor":41},{"not_picked":["Blood for Blood","Pommel Strike","Barricade"],"picked":"Sword Boomerang","floor":44},{"not_picked":["Twin Strike","Iron Wave","Rampage"],"picked":"Armaments+1","floor":45},{"not_picked":["True Grit+1","Body Slam","Fiend Fire"],"picked":"Power Through+1","floor":47}],"player_experience":675674,"relics_obtained":[{"floor":8,"key":"Gremlin Horn"},{"floor":9,"key":"Question Card"},{"floor":19,"key":"Nilry\u0027s Codex"},{"floor":23,"key":"Toxic Egg 2"},{"floor":25,"key":"Blood Vial"},{"floor":26,"key":"Darkstone Periapt"},{"floor":28,"key":"War Paint"},{"floor":30,"key":"Oddly Smooth Stone"},{"floor":38,"key":"Centennial Puzzle"},{"floor":39,"key":"Ginger"},{"floor":43,"key":"MawBank"},{"floor":44,"key":"Charon\u0027s Ashes"},{"floor":47,"key":"Pen Nib"}],"event_choices":[{"damage_healed":0,"gold_gain":79,"player_choice":"Gained Gold","damage_taken":0,"max_hp_gain":0,"max_hp_loss":0,"event_name":"Golden Wing","floor":5,"gold_loss":0},{"damage_healed":0,"gold_gain":75,"player_choice":"Gather Gold","damage_taken":11,"max_hp_gain":0,"max_hp_loss":0,"event_name":"World of Goop","floor":10,"gold_loss":0},{"damage_healed":0,"gold_gain":0,"player_choice":"Take Wound","damage_taken":0,"relics_obtained":["Golden Idol"],"max_hp_gain":0,"max_hp_loss":0,"event_name":"Golden Idol","floor":13,"gold_loss":0,"cards_obtained":["Injury"]},{"damage_healed":0,"gold_gain":0,"player_choice":"Obtained Book","damage_taken":21,"max_hp_gain":0,"max_hp_loss":0,"event_name":"Cursed Tome","floor":19,"gold_loss":0},{"damage_healed":0,"gold_gain":0,"player_choice":"Paid Fearfully","damage_taken":0,"max_hp_gain":0,"max_hp_loss":0,"event_name":"Masked Bandits","floor":20,"gold_loss":137},{"damage_healed":0,"gold_gain":0,"player_choice":"Ignored","damage_taken":0,"max_hp_gain":0,"max_hp_loss":0,"event_name":"Tomb of Lord Red Mask","floor":36,"gold_loss":0},{"cards_removed":["Thunderclap"],"damage_healed":0,"gold_gain":0,"player_choice":"Removed Attack","damage_taken":0,"max_hp_gain":0,"max_hp_loss":0,"event_name":"Falling","floor":37,"gold_loss":0},{"damage_healed":0,"gold_gain":0,"player_choice":"Fight","damage_taken":0,"max_hp_gain":0,"max_hp_loss":0,"event_name":"MindBloom","floor":39,"gold_loss":0},{"damage_healed":0,"gold_gain":0,"player_choice":"Upgraded Two","damage_taken":0,"max_hp_gain":0,"max_hp_loss":0,"event_name":"Designer","floor":48,"gold_loss":50,"cards_upgraded":["Reaper","Defend_R"]}],"is_beta":false,"boss_relics":[{"not_picked":["Ectoplasm","Black Blood"],"picked":"Sozu"},{"not_picked":["Empty Cage","Coffee Dripper"],"picked":"Tiny House"}],"items_purged_floors":[4,14],"is_endless":false,"potions_floor_spawned":[1,12,16,22,23,25,31,35,41,44],"ascension_level":15}