{"gold_per_floor":[110,126,138,158,176,205,205,219,246,304,304,331,344,362,362,459,459,477,477,487,497,215,247,172,172,199,199,199,199,229,243,243,346,346,363,111,124,141,160,160,188,208,208,208,224,0,0,0,0,0],"floor_reached":51,"playtime":3091,"items_purged":["Strike_B","Pain"],"score":867,"play_id":"26976c1e-c5e2-4b7a-a20b-8c2b24ae5579","local_time":"20190818131857","is_ascension_mode":true,"campfire_choices":[{"floor":7,"key":"REST"},{"floor":15,"key":"REST"},{"data":"Machine Learning","floor":25,"key":"SMITH"},{"floor":27,"key":"REST"},{"data":"Echo Form","floor":29,"key":"SMITH"},{"floor":32,"key":"REST"},{"data":"Go for the Eyes","floor":40,"key":"SMITH"},{"floor":44,"key":"REST"},{"floor":47,"key":"REST"},{"floor":49,"key":"REST"}],"neow_cost":"NONE","seed_source_timestamp":724387625081897,"circlet_count":0,"master_deck":["Strike_B","Strike_B","Defend_B","Defend_B","Defend_B","Defend_B","Zap","Dualcast","Ball Lightning","Coolheaded","Gash","Cold Snap","Go for the Eyes+1","Echo Form+1","Blizzard","Auto Shields","Glacier+1","Barrage","Biased Cognition","Conserve Battery","Cold Snap+1","Gash","Machine Learning+1","Gash+1","Gash+1","Double Energy+1","Fission+1","White Noise+1","Injury","Barrage","Capacitor+1","Defragment"],"relics":["Cracked Core","Ancient Tea Set","Lantern","Pen Nib","Potion Belt","Vajra","Cursed Key","DataDisk","Bag of Preparation","Sundial","Art of War","Meat on the Bone","Black Star","Dream Catcher","Toxic Egg 2","Gremlin Horn","Peace Pipe","Red Mask"],"potions_floor_usage":[6,6,30,30,33,41,41,41,41,41,41,41,42,50,50,50,50],"damage_taken":[{"damage":6,"enemies":"Cultist","floor":1,"turns":4},{"damage":10,"enemies":"Small Slimes","floor":2,"turns":3},{"damage":5,"enemies":"Jaw Worm","floor":3,"turns":4},{"damage":6,"enemies":"Large Slime","floor":4,"turns":5},{"damage":12,"enemies":"Blue Slaver","floor":5,"turns":3},{"damage":14,"enemies":"3 Sentries","floor":6,"turns":5},{"damage":0,"enemies":"Exordium Thugs","floor":8,"turns":4},{"damage":6,"enemies":"Gremlin Nob","floor":10,"turns":4},{"damage":11,"enemies":"Gremlin Nob","floor":12,"turns":4},{"damage":0,"enemies":"Large Slime","floor":13,"turns":5},{"damage":2,"enemies":"3 Louse","floor":14,"turns":2},{"damage":7,"enemies":"The Guardian","floor":16,"turns":11},{"damage":1,"enemies":"Chosen","floor":18,"turns":3},{"damage":0,"enemies":"3 Byrds","floor":20,"turns":4},{"damage":13,"enemies":"Snake Plant","floor":21,"turns":4},{"damage":15,"enemies":"Book of Stabbing","floor":23,"turns":6},{"damage":49,"enemies":"Gremlin Leader","floor":30,"turns":8},{"damage":6,"enemies":"Snecko","floor":31,"turns":4},{"damage":16,"enemies":"Champ","floor":33,"turns":10},{"damage":29,"enemies":"3 Darklings","floor":35,"turns":6},{"damage":6,"enemies":"Orb Walker","floor":37,"turns":3},{"damage":16,"enemies":"Transient","floor":38,"turns":5},{"damage":5,"enemies":"4 Shapes","floor":39,"turns":5},{"damage":58,"enemies":"Giant Head","floor":41,"turns":9},{"damage":12,"enemies":"Sphere and 2 Shapes","floor":42,"turns":4},{"damage":30,"enemies":"3 Darklings","floor":45,"turns":5},{"damage":36,"enemies":"Awakened One","floor":50,"turns":12}],"seed_played":"3715203140128469974","potions_obtained":[{"floor":2,"key":"Weak Potion"},{"floor":4,"key":"Explosive Potion"},{"floor":5,"key":"Regen Potion"},{"floor":8,"key":"GamblersBrew"},{"floor":10,"key":"SpeedPotion"},{"floor":13,"key":"FearPotion"},{"floor":21,"key":"SkillPotion"},{"floor":28,"key":"Fruit Juice"},{"floor":28,"key":"EntropicBrew"},{"floor":30,"key":"SpeedPotion"},{"floor":33,"key":"Strength Potion"},{"floor":38,"key":"PowerPotion"},{"floor":39,"key":"Regen Potion"},{"floor":41,"key":"Strength Potion"},{"floor":45,"key":"FocusPotion"}],"is_trial":false,"path_per_floor":["M","M","M","M","M","E","R","M","T","?","?","E","M","M","R","B",null,"M","?","M","M","$","E","$","R","T","R","?","R","E","M","R","B",null,"M","$","M","M","M","R","E","M","T","R","M","?","R","?","R","B",null],"character_chosen":"DEFECT","items_purchased":["Gash","Machine Learning","Bag of Preparation","Dream Catcher"],"campfire_rested":7,"item_purchase_floors":[22,22,22,36],"current_hp_per_floor":[69,59,54,48,36,36,58,58,58,52,45,34,34,32,54,47,75,74,74,74,61,61,46,46,46,46,68,68,68,24,30,54,50,80,51,51,45,41,48,48,17,17,17,41,23,23,47,47,71,47],"gold":0,"neow_bonus":"RANDOM_COMMON_RELIC","is_prod":false,"is_daily":false,"chose_seed":false,"campfire_upgraded":3,"win_rate":0,"timestamp":1566127137,"path_taken":["M","M","M","M","M","E","R","M","T","?","?","E","?","M","R","BOSS","M","?","M","M","$","E","$","R","T","R","?","R","E","M","R","BOSS","M","$","M","M","M","R","E","M","T","R","M","?","R","?","R","BOSS"],"build_version":"2019-07-17","purchased_purges":2,"victory":true,"max_hp_per_floor":[75,75,75,75,75,75,75,75,75,75,75,75,75,75,75,75,75,75,75,75,75,75,75,75,75,75,75,75,75,80,80,80,80,80,80,80,80,80,80,80,80,80,80,80,80,80,80,80,80,80],"card_choices":[{"not_picked":["Conserve Battery","Turbo"],"picked":"Ball Lightning","floor":1},{"not_picked":["Stack","Hologram"],"picked":"Coolheaded","floor":2},{"not_picked":["Self Repair","Chill","Hologram"],"picked":"SKIP","floor":3},{"not_picked":["Turbo","Streamline"],"picked":"Gash","floor":4},{"not_picked":["Undo","Double Energy"],"picked":"Cold Snap","floor":5},{"not_picked":["Conserve Battery","Auto Shields"],"picked":"Go for the Eyes","floor":6},{"not_picked":["Go for the Eyes","Barrage"],"picked":"Echo Form","floor":8},{"not_picked":["Self Repair","Darkness"],"picked":"Blizzard","floor":10},{"not_picked":["Fusion","Darkness"],"picked":"Auto Shields","floor":12},{"not_picked":["Coolheaded","Skim"],"picked":"Glacier","floor":13},{"not_picked":["Go for the Eyes","Coolheaded"],"picked":"Barrage","floor":14},{"not_picked":["Buffer","Echo Form"],"picked":"Biased Cognition","floor":16},{"not_picked":["Undo","Hologram","Reprogram"],"picked":"SKIP","floor":18},{"not_picked":["Hologram+1","Undo"],"picked":"Conserve Battery","floor":20},{"not_picked":["Beam Cell","Hologram"],"picked":"Cold Snap+1","floor":21},{"not_picked":["Hello World+1","Chaos","Force Field"],"picked":"SKIP","floor":23},{"not_picked":["Turbo","Chill","Coolheaded"],"picked":"SKIP","floor":30},{"not_picked":["Undo","Chill","Ball Lightning"],"picked":"SKIP","floor":31},{"not_picked":["Streamline+1","Reinforced Body+1"],"picked":"Gash+1","floor":35},{"not_picked":["Cold Snap+1","Loop+1","Ball Lightning"],"picked":"SKIP","floor":37},{"not_picked":["Beam Cell+1","Aggregate+1"],"picked":"Gash+1","floor":38},{"not_picked":["Redo","Compile Driver+1"],"picked":"Double Energy+1","floor":39},{"not_picked":["Chill","Sweeping Beam"],"picked":"Fission","floor":41},{"not_picked":["Rip and Tear+1","Tempest+1"],"picked":"White Noise+1","floor":42},{"not_picked":["Streamline","Lockon"],"picked":"Barrage","floor":44},{"not_picked":["Chill+1","Hello World+1"],"picked":"Capacitor+1","floor":45},{"not_picked":["Ball Lightning+1","Go for the Eyes"],"picked":"Defragment","floor":49}],"player_experience":131406,"relics_obtained":[{"floor":6,"key":"Lantern"},{"floor":9,"key":"Pen Nib"},{"floor":10,"key":"Potion Belt"},{"floor":12,"key":"Vajra"},{"floor":23,"key":"Sundial"},{"floor":26,"key":"Art of War"},{"floor":30,"key":"Meat on the Bone"},{"floor":41,"key":"Toxic Egg 2"},{"floor":41,"key":"Gremlin Horn"},{"floor":43,"key":"Peace Pipe"}],"event_choices":[{"damage_healed":0,"gold_gain":30,"player_choice":"Searched \u00272\u0027 times","damage_taken":0,"max_hp_gain":0,"max_hp_loss":0,"event_name":"Dead Adventurer","floor":10,"gold_loss":0},{"cards_removed":["Strike_B"],"damage_healed":0,"gold_gain":0,"player_choice":"Card Removal","damage_taken":7,"max_hp_gain":0,"max_hp_loss":0,"event_name":"Golden Wing","floor":11,"gold_loss":0},{"damage_healed":0,"gold_gain":0,"player_choice":"Opened","damage_taken":0,"relics_obtained":["DataDisk"],"max_hp_gain":0,"max_hp_loss":0,"event_name":"The Mausoleum","floor":19,"gold_loss":0},{"damage_healed":0,"gold_gain":0,"player_choice":"Got Potions","damage_taken":0,"max_hp_gain":0,"max_hp_loss":0,"event_name":"Lab","floor":28,"gold_loss":0},{"damage_healed":0,"gold_gain":0,"player_choice":"Paid","damage_taken":0,"relics_obtained":["Red Mask"],"max_hp_gain":0,"max_hp_loss":0,"event_name":"Tomb of Lord Red Mask","floor":46,"gold_loss":224},{"damage_healed":0,"gold_gain":0,"player_choice":"Forge","damage_taken":0,"max_hp_gain":0,"max_hp_loss":0,"event_name":"Accursed Blacksmith","floor":48,"gold_loss":0,"cards_upgraded":["Glacier"]}],"is_beta":false,"boss_relics":[{"not_picked":["Nuclear Battery","Astrolabe"],"picked":"Cursed Key"},{"not_picked":["Pandora\u0027s Box","Snecko Eye"],"picked":"Black Star"}],"items_purged_floors":[24,36],"is_endless":false,"potions_floor_spawned":[2,4,5,8,10,13,21,23,30,33,38,39,41,45],"ascension_level":4}