{"gold_per_floor":[109,125,145,145,100,100,132,132,132,166,182,182,182,221,221,311,311,336,9,9,29,48,48,69,69,69,83,4,37,53,73,73,171,171,196,41,54,54],"floor_reached":38,"playtime":2685,"items_purged":["Regret","Normality"],"score":749,"play_id":"ee70537b-d56a-4352-be8a-4034065b57e9","local_time":"20181109230810","is_ascension_mode":true,"campfire_choices":[{"data":"Sucker Punch","floor":6,"key":"SMITH"},{"floor":8,"key":"REST"},{"floor":13,"key":"REST"},{"data":"Doppelganger","floor":15,"key":"SMITH"},{"floor":23,"key":"REST"},{"floor":25,"key":"REST"},{"floor":32,"key":"REST"}],"neow_cost":"NONE","seed_source_timestamp":13191450937853,"circlet_count":0,"master_deck":["AscendersBane","Defend_G","Defend_G","Defend_G","Defend_G","Defend_G","Strike_G","Strike_G","Strike_G","Strike_G","Strike_G","Survivor","Neutralize","Backflip","Sucker Punch+1","Tools of the Trade","Dagger Throw","Riddle With Holes","Doppelganger+1","Dagger Throw","Eviscerate","Storm of Steel","Leg Sweep","Eviscerate","Underhanded Strike","Eviscerate","Dagger Throw","Dagger Spray","Skewer","Malaise","Underhanded Strike","Caltrops+1","Night Terror","Decay"],"relics":["Snecko Eye","Dodecahedron","Pantograph","Omamori","Golden Idol","Letter Opener","WristBlade","DollysMirror","Nloth\u0027s Gift","Turnip","Oddly Smooth Stone","Calling Bell","Snake Skull","Singing Bowl","Calipers"],"potions_floor_usage":[7,10,14,31,33,33,37,38],"damage_taken":[{"damage":5,"enemies":"2 Louse","floor":1,"turns":3},{"damage":2,"enemies":"Cultist","floor":2,"turns":4},{"damage":0,"enemies":"Jaw Worm","floor":3,"turns":4},{"damage":19,"enemies":"Looter","floor":5,"turns":5},{"damage":15,"enemies":"Gremlin Nob","floor":7,"turns":5},{"damage":16,"enemies":"3 Sentries","floor":10,"turns":6},{"damage":16,"enemies":"Blue Slaver","floor":11,"turns":4},{"damage":6,"enemies":"Lagavulin","floor":14,"turns":6},{"damage":25,"enemies":"Hexaghost","floor":16,"turns":10},{"damage":21,"enemies":"Shell Parasite","floor":18,"turns":4},{"damage":0,"enemies":"Spheric Guardian","floor":21,"turns":2},{"damage":13,"enemies":"Snecko","floor":22,"turns":3},{"damage":4,"enemies":"Cultist and Chosen","floor":24,"turns":4},{"damage":0,"enemies":"3 Cultists","floor":27,"turns":4},{"damage":24,"enemies":"Book of Stabbing","floor":29,"turns":3},{"damage":12,"enemies":"Snake Plant","floor":30,"turns":4},{"damage":12,"enemies":"Cultist and Chosen","floor":31,"turns":3},{"damage":33,"enemies":"Champ","floor":33,"turns":8},{"damage":39,"enemies":"3 Darklings","floor":35,"turns":4},{"damage":0,"enemies":"Orb Walker","floor":37,"turns":2},{"damage":46,"enemies":"Transient","floor":38,"turns":3}],"seed_played":"526475458240282163","potions_obtained":[{"floor":2,"key":"EssenceOfSteel"},{"floor":7,"key":"Explosive Potion"},{"floor":11,"key":"GamblersBrew"},{"floor":21,"key":"PowerPotion"},{"floor":24,"key":"GamblersBrew"},{"floor":31,"key":"SpeedPotion"},{"floor":37,"key":"Explosive Potion"}],"is_trial":false,"path_per_floor":["M","M","M","?","M","R","E","R","T","E","M","?","R","E","R","B",null,"M","$","?","M","M","R","M","R","T","M","$","E","M","M","R","B",null,"M","$","M","M"],"character_chosen":"THE_SILENT","items_purchased":["DollysMirror","Underhanded Strike","Skewer","SteroidPotion"],"campfire_rested":5,"item_purchase_floors":[19,19,28,36],"current_hp_per_floor":[54,52,52,52,33,33,18,37,37,21,5,5,24,18,18,18,54,33,33,33,33,20,39,35,54,54,54,54,30,18,6,25,17,54,17,17,19,0],"gold":54,"neow_bonus":"BOSS_RELIC","is_prod":false,"is_daily":false,"chose_seed":false,"campfire_upgraded":2,"win_rate":0,"timestamp":1541833690,"path_taken":["M","M","M","?","M","R","E","R","T","E","M","?","R","E","R","BOSS","M","$","?","?","M","R","M","R","T","M","?","E","M","?","R","BOSS","M","$","M","M"],"build_version":"2018-11-08","purchased_purges":2,"victory":false,"max_hp_per_floor":[66,66,66,66,66,66,66,66,66,66,66,66,66,66,66,66,66,66,66,66,66,66,66,66,66,66,66,66,66,66,66,66,66,66,68,68,70,70],"card_choices":[{"not_picked":["Sucker Punch","Deflect"],"picked":"Backflip","floor":1},{"not_picked":["Accuracy","Poisoned Stab"],"picked":"Sucker Punch","floor":2},{"not_picked":["All Out Attack","Sucker Punch"],"picked":"Tools of the Trade","floor":3},{"not_picked":["Deadly Poison","Sucker Punch"],"picked":"Dagger Throw","floor":5},{"not_picked":["Infinite Blades","Outmaneuver"],"picked":"Riddle With Holes","floor":7},{"not_picked":["Underhanded Strike","Prepared"],"picked":"Doppelganger","floor":10},{"not_picked":["Calculated Gamble","Dodge and Roll"],"picked":"Dagger Throw","floor":11},{"not_picked":["Caltrops","Noxious Fumes"],"picked":"Eviscerate","floor":14},{"not_picked":["Unload","Burst"],"picked":"Storm of Steel","floor":16},{"not_picked":["Deflect","Masterful Stab"],"picked":"Leg Sweep","floor":18},{"not_picked":["Prepared","Choke"],"picked":"Eviscerate","floor":21},{"not_picked":["Prepared","Deadly Poison"],"picked":"Dagger Throw","floor":22},{"not_picked":["Deadly Poison","Outmaneuver","Prepared"],"picked":"SKIP","floor":24},{"not_picked":["Storm of Steel","Bane"],"picked":"Dagger Spray","floor":27},{"not_picked":["Distraction","Underhanded Strike"],"picked":"Malaise","floor":29},{"not_picked":["Sucker Punch","Infinite Blades"],"picked":"Underhanded Strike","floor":30},{"not_picked":["Underhanded Strike","Outmaneuver"],"picked":"Caltrops+1","floor":31},{"not_picked":["Burst","Die Die Die"],"picked":"Night Terror","floor":33},{"not_picked":["Slice","Quick Slash","Dagger Spray"],"picked":"Singing Bowl","floor":35},{"not_picked":["Quick Slash+1","All Out Attack","Slice"],"picked":"Singing Bowl","floor":37}],"player_experience":633866,"relics_obtained":[{"floor":7,"key":"Pantograph"},{"floor":9,"key":"Omamori"},{"floor":10,"key":"Smiling Mask"},{"floor":14,"key":"Letter Opener"},{"floor":26,"key":"Turnip"},{"floor":29,"key":"Oddly Smooth Stone"},{"floor":34,"key":"Snake Skull"},{"floor":34,"key":"Singing Bowl"},{"floor":34,"key":"Calipers"}],"event_choices":[{"damage_healed":0,"gold_gain":0,"player_choice":"Box","damage_taken":0,"relics_obtained":["Dodecahedron"],"max_hp_gain":0,"max_hp_loss":0,"event_name":"Big Fish","floor":4,"gold_loss":0,"cards_obtained":["Regret"]},{"damage_healed":0,"gold_gain":0,"player_choice":"Take Wound","damage_taken":0,"relics_obtained":["Golden Idol"],"max_hp_gain":0,"max_hp_loss":0,"event_name":"Golden Idol","floor":12,"gold_loss":0,"cards_obtained":["Injury"]},{"damage_healed":0,"gold_gain":0,"player_choice":"Traded Relic","damage_taken":0,"relics_obtained":["Nloth\u0027s Gift"],"max_hp_gain":0,"max_hp_loss":0,"event_name":"N\u0027loth","floor":20,"relics_lost":["Smiling Mask"],"gold_loss":0}],"is_beta":false,"boss_relics":[{"not_picked":["Runic Dome","Empty Cage"],"picked":"WristBlade"},{"not_picked":["Coffee Dripper","White Beast Statue"],"picked":"Calling Bell"}],"items_purged_floors":[19,36],"is_endless":false,"potions_floor_spawned":[2,7,11,21,24,31,37],"killed_by":"Transient","ascension_level":16}