{"gold_per_floor":[110,110,185,185,204,237,20,53,100,117,117,151,161,161,161,161],"floor_reached":16,"playtime":670,"items_purged":[],"score":236,"play_id":"af47fe6f-041b-4aa4-873c-34806e900410","local_time":"20190317170226","is_ascension_mode":true,"campfire_choices":[{"data":"Corruption","floor":11,"key":"SMITH"},{"floor":15,"key":"REST"}],"neow_cost":"NONE","seed_source_timestamp":655498159663,"circlet_count":0,"master_deck":["AscendersBane","Strike_R","Strike_R+1","Strike_R","Strike_R","Strike_R","Defend_R","Defend_R","Defend_R","Bash+1","Sentinel","Uppercut","Fiend Fire","Corruption+1","Heavy Blade+1","Metallicize","Whirlwind","Heavy Blade"],"relics":["Burning Blood","NeowsBlessing","Bronze Scales","Omamori","Art of War","Regal Pillow","StoneCalendar"],"potions_floor_usage":[8,12,12],"damage_taken":[{"damage":0,"enemies":"Jaw Worm","floor":1,"turns":1},{"damage":0,"enemies":"2 Louse","floor":5,"turns":1},{"damage":0,"enemies":"Lagavulin","floor":6,"turns":1},{"damage":24,"enemies":"Gremlin Nob","floor":8,"turns":3},{"damage":10,"enemies":"Small Slimes","floor":10,"turns":3},{"damage":37,"enemies":"3 Sentries","floor":12,"turns":8},{"damage":12,"enemies":"Exordium Wildlife","floor":13,"turns":3},{"damage":47,"enemies":"The Guardian","floor":16,"turns":6}],"seed_played":"-7158104267803870943","potions_obtained":[{"floor":1,"key":"PowerPotion"},{"floor":5,"key":"BloodPotion"},{"floor":8,"key":"SkillPotion"}],"is_trial":false,"path_per_floor":["M","?","?","?","M","E","$","E","T","M","R","E","M","?","R","B"],"character_chosen":"IRONCLAD","items_purchased":["Corruption","Omamori"],"campfire_rested":1,"item_purchase_floors":[7,7],"current_hp_per_floor":[78,71,60,60,66,72,72,54,54,50,50,27,21,5,44,0],"gold":161,"neow_bonus":"THREE_ENEMY_KILL","is_prod":false,"is_daily":false,"chose_seed":false,"campfire_upgraded":1,"win_rate":0,"timestamp":1552867346,"path_taken":["M","?","?","?","M","E","$","E","T","M","R","E","M","?","R","BOSS"],"build_version":"2018-12-13","purchased_purges":0,"victory":false,"max_hp_per_floor":[80,80,80,80,80,80,80,80,80,80,80,80,80,80,80,80],"card_choices":[{"not_picked":["Headbutt","Thunderclap"],"picked":"Sentinel","floor":1},{"not_picked":["Clash","Flex"],"picked":"Uppercut","floor":5},{"not_picked":["Uppercut","Anger"],"picked":"Fiend Fire","floor":6},{"not_picked":["Rupture","Body Slam"],"picked":"Heavy Blade","floor":8},{"not_picked":["Battle Trance","Rampage"],"picked":"Metallicize","floor":10},{"not_picked":["Warcry","Uppercut"],"picked":"Whirlwind","floor":12},{"not_picked":["Combust","Clash"],"picked":"Heavy Blade","floor":13}],"player_experience":639681,"relics_obtained":[{"floor":6,"key":"Bronze Scales"},{"floor":8,"key":"Art of War"},{"floor":9,"key":"Regal Pillow"},{"floor":12,"key":"StoneCalendar"}],"event_choices":[{"cards_removed":["Defend_R"],"damage_healed":0,"gold_gain":0,"player_choice":"Card Removal","damage_taken":7,"max_hp_gain":0,"max_hp_loss":0,"event_name":"Golden Wing","floor":2,"gold_loss":0},{"damage_healed":0,"gold_gain":75,"player_choice":"Gather Gold","damage_taken":11,"max_hp_gain":0,"max_hp_loss":0,"event_name":"World of Goop","floor":3,"gold_loss":0},{"damage_healed":0,"gold_gain":0,"player_choice":"Grow","damage_taken":0,"max_hp_gain":0,"max_hp_loss":0,"event_name":"Living Wall","floor":4,"gold_loss":0,"cards_upgraded":["Bash"]},{"damage_healed":0,"gold_gain":0,"player_choice":"Entered Light","damage_taken":16,"max_hp_gain":0,"max_hp_loss":0,"event_name":"Shining Light","floor":14,"gold_loss":0,"cards_upgraded":["Heavy Blade","Strike_R"]}],"is_beta":false,"boss_relics":[],"items_purged_floors":[],"is_endless":false,"potions_floor_spawned":[1,5,8],"killed_by":"The Guardian","ascension_level":13}