{"gold_per_floor":[116,19,19,39,39,72,72,91,115,149,161,41,6,40,40,135,135,146,164,181,181,131,131,158,158,158,108,108,119,119,151,151,248,248,263,281,281,231,231,231,260,260,308,108,126,126,0,0,0,0],"floor_reached":51,"playtime":2579,"items_purged":["Regret","Strike_G","Strike_G","Regret","Doubt"],"score":951,"play_id":"c676eced-838b-480b-b1d5-e89a35227f34","local_time":"20190817235911","is_ascension_mode":true,"campfire_choices":[{"data":"Noxious Fumes","floor":7,"key":"SMITH"},{"data":"Neutralize","floor":15,"key":"SMITH"},{"data":"Glass Knife","floor":23,"key":"SMITH"},{"data":"Burst","floor":25,"key":"SMITH"},{"data":"Catalyst","floor":30,"key":"SMITH"},{"floor":32,"key":"REST"},{"data":"Dodge and Roll","floor":40,"key":"SMITH"},{"floor":42,"key":"REST"},{"floor":49,"key":"RECALL"}],"neow_cost":"NONE","seed_source_timestamp":714004620100548,"circlet_count":0,"master_deck":["Strike_G+1","Strike_G+1","Strike_G+1","Defend_G+1","Defend_G+1","Defend_G+1","Defend_G+1","Defend_G+1","Survivor+1","Neutralize+1","Noxious Fumes+1","Bandage Up+1","Backflip+1","Calculated Gamble+1","Adrenaline+1","Dodge and Roll+1","Blur+1","Crippling Poison+1","Glass Knife+1","Backflip+1","Catalyst+1","Deadly Poison+1","Burst+1","After Image+1","Terror+1","Thinking Ahead+1","Well Laid Plans+1","Escape Plan+1"],"relics":["Ring of the Snake","NeowsBlessing","Smiling Mask","Orichalcum","Vajra","Snake Skull","Paper Crane","Sozu","Enchiridion","Shuriken","Ornamental Fan","Pear","Bag of Preparation","Calling Bell","Regal Pillow","Darkstone Periapt","The Specimen","Potion Belt","PreservedInsect","Mark of the Bloom","Red Mask","Spirit Poop"],"potions_floor_usage":[14,50,50,50],"damage_taken":[{"damage":0,"enemies":"Jaw Worm","floor":1,"turns":1},{"damage":3,"enemies":"Small Slimes","floor":4,"turns":2},{"damage":0,"enemies":"3 Sentries","floor":6,"turns":1},{"damage":9,"enemies":"2 Louse","floor":8,"turns":3},{"damage":20,"enemies":"Gremlin Nob","floor":10,"turns":5},{"damage":4,"enemies":"2 Fungi Beasts","floor":11,"turns":4},{"damage":13,"enemies":"3 Sentries","floor":14,"turns":6},{"damage":8,"enemies":"Hexaghost","floor":16,"turns":11},{"damage":3,"enemies":"2 Thieves","floor":18,"turns":3},{"damage":10,"enemies":"Spheric Guardian","floor":19,"turns":6},{"damage":2,"enemies":"Snecko","floor":20,"turns":5},{"damage":0,"enemies":"Gremlin Leader","floor":24,"turns":8},{"damage":9,"enemies":"Centurion and Healer","floor":29,"turns":7},{"damage":12,"enemies":"Book of Stabbing","floor":31,"turns":4},{"damage":17,"enemies":"Automaton","floor":33,"turns":8},{"damage":0,"enemies":"Orb Walker","floor":35,"turns":3},{"damage":1,"enemies":"3 Shapes","floor":36,"turns":5},{"damage":38,"enemies":"Giant Head","floor":41,"turns":8},{"damage":0,"enemies":"Maw","floor":45,"turns":6},{"damage":14,"enemies":"Donu and Deca","floor":50,"turns":6}],"seed_played":"6034907785949057183","potions_obtained":[{"floor":1,"key":"Strength Potion"},{"floor":8,"key":"SteroidPotion"},{"floor":10,"key":"Explosive Potion"},{"floor":14,"key":"GamblersBrew"}],"is_trial":false,"path_per_floor":["M","$","?","M","?","E","R","M","T","E","M","$","?","E","R","B",null,"M","M","M","?","$","R","E","R","T","$","?","M","R","E","R","B",null,"M","M","?","$","?","R","E","R","T","$","M","?","?","?","R","B",null],"character_chosen":"THE_SILENT","items_purchased":["Bandage Up","Blur","Well Laid Plans","Escape Plan"],"campfire_rested":2,"item_purchase_floors":[2,12,44,44],"current_hp_per_floor":[70,70,70,67,67,67,67,62,62,46,46,46,63,54,54,50,70,67,60,62,46,46,46,50,50,50,50,60,55,55,47,71,58,80,80,79,79,79,79,79,42,80,80,80,80,80,80,80,80,66],"gold":0,"neow_bonus":"THREE_ENEMY_KILL","is_prod":false,"is_daily":false,"chose_seed":false,"campfire_upgraded":6,"win_rate":0,"timestamp":1566079151,"path_taken":["M","$","?","M","?","E","R","M","T","E","M","$","?","E","R","BOSS","M","M","M","?","$","R","E","R","T","$","?","M","R","E","R","BOSS","M","M","?","$","?","R","E","R","T","$","?","?","?","?","R","BOSS"],"build_version":"2019-07-17","purchased_purges":5,"victory":true,"max_hp_per_floor":[70,70,70,70,70,70,70,70,70,70,70,70,70,70,70,70,70,70,70,70,70,70,70,70,70,70,70,80,80,80,80,80,80,80,80,80,80,80,80,80,80,80,80,80,80,80,80,80,80,80],"card_choices":[{"not_picked":["Crippling Poison","Flechettes"],"picked":"Noxious Fumes","floor":1},{"not_picked":["Quick Slash","Dagger Spray","Underhanded Strike"],"picked":"SKIP","floor":4},{"not_picked":["Quick Slash","Finisher"],"picked":"Backflip","floor":6},{"not_picked":["Accuracy","Noxious Fumes"],"picked":"Calculated Gamble","floor":8},{"not_picked":["Sucker Punch","Acrobatics"],"picked":"Adrenaline","floor":10},{"not_picked":["Dagger Spray","Underhanded Strike"],"picked":"Dodge and Roll","floor":11},{"not_picked":["Phantasmal Killer","Sucker Punch"],"picked":"Crippling Poison","floor":14},{"not_picked":["Night Terror","A Thousand Cuts"],"picked":"Glass Knife","floor":16},{"not_picked":["Quick Slash+1","Deadly Poison"],"picked":"Backflip","floor":18},{"not_picked":["Blur","Sucker Punch"],"picked":"Catalyst","floor":19},{"not_picked":["Finisher","Underhanded Strike"],"picked":"Deadly Poison","floor":20},{"not_picked":["Poisoned Stab","Catalyst+1"],"picked":"Burst","floor":24},{"not_picked":["Deadly Poison","Endless Agony","Deflect"],"picked":"SKIP","floor":29},{"not_picked":["Slice","Reflex","Underhanded Strike"],"picked":"SKIP","floor":31},{"not_picked":["Corpse Explosion","Envenom"],"picked":"After Image","floor":33},{"not_picked":["Catalyst","Riddle With Holes"],"picked":"Terror","floor":35},{"not_picked":["Outmaneuver","Endless Agony+1","Slice+1"],"picked":"SKIP","floor":36},{"not_picked":["Violence","PanicButton"],"picked":"Thinking Ahead","floor":37},{"not_picked":["Bane+1","Cloak And Dagger+1","PiercingWail"],"picked":"SKIP","floor":41},{"not_picked":["Endless Agony","Slice+1","Dagger Throw+1"],"picked":"SKIP","floor":45}],"player_experience":128827,"relics_obtained":[{"floor":6,"key":"Orichalcum"},{"floor":9,"key":"Vajra"},{"floor":10,"key":"Snake Skull"},{"floor":14,"key":"Paper Crane"},{"floor":21,"key":"Enchiridion"},{"floor":24,"key":"Shuriken"},{"floor":26,"key":"Ornamental Fan"},{"floor":31,"key":"Bag of Preparation"},{"floor":34,"key":"Regal Pillow"},{"floor":34,"key":"Darkstone Periapt"},{"floor":34,"key":"The Specimen"},{"floor":41,"key":"Potion Belt"},{"floor":43,"key":"PreservedInsect"}],"event_choices":[{"damage_healed":0,"gold_gain":0,"player_choice":"Box","damage_taken":0,"relics_obtained":["Smiling Mask"],"max_hp_gain":0,"max_hp_loss":0,"event_name":"Big Fish","floor":3,"gold_loss":0,"cards_obtained":["Regret"]},{"damage_healed":0,"gold_gain":0,"player_choice":"Ignored","damage_taken":0,"max_hp_gain":0,"max_hp_loss":0,"event_name":"Liars Game","floor":5,"gold_loss":0},{"damage_healed":17,"gold_gain":0,"player_choice":"Healed","damage_taken":0,"max_hp_gain":0,"max_hp_loss":0,"event_name":"The Cleric","floor":13,"gold_loss":35},{"damage_healed":0,"gold_gain":0,"player_choice":"Obtained Book","damage_taken":16,"max_hp_gain":0,"max_hp_loss":0,"event_name":"Cursed Tome","floor":21,"gold_loss":0},{"damage_healed":0,"gold_gain":0,"player_choice":"Opened","damage_taken":0,"relics_obtained":["Pear"],"max_hp_gain":0,"max_hp_loss":0,"event_name":"The Mausoleum","floor":28,"gold_loss":0},{"damage_healed":0,"gold_gain":0,"player_choice":"Memory 1","damage_taken":0,"max_hp_gain":0,"max_hp_loss":0,"event_name":"SensoryStone","floor":37,"gold_loss":0},{"damage_healed":0,"gold_gain":0,"player_choice":"Upgraded","damage_taken":0,"max_hp_gain":0,"max_hp_loss":0,"event_name":"Upgrade Shrine","floor":39,"gold_loss":0,"cards_upgraded":["Thinking Ahead"]},{"damage_healed":0,"gold_gain":0,"player_choice":"Upgrade","damage_taken":0,"relics_obtained":["Mark of the Bloom"],"max_hp_gain":0,"max_hp_loss":0,"event_name":"MindBloom","floor":46,"gold_loss":0,"cards_upgraded":["Strike_G","Strike_G","Strike_G","Defend_G","Defend_G","Defend_G","Defend_G","Defend_G","Survivor","Bandage Up","Backflip","Calculated Gamble","Adrenaline","Blur","Crippling Poison","Backflip","Deadly Poison","After Image","Terror","Well Laid Plans","Escape Plan"]},{"damage_healed":0,"gold_gain":0,"player_choice":"Paid","damage_taken":0,"relics_obtained":["Red Mask"],"max_hp_gain":0,"max_hp_loss":0,"event_name":"Tomb of Lord Red Mask","floor":47,"gold_loss":126},{"cards_removed":["Writhe"],"damage_healed":0,"gold_gain":0,"player_choice":"Offered Curse","damage_taken":0,"relics_obtained":["Spirit Poop"],"max_hp_gain":0,"max_hp_loss":0,"event_name":"Bonfire Elementals","floor":48,"gold_loss":0}],"is_beta":false,"boss_relics":[{"not_picked":["Lizard Tail","Fusion Hammer"],"picked":"Sozu"},{"not_picked":["Snecko Eye","Ring of the Serpent"],"picked":"Calling Bell"}],"items_purged_floors":[12,22,27,38,44],"is_endless":false,"potions_floor_spawned":[1,8,10,14,20,31,35,36],"ascension_level":4}