{"gold_per_floor":[118,138,113,125,125,156,15,15,42,70,90,117,137,170,170,268,268,279,279,129,141,41,41,41,41,92,119,119,135,10,25,25,122,122,136,136,46,59,59,59],"floor_reached":40,"playtime":2789,"items_purged":["Strike_R","Strike_R","Strike_R+1"],"score":478,"play_id":"8f3ef03b-5e00-422b-8e2a-4e1d8f846efd","local_time":"20190810013247","is_ascension_mode":true,"campfire_choices":[{"floor":8,"key":"REST"},{"data":"Uppercut","floor":15,"key":"SMITH"},{"floor":23,"key":"REST"},{"floor":32,"key":"REST"}],"neow_cost":"NONE","seed_source_timestamp":494249182149445,"circlet_count":0,"master_deck":["Defend_R","Defend_R","Defend_R","Defend_R","Body Slam","Shrug It Off","Sword Boomerang","Offering+1","Uppercut+1","Seeing Red","Body Slam","Feel No Pain","Barricade","Thunderclap+1","Corruption","Ghostly Armor","Intimidate","Offering","Armaments","Reaper","Berserk+1","Reaper+1","Madness","Madness","Second Wind","Pain"],"relics":["Burning Blood","Anchor","Regal Pillow","Bag of Preparation","Red Skull","Odd Mushroom","Orichalcum","Pear","Lizard Tail","Vajra","Shuriken","Astrolabe","WarpedTongs"],"potions_floor_usage":[11,16,31,33,33],"damage_taken":[{"damage":7,"enemies":"Cultist","floor":1,"turns":5},{"damage":9,"enemies":"Jaw Worm","floor":2,"turns":4},{"damage":0,"enemies":"2 Louse","floor":4,"turns":4},{"damage":28,"enemies":"Gremlin Nob","floor":6,"turns":5},{"damage":29,"enemies":"3 Sentries","floor":10,"turns":9},{"damage":17,"enemies":"The Mushroom Lair","floor":11,"turns":7},{"damage":19,"enemies":"Lagavulin","floor":12,"turns":5},{"damage":0,"enemies":"Looter","floor":13,"turns":2},{"damage":6,"enemies":"Gremlin Nob","floor":14,"turns":2},{"damage":52,"enemies":"The Guardian","floor":16,"turns":9},{"damage":53,"enemies":"Spheric Guardian","floor":18,"turns":9},{"damage":7,"enemies":"3 Byrds","floor":21,"turns":4},{"damage":13,"enemies":"Book of Stabbing","floor":27,"turns":5},{"damage":6,"enemies":"Snecko","floor":29,"turns":3},{"damage":31,"enemies":"Sentry and Sphere","floor":31,"turns":4},{"damage":132,"enemies":"Collector","floor":33,"turns":13},{"damage":18,"enemies":"3 Shapes","floor":35,"turns":7},{"damage":54,"enemies":"3 Darklings","floor":38,"turns":7},{"damage":59,"enemies":"Reptomancer","floor":40,"turns":2}],"seed_played":"-3760700944342594680","potions_obtained":[{"floor":1,"key":"BloodPotion"},{"floor":2,"key":"FearPotion"},{"floor":10,"key":"SkillPotion"},{"floor":12,"key":"PowerPotion"},{"floor":13,"key":"BloodPotion"},{"floor":18,"key":"SkillPotion"},{"floor":35,"key":"SpeedPotion"},{"floor":38,"key":"Strength Potion"}],"is_trial":false,"path_per_floor":["M","M","$","M","?","E","$","R","T","E","?","E","M","E","R","B",null,"M","?","$","M","$","R","$","?","T","E","?","M","$","M","R","B",null,"M","?","?","M","?","E"],"character_chosen":"IRONCLAD","items_purchased":["Shrug It Off","Offering","Uppercut","Corruption"],"campfire_rested":3,"item_purchase_floors":[3,7,7,20],"current_hp_per_floor":[79,76,76,80,64,42,42,80,80,57,66,53,59,69,69,23,90,43,43,43,42,42,84,84,84,84,77,77,77,77,52,90,33,90,90,79,79,56,56,0],"gold":59,"neow_bonus":"RANDOM_COMMON_RELIC","is_prod":false,"is_daily":false,"chose_seed":false,"campfire_upgraded":1,"win_rate":0,"timestamp":1565393567,"path_taken":["M","?","$","M","?","E","$","R","T","E","?","E","M","E","R","BOSS","M","?","$","M","$","R","?","?","T","E","?","?","$","M","R","BOSS","M","?","?","?","?","E"],"build_version":"2019-07-17","purchased_purges":3,"victory":false,"max_hp_per_floor":[80,80,80,80,80,80,80,80,80,80,80,80,80,90,90,90,90,90,90,90,90,90,90,90,90,90,90,90,90,90,90,90,90,90,90,90,90,90,90,90],"card_choices":[{"not_picked":["Hemokinesis","Blood for Blood"],"picked":"Rupture","floor":1},{"not_picked":["Dual Wield","Havoc"],"picked":"Body Slam","floor":2},{"not_picked":["Clash","Flex"],"picked":"Sword Boomerang","floor":4},{"not_picked":["Clash","Havoc","Wild Strike"],"picked":"SKIP","floor":6},{"not_picked":["Clash","Evolve","Fiend Fire"],"picked":"SKIP","floor":10},{"not_picked":["Perfected Strike","Thunderclap"],"picked":"Sword Boomerang","floor":11},{"not_picked":["Reckless Charge","Bludgeon"],"picked":"Seeing Red","floor":12},{"not_picked":["Twin Strike","Perfected Strike"],"picked":"Body Slam","floor":13},{"not_picked":["Pommel Strike","Body Slam"],"picked":"Feel No Pain","floor":14},{"not_picked":["Juggernaut","Immolate"],"picked":"Barricade","floor":16},{"not_picked":["Sword Boomerang+1","Cleave"],"picked":"Thunderclap+1","floor":18},{"not_picked":["Evolve","Dropkick"],"picked":"Ghostly Armor","floor":21},{"not_picked":["Body Slam+1","Evolve","Thunderclap"],"picked":"SKIP","floor":27},{"not_picked":["Clash","Headbutt"],"picked":"Armaments","floor":29},{"not_picked":["Dropkick","Warcry","Headbutt"],"picked":"SKIP","floor":31},{"not_picked":["Barricade","Limit Break"],"picked":"Reaper","floor":33},{"not_picked":["Iron Wave","Body Slam","Headbutt"],"picked":"SKIP","floor":35},{"not_picked":["Flex+1","Cleave"],"picked":"Second Wind","floor":38}],"player_experience":63049,"relics_obtained":[{"floor":6,"key":"Regal Pillow"},{"floor":9,"key":"Bag of Preparation"},{"floor":10,"key":"Red Skull"},{"floor":11,"key":"Odd Mushroom"},{"floor":12,"key":"Orichalcum"},{"floor":14,"key":"Pear"},{"floor":26,"key":"Vajra"},{"floor":27,"key":"Shuriken"}],"event_choices":[{"damage_healed":0,"gold_gain":0,"player_choice":"Entered Light","damage_taken":16,"max_hp_gain":0,"max_hp_loss":0,"event_name":"Shining Light","floor":5,"gold_loss":0,"cards_upgraded":["Strike_R","Strike_R"]},{"damage_healed":0,"gold_gain":0,"player_choice":"Fought Mushrooms","damage_taken":0,"max_hp_gain":0,"max_hp_loss":0,"event_name":"Mushrooms","floor":11,"gold_loss":0},{"cards_removed":["Strike_R"],"damage_healed":0,"gold_gain":0,"player_choice":"Purged","damage_taken":0,"max_hp_gain":0,"max_hp_loss":0,"event_name":"Purifier","floor":19,"gold_loss":0},{"damage_healed":0,"gold_gain":0,"cards_transformed":["Sword Boomerang","Rupture"],"player_choice":"Became Test Subject","damage_taken":0,"max_hp_gain":0,"max_hp_loss":0,"event_name":"Drug Dealer","floor":25,"gold_loss":0,"cards_obtained":["Intimidate","Combust"]},{"damage_healed":0,"gold_gain":0,"player_choice":"Copied","damage_taken":0,"max_hp_gain":0,"max_hp_loss":0,"event_name":"Duplicator","floor":28,"gold_loss":0,"cards_obtained":["Offering"]},{"damage_healed":0,"gold_gain":0,"player_choice":"Embrace Madness","damage_taken":11,"max_hp_gain":0,"max_hp_loss":0,"event_name":"Winding Halls","floor":36,"gold_loss":0,"cards_obtained":["Madness","Madness"]},{"cards_removed":["Reckless Charge"],"damage_healed":0,"gold_gain":0,"player_choice":"Upgrade and Remove","damage_taken":0,"max_hp_gain":0,"max_hp_loss":0,"event_name":"Designer","floor":37,"gold_loss":90,"cards_upgraded":["Offering"]},{"damage_healed":0,"gold_gain":0,"player_choice":"Rummage","damage_taken":0,"relics_obtained":["WarpedTongs"],"max_hp_gain":0,"max_hp_loss":0,"event_name":"Accursed Blacksmith","floor":39,"gold_loss":0,"cards_obtained":["Pain"]}],"is_beta":false,"boss_relics":[{"not_picked":["Runic Dome","Coffee Dripper"],"picked":"Lizard Tail"},{"not_picked":["Mark of Pain","Runic Cube"],"picked":"Astrolabe"}],"items_purged_floors":[20,22,30],"is_endless":false,"potions_floor_spawned":[1,2,10,12,13,14,18,35,38],"killed_by":"Reptomancer","ascension_level":1}