{"gold_per_floor":[109,109,128,139,139,139,150,166,166,185,214,68,68,78,78,178,178,192,210,229,245,245,245,245,261,261,261,293,293,318,46,46,46],"floor_reached":33,"playtime":4062,"items_purged":["Strike_B","Strike_B"],"score":296,"play_id":"1ed5a5c1-ad37-4be2-89c7-c931e7bdf951","local_time":"20190810175326","is_ascension_mode":true,"campfire_choices":[{"data":"Sunder","floor":6,"key":"SMITH"},{"data":"Dualcast","floor":13,"key":"SMITH"},{"data":"Machine Learning","floor":15,"key":"SMITH"},{"floor":23,"key":"REST"},{"floor":27,"key":"REST"},{"floor":32,"key":"REST"}],"neow_cost":"NONE","seed_source_timestamp":477866088579300,"circlet_count":0,"master_deck":["Strike_B","Strike_B","Defend_B","Defend_B","Defend_B","Defend_B","Zap+1","Dualcast+1","Sunder+1","Barrage","Ball Lightning","Turbo","Chill","Conserve Battery","Machine Learning+1","Ball Lightning","Stack","Reinforced Body","Hyperbeam","Go for the Eyes","Beam Cell","Beam Cell","Go for the Eyes","Steam","Seek","Coolheaded+1","Barrage","Conserve Battery","Chaos+1","Defragment"],"relics":["Cracked Core","Omamori","Oddly Smooth Stone","Orrery","Matryoshka","Juzu Bracelet","Dodecahedron","Symbiotic Virus","Smiling Mask","Art of War","Red Mask","Bag of Preparation"],"potions_floor_usage":[3,4,8,11,11,20,28,28],"damage_taken":[{"damage":0,"enemies":"Small Slimes","floor":1,"turns":3},{"damage":0,"enemies":"Jaw Worm","floor":3,"turns":2},{"damage":0,"enemies":"Cultist","floor":4,"turns":2},{"damage":6,"enemies":"Exordium Thugs","floor":7,"turns":3},{"damage":0,"enemies":"Red Slaver","floor":8,"turns":1},{"damage":0,"enemies":"2 Fungi Beasts","floor":10,"turns":2},{"damage":4,"enemies":"3 Sentries","floor":11,"turns":5},{"damage":0,"enemies":"Blue Slaver","floor":14,"turns":3},{"damage":12,"enemies":"The Guardian","floor":16,"turns":8},{"damage":14,"enemies":"Shell Parasite","floor":18,"turns":5},{"damage":6,"enemies":"Chosen","floor":19,"turns":4},{"damage":24,"enemies":"Snecko","floor":20,"turns":7},{"damage":30,"enemies":"Snake Plant","floor":21,"turns":5},{"damage":0,"enemies":"Cultist and Chosen","floor":25,"turns":6},{"damage":29,"enemies":"Slavers","floor":28,"turns":4},{"damage":0,"enemies":"Masked Bandits","floor":30,"turns":5},{"damage":63,"enemies":"Champ","floor":33,"turns":12}],"seed_played":"-2233393376728108504","potions_obtained":[{"floor":0,"key":"SteroidPotion"},{"floor":0,"key":"FairyPotion"},{"floor":0,"key":"EntropicBrew"},{"floor":1,"key":"Block Potion"},{"floor":7,"key":"Energy Potion"},{"floor":16,"key":"Explosive Potion"},{"floor":19,"key":"SkillPotion"},{"floor":20,"key":"LiquidBronze"},{"floor":21,"key":"Weak Potion"}],"is_trial":false,"path_per_floor":["M","?","M","M","?","R","M","M","T","M","E","$","R","M","R","B",null,"M","M","M","M","T","R","?","M","T","R","E","T","?","$","R","B"],"character_chosen":"DEFECT","items_purchased":["Ball Lightning","Stack","Defragment","Bag of Preparation"],"campfire_rested":3,"item_purchase_floors":[12,12,31,31],"current_hp_per_floor":[75,80,80,80,80,80,74,74,74,74,70,70,70,70,70,58,80,66,60,36,6,6,30,30,30,30,54,25,25,25,25,49,0],"gold":46,"neow_bonus":"THREE_SMALL_POTIONS","is_prod":false,"is_daily":false,"chose_seed":false,"campfire_upgraded":3,"win_rate":0,"timestamp":1565427206,"path_taken":["M","?","M","M","?","R","M","?","T","M","E","?","R","M","R","BOSS","M","M","M","M","?","R","?","M","T","R","E","?","?","$","R","BOSS"],"build_version":"2019-07-17","purchased_purges":2,"victory":false,"max_hp_per_floor":[75,80,80,80,80,80,80,80,80,80,80,80,80,80,80,80,80,80,80,80,80,80,80,80,80,80,80,80,80,80,80,80,80],"card_choices":[{"not_picked":["Gash","Reinforced Body"],"picked":"Sunder","floor":1},{"not_picked":["Skim","Redo"],"picked":"Barrage","floor":3},{"not_picked":["Capacitor","Streamline"],"picked":"Ball Lightning","floor":4},{"not_picked":["Double Energy","Streamline"],"picked":"Turbo","floor":7},{"not_picked":["Double Energy","Rebound"],"picked":"Chill","floor":8},{"not_picked":["Turbo","Stack"],"picked":"Conserve Battery","floor":10},{"not_picked":["Compile Driver","Capacitor"],"picked":"Machine Learning","floor":11},{"not_picked":["Compile Driver","Beam Cell"],"picked":"Reinforced Body","floor":14},{"not_picked":["Seek","Creative AI"],"picked":"Hyperbeam","floor":16},{"not_picked":["Gash","Recycle"],"picked":"Go for the Eyes","floor":17},{"not_picked":["Ball Lightning","Steam"],"picked":"Beam Cell","floor":17},{"not_picked":["Turbo","Streamline"],"picked":"Beam Cell","floor":17},{"not_picked":["Barrage","Hologram"],"picked":"Go for the Eyes","floor":17},{"not_picked":["Leap","Cold Snap"],"picked":"Steam","floor":17},{"not_picked":["Leap","Skim"],"picked":"Seek","floor":18},{"not_picked":["Rebound+1","Stack"],"picked":"Coolheaded+1","floor":19},{"not_picked":["Doom and Gloom","Cold Snap"],"picked":"Barrage","floor":20},{"not_picked":["Hologram","Sweeping Beam"],"picked":"Conserve Battery","floor":21},{"not_picked":["Machine Learning","Heatsinks","Rebound"],"picked":"SKIP","floor":25},{"not_picked":["Ball Lightning","Rebound","Fusion"],"picked":"SKIP","floor":28},{"not_picked":["Ball Lightning","Conserve Battery"],"picked":"Chaos+1","floor":30}],"player_experience":264454,"relics_obtained":[{"floor":9,"key":"Omamori"},{"floor":11,"key":"Oddly Smooth Stone"},{"floor":22,"key":"Matryoshka"},{"floor":26,"key":"Juzu Bracelet"},{"floor":26,"key":"Dodecahedron"},{"floor":28,"key":"Symbiotic Virus"},{"floor":29,"key":"Smiling Mask"},{"floor":29,"key":"Art of War"},{"floor":30,"key":"Red Mask"}],"event_choices":[{"damage_healed":0,"gold_gain":0,"player_choice":"Donut","damage_taken":0,"max_hp_gain":5,"max_hp_loss":0,"event_name":"Big Fish","floor":2,"gold_loss":0},{"damage_healed":0,"gold_gain":0,"player_choice":"Upgraded","damage_taken":0,"max_hp_gain":0,"max_hp_loss":0,"event_name":"Upgrade Shrine","floor":5,"gold_loss":0,"cards_upgraded":["Zap"]},{"damage_healed":0,"gold_gain":0,"player_choice":"Ignored","damage_taken":0,"max_hp_gain":0,"max_hp_loss":0,"event_name":"Vampires","floor":24,"gold_loss":0},{"damage_healed":0,"gold_gain":0,"player_choice":"Fought Bandits","damage_taken":0,"max_hp_gain":0,"max_hp_loss":0,"event_name":"Masked Bandits","floor":30,"gold_loss":0}],"is_beta":false,"boss_relics":[{"not_picked":["Eternal Feather","Pandora\u0027s Box"],"picked":"Orrery"}],"items_purged_floors":[12,31],"is_endless":false,"potions_floor_spawned":[1,7,16,19,20,21,25],"killed_by":"Champ","ascension_level":2}