{"gold_per_floor":[11,11,86,86,161,161,8,8,33,33,47,7,23,45,45,146,146,165,96,96,21,21,46,146,146,173,173,88,106,123,155,155,255,305,316,316,332,342,28,28,56,70,97,112,130,157,157,187,187,187],"floor_reached":51,"playtime":2939,"items_purged":[],"score":1139,"play_id":"67e3e848-8647-41f4-8587-c04727b8c0de","local_time":"20180723134507","is_ascension_mode":true,"campfire_choices":[{"data":"1","floor":6.0,"key":"LIFT"},{"data":"2","floor":10.0,"key":"LIFT"},{"data":"3","floor":15.0,"key":"LIFT"},{"data":"Creative AI","floor":25.0,"key":"SMITH"},{"data":"Go for the Eyes","floor":27.0,"key":"SMITH"},{"floor":32.0,"key":"REST"},{"floor":40,"key":"REST"},{"data":"Rip and Tear","floor":47,"key":"SMITH"},{"data":"Auto Shields","floor":49,"key":"SMITH"}],"neow_cost":"NO_GOLD","seed_source_timestamp":0,"circlet_count":0,"master_deck":["Strike_B","Defend_B+1","Defend_B+1","Defend_B","Defend_B","Zap","Dualcast","Rip and Tear","Go for the Eyes+1","Rip and Tear","Ball Lightning+1","Auto Shields+1","Creative AI+1","Sunder+1","Rip and Tear+1","Stack+1","Parasite","Beam Cell","Loop+1","Gash+1","Seek","Defragment","Undo","Chill","Go for the Eyes+1","Self Repair","Go for the Eyes","FTL","Beam Cell+1","BootSequence+1","Pain","Blizzard+1","Hologram+1","Chill+1","Ball Lightning+1"],"special_seed":0,"relics":["Cracked Core","Girya","Bag of Marbles","War Paint","Odd Mushroom","Cursed Key","Anchor","Art of War","Kunai","Bird Faced Urn","Tiny House","Regal Pillow","Centennial Puzzle","Ancient Tea Set","Bag of Preparation","Gambling Chip"],"potions_floor_usage":[38,50],"damage_taken":[{"damage":2.0,"enemies":"Jaw Worm","floor":1.0,"turns":3.0},{"damage":0.0,"enemies":"2 Louse","floor":11.0,"turns":1.0},{"damage":0.0,"enemies":"Cultist","floor":13.0,"turns":1.0},{"damage":0.0,"floor":14.0,"turns":3.0},{"damage":8.0,"enemies":"Slime Boss","floor":16.0,"turns":6.0},{"damage":0.0,"enemies":"Spheric Guardian","floor":18.0,"turns":3.0},{"damage":18.0,"enemies":"Gremlin Leader","floor":23.0,"turns":5.0},{"damage":0.0,"enemies":"Shell Parasite","floor":29.0,"turns":2.0},{"damage":0.0,"enemies":"Centurion and Healer","floor":30.0,"turns":3.0},{"damage":7.0,"enemies":"Slavers","floor":31.0,"turns":3.0},{"damage":53.0,"enemies":"Automaton","floor":33.0,"turns":9.0},{"damage":48.0,"enemies":"Flame Bruiser 1 Orb","floor":35.0,"turns":4.0},{"damage":6.0,"enemies":"3 Darklings","floor":37.0,"turns":7.0},{"damage":7,"enemies":"Transient","floor":38,"turns":5},{"damage":0,"enemies":"Nemesis","floor":41,"turns":6},{"damage":0,"enemies":"4 Shapes","floor":42,"turns":5},{"damage":2,"enemies":"Flame Bruiser 2 Orb","floor":44,"turns":5},{"damage":8,"enemies":"Sphere and 2 Shapes","floor":45,"turns":4},{"damage":33,"enemies":"Giant Head","floor":46,"turns":7},{"damage":9,"enemies":"Nemesis","floor":48,"turns":5},{"damage":57,"enemies":"Awakened One","floor":50,"turns":15}],"seed_played":"-6857622193371473910","potions_obtained":[{"floor":1.0,"key":"Block Potion"},{"floor":4.0,"key":"Dexterity Potion"},{"floor":4.0,"key":"Swift Potion"},{"floor":13.0,"key":"EssenceOfSteel"},{"floor":18.0,"key":"Fire Potion"},{"floor":29.0,"key":"Swift Potion"},{"floor":30.0,"key":"Swift Potion"},{"floor":34.0,"key":"SpeedPotion"},{"floor":37.0,"key":"SteroidPotion"},{"floor":41,"key":"Swift Potion"},{"floor":42,"key":"Swift Potion"},{"floor":48,"key":"SteroidPotion"}],"is_trial":false,"path_per_floor":["M","?","?","?","?","R","$","?","T","R","M","$","M","?","R","B",null,"M","$","?","?","?","E","?","R","T","R","?","M","M","E","R","B",null,"M","?","M","M","$","R","E","M","T","M","M","E","R","E","R","B"],"character_chosen":"DEFECT","items_purchased":["Bag of Marbles","Rip and Tear","Rip and Tear","Regal Pillow","Self Repair","Go for the Eyes","FTL"],"campfire_rested":2,"item_purchase_floors":[7,12,19,39,39,39,39],"current_hp_per_floor":[66,59,52,52,41,41,41,41,41,41,41,41,41,41,41,33,65,65,65,65,65,65,47,47,47,47,47,47,47,47,40,62,25,68,24,24,32,37,37,76,80,80,80,80,80,68,68,74,74,38],"gold":187,"neow_bonus":"ONE_RARE_RELIC","is_prod":false,"is_daily":false,"chose_seed":false,"campfire_upgraded":4,"win_rate":0,"timestamp":1532378707,"path_taken":["M","?","?","?","?","R","$","?","T","R","M","?","?","?","R","BOSS","M","?","?","?","?","E","?","R","T","R","?","?","M","E","R","BOSS","M","?","?","M","$","R","E","M","T","M","M","E","R","E","R","BOSS"],"build_version":"2018-07-19v2","purchased_purges":0,"victory":true,"max_hp_per_floor":[75,75,75,75,75,75,75,75,75,75,75,75,75,75,75,75,75,75,75,75,75,75,75,75,75,75,75,75,75,75,75,75,75,80,80,80,80,80,80,80,80,80,80,80,80,80,80,80,80,80],"card_choices":[{"not_picked":["Melter","Darkness"],"picked":"Rip and Tear","floor":1.0},{"not_picked":["Hologram","Turbo"],"picked":"Go for the Eyes","floor":11.0},{"not_picked":["Redo","Chaos"],"picked":"Ball Lightning","floor":13.0},{"not_picked":["Reinforced Body","Capacitor"],"picked":"Auto Shields","floor":14.0},{"not_picked":["Meteor Strike","Buffer"],"picked":"Creative AI","floor":16.0},{"not_picked":["Stack","Auto Shields"],"picked":"Sunder+1","floor":18.0},{"not_picked":["Compile Driver+1","Meteor Strike"],"picked":"Stack+1","floor":23.0},{"not_picked":["Ball Lightning","Compile Driver"],"picked":"Beam Cell","floor":29.0},{"not_picked":["Streamline","Heatsinks"],"picked":"Loop+1","floor":30.0},{"not_picked":["Stack+1","Tempest"],"picked":"Gash+1","floor":31.0},{"not_picked":["Biased Cognition","Amplify"],"picked":"Seek","floor":33.0},{"not_picked":["Auto Shields","Coolheaded"],"picked":"Defragment","floor":34.0},{"not_picked":["Steam","Cold Snap"],"picked":"Undo","floor":35.0},{"not_picked":["Turbo","Steam"],"picked":"Chill","floor":37.0},{"not_picked":["Barrage+1","Compile Driver+1"],"picked":"Go for the Eyes+1","floor":38},{"not_picked":["Storm","Stack+1"],"picked":"Beam Cell+1","floor":41},{"not_picked":["Streamline","Aggregate"],"picked":"BootSequence+1","floor":42},{"not_picked":["Redo","Go for the Eyes"],"picked":"Blizzard+1","floor":44},{"not_picked":["Leap","Go for the Eyes+1"],"picked":"Hologram+1","floor":45},{"not_picked":["Stack","Meteor Strike"],"picked":"Chill+1","floor":46},{"not_picked":["Go for the Eyes+1","Beam Cell+1"],"picked":"Ball Lightning+1","floor":48}],"player_experience":559834,"relics_obtained":[{"floor":9.0,"key":"War Paint"},{"floor":14.0,"key":"Odd Mushroom"},{"floor":23.0,"key":"Anchor"},{"floor":26.0,"key":"Art of War"},{"floor":31.0,"key":"Bird Faced Urn"},{"floor":41,"key":"Centennial Puzzle"},{"floor":43,"key":"Ancient Tea Set"},{"floor":46,"key":"Bag of Preparation"},{"floor":48,"key":"Gambling Chip"}],"event_choices":[{"event_name":"Golden Wing","player_choice":"Card Removal","floor":2.0,"damage_taken":0.0},{"event_name":"FaceTrader","player_choice":"Touch","floor":3.0,"damage_taken":0.0},{"event_name":"The Lab","player_choice":"Got Potions","floor":4.0,"damage_taken":0.0},{"event_name":"World of Goop","player_choice":"Gather Gold","floor":5.0,"damage_taken":0.0},{"event_name":"The Cleric","player_choice":"Leave","floor":8.0,"damage_taken":0.0},{"event_name":"Mushrooms","player_choice":"Fought Mushrooms","floor":14.0,"damage_taken":0.0},{"event_name":"Vampires","player_choice":"Ignored","floor":20.0,"damage_taken":0.0},{"event_name":"Beggar","player_choice":"Gave Gold","floor":21.0,"damage_taken":0.0},{"event_name":"Purifier","player_choice":"One Purge","floor":22.0,"damage_taken":0.0},{"event_name":"Golden Shrine","player_choice":"Pray","floor":24.0,"damage_taken":0.0},{"event_name":"Addict","player_choice":"Obtained Relic","floor":28.0,"damage_taken":0.0},{"event_name":"Mysterious Sphere","player_choice":"Ignore","floor":36.0,"damage_taken":0.0}],"is_beta":false,"boss_relics":[{"not_picked":["Astrolabe","Nuclear Battery"],"picked":"Cursed Key"},{"not_picked":["Coffee Dripper","Orrery"],"picked":"Tiny House"}],"items_purged_floors":[],"is_endless":false,"potions_floor_spawned":[1,13,18,29,30,37,41,42,44,48],"ascension_level":9}