{"gold_per_floor":[111,111,121,221,232,232,252,283,283,283],"floor_reached":10,"playtime":916,"items_purged":[],"score":68,"play_id":"d1413f81-1b8a-4e89-af75-4bda2e961a5c","local_time":"20190817025308","is_ascension_mode":false,"campfire_choices":[{"data":"Fusion","floor":6,"key":"SMITH"}],"neow_cost":"NONE","seed_source_timestamp":256684700378700,"circlet_count":0,"master_deck":["Strike_B","Strike_B+1","Strike_B","Strike_B","Defend_B+1","Defend_B","Defend_B","Zap","Dualcast","Fusion+1","Tempest","Defragment"],"relics":["Cracked Core","PreservedInsect","Letter Opener"],"potions_floor_usage":[],"damage_taken":[{"damage":6,"enemies":"Jaw Worm","floor":1,"turns":4},{"damage":0,"enemies":"Cultist","floor":3,"turns":3},{"damage":0,"enemies":"2 Louse","floor":5,"turns":2},{"damage":25,"enemies":"Gremlin Gang","floor":7,"turns":4},{"damage":21,"enemies":"Gremlin Nob","floor":8,"turns":4},{"damage":8,"enemies":"Red Slaver","floor":10,"turns":1}],"seed_played":"-798220682347380337","potions_obtained":[{"floor":8,"key":"Weak Potion"}],"is_trial":false,"path_per_floor":["M","?","M","?","M","R","M","E","T","M"],"character_chosen":"DEFECT","items_purchased":[],"campfire_rested":0,"item_purchase_floors":[],"current_hp_per_floor":[69,54,54,54,54,54,29,8,8,0],"gold":283,"neow_bonus":"TRANSFORM_CARD","is_prod":false,"is_daily":false,"chose_seed":false,"campfire_upgraded":1,"win_rate":0.0,"timestamp":1566021188,"path_taken":["M","?","M","?","M","R","M","E","T","M"],"build_version":"2019-07-17","purchased_purges":0,"victory":false,"max_hp_per_floor":[75,75,75,75,75,75,75,75,75,75],"card_choices":[{"not_picked":["Coolheaded","Gash"],"picked":"Tempest","floor":1},{"not_picked":["Self Repair","Rebound","Skim"],"picked":"SKIP","floor":3},{"not_picked":["Barrage","Steam","Echo Form"],"picked":"SKIP","floor":5},{"not_picked":["Stack","Leap","Beam Cell"],"picked":"SKIP","floor":7},{"not_picked":["Leap","Redo"],"picked":"Defragment","floor":8}],"player_experience":48385,"relics_obtained":[{"floor":8,"key":"PreservedInsect"},{"floor":9,"key":"Letter Opener"}],"event_choices":[{"damage_healed":0,"gold_gain":0,"player_choice":"Entered Light","damage_taken":15,"max_hp_gain":0,"max_hp_loss":0,"event_name":"Shining Light","floor":2,"gold_loss":0,"cards_upgraded":["Strike_B","Defend_B"]},{"damage_healed":0,"gold_gain":100,"player_choice":"Gold","damage_taken":0,"max_hp_gain":0,"max_hp_loss":0,"event_name":"Wheel of Change","floor":4,"gold_loss":0}],"is_beta":false,"boss_relics":[],"items_purged_floors":[],"is_endless":false,"potions_floor_spawned":[8],"killed_by":"Red Slaver","ascension_level":0}