{"gold_per_floor":[20,20,20,37,2,2,22,22,22,36,52,83,83,114,114,191,191,201,201,201,218,218,143,143,171,217,243,243,276,276,293,293,293],"floor_reached":33,"playtime":1588,"items_purged":[],"score":596,"play_id":"31874147-9586-4e2d-bd12-c9444b3f0823","local_time":"20190201031537","is_ascension_mode":true,"campfire_choices":[{"data":"Inflame","floor":6.0,"key":"SMITH"},{"data":"Armaments","floor":13.0,"key":"SMITH"},{"data":"Pummel","floor":15.0,"key":"SMITH"},{"data":"Heavy Blade","floor":24.0,"key":"SMITH"},{"floor":28.0,"key":"REST"},{"data":"Double Tap","floor":30.0,"key":"SMITH"},{"data":"Pummel","floor":32.0,"key":"SMITH"}],"neow_cost":"NO_GOLD","seed_source_timestamp":0,"circlet_count":0,"master_deck":["AscendersBane","Strike_R","Strike_R+1","Strike_R+1","Strike_R","Strike_R","Defend_R","Defend_R","Defend_R","Defend_R","Bash+1","Cleave","Inflame+1","Spot Weakness","Disarm","Pummel+1","Armaments+1","Warcry","Double Tap+1","Heavy Blade+1","Twin Strike","Flex","Twin Strike","Shrug It Off","True Grit","Inflame","Pummel+1"],"special_seed":0,"relics":["Burning Blood","Incense Burner","Unceasing Top","Centennial Puzzle","Happy Flower","Runic Cube","Lantern","Regal Pillow","Oddly Smooth Stone","FossilizedHelix","Boot"],"potions_floor_usage":[33],"damage_taken":[{"damage":19.0,"enemies":"Jaw Worm","floor":1.0,"turns":5.0},{"damage":1.0,"enemies":"Small Slimes","floor":4.0,"turns":3.0},{"damage":5.0,"enemies":"2 Louse","floor":7.0,"turns":2.0},{"damage":9.0,"enemies":"Blue Slaver","floor":10.0,"turns":3.0},{"damage":2.0,"enemies":"Large Slime","floor":11.0,"turns":6.0},{"damage":25.0,"enemies":"3 Sentries","floor":12.0,"turns":5.0},{"damage":23.0,"enemies":"Lagavulin","floor":14.0,"turns":5.0},{"damage":0.0,"enemies":"Slime Boss","floor":16.0,"turns":5.0},{"damage":1.0,"enemies":"Spheric Guardian","floor":18.0,"turns":3.0},{"damage":10.0,"enemies":"Chosen","floor":21.0,"turns":4.0},{"damage":16.0,"enemies":"Book of Stabbing","floor":25.0,"turns":3.0},{"damage":47.0,"enemies":"Slavers","floor":27.0,"turns":6.0},{"damage":17.0,"enemies":"Gremlin Leader","floor":29.0,"turns":5.0},{"damage":11.0,"enemies":"Centurion and Healer","floor":31.0,"turns":4.0},{"damage":59,"enemies":"Collector","floor":33,"turns":5}],"seed_played":"7466289241338772973","potions_obtained":[{"floor":1.0,"key":"Block Potion"},{"floor":10.0,"key":"SkillPotion"},{"floor":14.0,"key":"Ancient Potion"},{"floor":18.0,"key":"Dexterity Potion"},{"floor":21.0,"key":"AttackPotion"},{"floor":29.0,"key":"Regen Potion"}],"is_trial":false,"path_per_floor":["M","?","?","M","?","R","M","$","T","M","M","E","R","E","R","B",null,"M","?","?","M","?","$","R","E","T","E","R","E","R","M","R","B"],"character_chosen":"IRONCLAD","items_purchased":["Flex","Twin Strike"],"campfire_rested":1,"item_purchase_floors":[23,23],"current_hp_per_floor":[59,59,43,48,68,68,69,69,69,66,70,51,51,34,34,40,70,75,75,75,71,71,71,71,61,61,20,59,48,48,43,43,0],"gold":293,"neow_bonus":"ONE_RARE_RELIC","is_prod":false,"is_daily":false,"chose_seed":false,"campfire_upgraded":6,"win_rate":0,"timestamp":1549019737,"path_taken":["M","?","?","M","?","R","M","?","T","M","M","E","R","E","R","BOSS","M","?","?","M","?","$","R","E","T","E","R","E","R","M","R","BOSS"],"build_version":"2018-12-13","purchased_purges":0,"victory":false,"max_hp_per_floor":[80,80,80,80,80,80,80,80,80,80,80,80,80,80,80,80,80,80,80,80,80,80,80,80,80,80,80,80,80,80,80,80,80],"card_choices":[{"not_picked":["Dropkick","Twin Strike"],"picked":"Cleave","floor":1.0},{"not_picked":["Cleave","Warcry"],"picked":"Inflame","floor":4.0},{"not_picked":["Warcry","Body Slam"],"picked":"Spot Weakness","floor":7.0},{"not_picked":["Uppercut","Rampage"],"picked":"Disarm","floor":10.0},{"not_picked":["Entrench","Armaments"],"picked":"Pummel","floor":11.0},{"not_picked":["Warcry","Havoc"],"picked":"Armaments","floor":12.0},{"not_picked":["Armaments","Anger"],"picked":"Warcry","floor":14.0},{"not_picked":["Exhume","Feed"],"picked":"Double Tap","floor":16.0},{"not_picked":["Clash","Armaments"],"picked":"Heavy Blade","floor":18.0},{"not_picked":["Havoc","Iron Wave"],"picked":"Dropkick","floor":21.0},{"not_picked":["Body Slam","Combust"],"picked":"Shrug It Off","floor":25.0},{"not_picked":["Clash","Dual Wield"],"picked":"True Grit","floor":27.0},{"not_picked":["Battle Trance","Thunderclap"],"picked":"Inflame","floor":29.0},{"not_picked":["Armaments+1","Disarm"],"picked":"Pummel","floor":31.0}],"player_experience":638093,"relics_obtained":[{"floor":9.0,"key":"Unceasing Top"},{"floor":12.0,"key":"Centennial Puzzle"},{"floor":14.0,"key":"Happy Flower"},{"floor":25.0,"key":"Regal Pillow"},{"floor":26.0,"key":"Oddly Smooth Stone"},{"floor":27.0,"key":"FossilizedHelix"},{"floor":29.0,"key":"Boot"}],"event_choices":[{"damage_healed":0.0,"max_hp_gain":0.0,"max_hp_loss":0.0,"gold_gain":0.0,"event_name":"Living Wall","player_choice":"Grow","floor":2.0,"gold_loss":0.0,"damage_taken":0.0,"cards_upgraded":["Bash"]},{"damage_healed":0.0,"max_hp_gain":0.0,"max_hp_loss":0.0,"gold_gain":0.0,"event_name":"Shining Light","player_choice":"Entered Light","floor":3.0,"gold_loss":0.0,"damage_taken":16.0,"cards_upgraded":["Strike_R","Strike_R"]},{"damage_healed":20.0,"max_hp_gain":0.0,"max_hp_loss":0.0,"gold_gain":0.0,"event_name":"The Cleric","player_choice":"Healed","floor":5.0,"gold_loss":35.0,"damage_taken":0.0},{"damage_healed":0.0,"max_hp_gain":0.0,"max_hp_loss":0.0,"gold_gain":0.0,"event_name":"The Library","player_choice":"Read","floor":19.0,"gold_loss":0.0,"damage_taken":0.0,"cards_obtained":["Twin Strike"]},{"damage_healed":0.0,"max_hp_gain":0.0,"max_hp_loss":0.0,"gold_gain":0.0,"event_name":"Ghosts","player_choice":"Ignored","floor":20.0,"gold_loss":0.0,"damage_taken":0.0},{"cards_removed":["Dropkick"],"damage_healed":0.0,"max_hp_gain":0.0,"max_hp_loss":0.0,"gold_gain":0.0,"event_name":"WeMeetAgain","player_choice":"Gave Card","floor":22.0,"gold_loss":0.0,"damage_taken":0.0,"relics_obtained":["Lantern"]}],"is_beta":false,"boss_relics":[{"not_picked":["Philosopher\u0027s Stone","White Beast Statue"],"picked":"Runic Cube"}],"items_purged_floors":[],"is_endless":false,"potions_floor_spawned":[1,10,14,18,21,29],"killed_by":"Collector","ascension_level":13}