{"gold_per_floor":[114,131,148,28,41,58,58,58,58,58,87,87,104,123,123,225,225,241,69,9,9,19,19,34,34,34,66,66,80,80,8,8,113,113,132,132,145,20,20,50,66,66],"floor_reached":42,"playtime":4846,"items_purged":["Normality","Decay","Writhe"],"score":585,"play_id":"1108a18a-726e-45fa-a359-6bbe927fedb7","local_time":"20190818010907","is_ascension_mode":true,"campfire_choices":[{"data":"Zap","floor":7,"key":"SMITH"},{"data":"Loop","floor":10,"key":"SMITH"},{"data":"Redo","floor":12,"key":"SMITH"},{"data":"Defragment","floor":15,"key":"SMITH"},{"data":"Creative AI","floor":23,"key":"SMITH"},{"data":"Dualcast","floor":25,"key":"SMITH"},{"data":"Glacier","floor":28,"key":"SMITH"},{"data":"Capacitor","floor":32,"key":"SMITH"}],"neow_cost":"CURSE","seed_source_timestamp":29060324133800,"circlet_count":0,"master_deck":["Zap+1","Dualcast+1","Tempest","Ball Lightning","Loop+1","Sweeping Beam","Redo+1","Glacier+1","Defragment+1","Coolheaded","Electrodynamics","BootSequence","Multi-Cast","Reprogram","FTL","Creative AI+1","Steam Power","Stack+1","Self Repair","Force Field","Darkness","Static Discharge+1","Leap+1","Force Field","Melter","Sunder","Capacitor+1","Biased Cognition","Go for the Eyes+1","Chill","Seek","Stack","Echo Form","Defragment+1","Conserve Battery+1"],"relics":["Cracked Core","Pantograph","Vajra","Pandora\u0027s Box","Bottled Lightning","Prayer Wheel","Cursed Key","Mercury Hourglass"],"potions_floor_usage":[5,14,16,27,33,33,42],"damage_taken":[{"damage":1,"enemies":"Cultist","floor":1,"turns":4},{"damage":8,"enemies":"2 Louse","floor":2,"turns":2},{"damage":12,"enemies":"Jaw Worm","floor":3,"turns":2},{"damage":7,"enemies":"Exordium Wildlife","floor":5,"turns":4},{"damage":2,"enemies":"3 Louse","floor":6,"turns":2},{"damage":31,"enemies":"Gremlin Nob","floor":11,"turns":4},{"damage":5,"enemies":"Lots of Slimes","floor":13,"turns":2},{"damage":17,"enemies":"Gremlin Gang","floor":14,"turns":3},{"damage":23,"enemies":"Hexaghost","floor":16,"turns":10},{"damage":30,"enemies":"Shell Parasite","floor":18,"turns":4},{"damage":19,"enemies":"2 Thieves","floor":20,"turns":4},{"damage":3,"enemies":"3 Cultists","floor":22,"turns":4},{"damage":27,"enemies":"Centurion and Healer","floor":24,"turns":4},{"damage":46,"enemies":"Gremlin Leader","floor":27,"turns":5},{"damage":6,"enemies":"Cultist and Chosen","floor":29,"turns":5},{"damage":43,"enemies":"Champ","floor":33,"turns":11},{"damage":19,"enemies":"3 Darklings","floor":35,"turns":3},{"damage":2,"enemies":"3 Shapes","floor":37,"turns":3},{"damage":78,"enemies":"Giant Head","floor":40,"turns":9},{"damage":15,"enemies":"3 Darklings","floor":41,"turns":2},{"damage":5,"enemies":"Spire Growth","floor":42,"turns":2}],"seed_played":"2154845969409674517","potions_obtained":[{"floor":1,"key":"Energy Potion"},{"floor":3,"key":"Ancient Potion"},{"floor":5,"key":"Energy Potion"},{"floor":14,"key":"Regen Potion"},{"floor":16,"key":"Strength Potion"},{"floor":22,"key":"Regen Potion"},{"floor":29,"key":"Block Potion"},{"floor":33,"key":"LiquidBronze"},{"floor":37,"key":"Strength Potion"},{"floor":40,"key":"FearPotion"}],"is_trial":false,"path_per_floor":["M","M","M","$","M","M","R","?","T","R","E","R","M","M","R","B",null,"M","$","M","?","M","R","M","R","T","E","R","M","?","$","R","B",null,"M","?","M","$","?","E","M","M"],"character_chosen":"DEFECT","items_purchased":["Sweeping Beam","Self Repair","Capacitor"],"campfire_rested":0,"item_purchase_floors":[4,19,31],"current_hp_per_floor":[88,80,68,68,61,59,59,59,59,59,28,28,23,6,6,23,73,43,43,31,89,89,89,69,69,69,42,42,43,43,43,43,32,75,63,85,83,83,83,19,4,0],"gold":66,"neow_bonus":"TWENTY_PERCENT_HP_BONUS","is_prod":false,"is_daily":false,"chose_seed":false,"campfire_upgraded":8,"win_rate":0,"timestamp":1566058147,"path_taken":["M","M","M","$","M","?","R","?","T","R","E","R","M","M","R","BOSS","M","$","M","?","M","R","?","R","T","E","R","M","?","$","R","BOSS","M","?","M","$","?","E","?","?"],"build_version":"2019-07-17","purchased_purges":3,"victory":false,"max_hp_per_floor":[89,89,89,89,89,89,89,89,89,89,89,89,89,89,89,89,89,89,89,89,89,89,89,89,89,89,89,89,89,89,89,89,89,89,89,89,89,89,89,89,89,89],"card_choices":[{"not_picked":["Turbo","Aggregate"],"picked":"Tempest","floor":1},{"not_picked":["Redo","Turbo"],"picked":"Ball Lightning","floor":2},{"not_picked":["Rip and Tear","Beam Cell"],"picked":"Loop","floor":3},{"not_picked":["Fusion","Skim","Coolheaded"],"picked":"SKIP","floor":5},{"not_picked":["Reprogram","Leap"],"picked":"Redo","floor":6},{"not_picked":["Redo","BootSequence"],"picked":"Glacier","floor":11},{"not_picked":["Redo","Leap"],"picked":"Defragment","floor":13},{"not_picked":["Stack","Storm"],"picked":"Coolheaded","floor":14},{"not_picked":["Fission","Rainbow"],"picked":"Electrodynamics","floor":16},{"not_picked":["Barrage","Turbo"],"picked":"Stack+1","floor":18},{"not_picked":["Cold Snap","Turbo"],"picked":"Melter","floor":20},{"not_picked":["Stack","Hologram+1"],"picked":"Force Field","floor":22},{"not_picked":["Fusion","Streamline"],"picked":"Darkness","floor":24},{"not_picked":["Genetic Algorithm","Redo"],"picked":"Static Discharge+1","floor":27},{"not_picked":["Beam Cell+1","Amplify"],"picked":"Leap+1","floor":29},{"not_picked":["Skim","Lockon"],"picked":"Force Field","floor":29},{"not_picked":["Machine Learning","Creative AI"],"picked":"Biased Cognition","floor":33},{"not_picked":["Turbo+1","Gash+1"],"picked":"Go for the Eyes+1","floor":35},{"not_picked":["Cold Snap","Coolheaded"],"picked":"Chill","floor":35},{"not_picked":["Undo","Turbo+1"],"picked":"Seek","floor":37},{"not_picked":["Capacitor","Darkness"],"picked":"Stack","floor":37},{"not_picked":["Stack+1","Tempest+1","Turbo"],"picked":"SKIP","floor":40},{"not_picked":["Compile Driver","Rip and Tear"],"picked":"Defragment+1","floor":41},{"not_picked":["Leap","Sweeping Beam+1"],"picked":"Conserve Battery+1","floor":41}],"player_experience":346672,"relics_obtained":[{"floor":9,"key":"Pantograph"},{"floor":11,"key":"Vajra"},{"floor":26,"key":"Bottled Lightning"},{"floor":27,"key":"Prayer Wheel"},{"floor":40,"key":"Mercury Hourglass"}],"event_choices":[{"damage_healed":0,"gold_gain":0,"player_choice":"Cursed","damage_taken":0,"max_hp_gain":0,"max_hp_loss":0,"event_name":"Wheel of Change","floor":8,"gold_loss":0,"cards_obtained":["Decay"]},{"cards_removed":["Lockon"],"damage_healed":58,"gold_gain":0,"player_choice":"Offered Uncommon","damage_taken":0,"max_hp_gain":0,"max_hp_loss":0,"event_name":"Bonfire Elementals","floor":21,"gold_loss":0},{"damage_healed":0,"gold_gain":0,"cards_transformed":["Blizzard","Melter"],"player_choice":"Became Test Subject","damage_taken":0,"max_hp_gain":0,"max_hp_loss":0,"event_name":"Drug Dealer","floor":30,"gold_loss":0,"cards_obtained":["Melter","Sunder"]},{"damage_healed":22,"gold_gain":0,"player_choice":"Writhe","damage_taken":0,"max_hp_gain":0,"max_hp_loss":0,"event_name":"Winding Halls","floor":36,"gold_loss":0,"cards_obtained":["Writhe"]},{"damage_healed":0,"gold_gain":0,"player_choice":"1 cards matched","damage_taken":0,"max_hp_gain":0,"max_hp_loss":0,"event_name":"Match and Keep!","floor":39,"gold_loss":0,"cards_obtained":["Echo Form"]}],"is_beta":false,"boss_relics":[{"not_picked":["Runic Dome","Runic Pyramid"],"picked":"Pandora\u0027s Box"},{"not_picked":["Philosopher\u0027s Stone","Nuclear Battery"],"picked":"Cursed Key"}],"items_purged_floors":[4,19,38],"is_endless":false,"potions_floor_spawned":[1,3,5,14,16,22,29,33,37,40],"killed_by":"Spire Growth","ascension_level":5}