{"gold_per_floor":[115,131,101,111,126,126,153,153,153,153,166,166,186,205,205,205],"floor_reached":16,"playtime":1286,"items_purged":[],"score":182,"play_id":"b516f63f-9b18-42f1-9caf-75ff48896737","local_time":"20180730003123","is_ascension_mode":true,"campfire_choices":[{"data":"Tools of the Trade","floor":6,"key":"SMITH"},{"floor":15,"key":"REST"}],"neow_cost":"NONE","seed_source_timestamp":21856530475511,"circlet_count":0,"master_deck":["Defend_G","Defend_G","Defend_G","Defend_G","Defend_G","Strike_G","Strike_G","Strike_G","Strike_G","Strike_G","Survivor","Neutralize","AscendersBane","Cloak And Dagger","Backflip","Blade Dance","Dagger Spray","Quick Slash","Sucker Punch","Predator","Cloak And Dagger","Tools of the Trade+1","Skewer","Parasite","PiercingWail","Caltrops","Adrenaline"],"relics":["Orrery","Shovel","Sundial"],"potions_floor_usage":[7,7,14,16],"damage_taken":[{"damage":3,"enemies":"2 Louse","floor":1,"turns":2},{"damage":0,"enemies":"Cultist","floor":2,"turns":3},{"damage":4,"enemies":"Jaw Worm","floor":4,"turns":4},{"damage":10,"enemies":"Exordium Wildlife","floor":5,"turns":5},{"damage":41,"enemies":"Gremlin Nob","floor":7,"turns":5},{"damage":14,"enemies":"3 Louse","floor":11,"turns":3},{"damage":0,"enemies":"2 Fungi Beasts","floor":13,"turns":3},{"damage":0,"enemies":"Lots of Slimes","floor":14,"turns":3},{"damage":22,"enemies":"The Guardian","floor":16,"turns":11}],"seed_played":"1746937320577572312","potions_obtained":[{"floor":2,"key":"SkillPotion"},{"floor":3,"key":"SpeedPotion"},{"floor":13,"key":"PowerPotion"},{"floor":14,"key":"SneckoOil"}],"is_trial":false,"path_per_floor":["M","M","?","M","M","R","E","?","T","?","M","?","M","M","R"],"character_chosen":"THE_SILENT","items_purchased":[],"campfire_rested":1,"item_purchase_floors":[],"current_hp_per_floor":[56,56,56,52,42,42,1,1,1,17,3,3,3,3,22,0],"gold":205,"neow_bonus":"BOSS_RELIC","is_prod":false,"is_daily":false,"chose_seed":false,"campfire_upgraded":1,"win_rate":0,"timestamp":1532935883,"path_taken":["M","M","?","M","M","R","E","?","T","?","?","?","M","M","R","BOSS"],"build_version":"2018-07-26","purchased_purges":0,"victory":false,"max_hp_per_floor":[66,66,66,66,66,66,66,66,66,66,66,66,66,66,66,66],"card_choices":[{"not_picked":["Dash","Bouncing Flask"],"picked":"Cloak And Dagger","floor":0},{"not_picked":["Slice","Dagger Spray"],"picked":"Backflip","floor":0},{"not_picked":["Skewer","Expertise"],"picked":"Blade Dance","floor":0},{"not_picked":["PiercingWail","Deadly Poison"],"picked":"Dagger Spray","floor":0},{"not_picked":["Prepared","Poisoned Stab"],"picked":"Quick Slash","floor":0},{"not_picked":["Slice","Flechettes"],"picked":"Sucker Punch","floor":1},{"not_picked":["Poisoned Stab","Dagger Spray"],"picked":"Predator","floor":2},{"not_picked":["Dodge and Roll","Slice"],"picked":"Cloak And Dagger","floor":4},{"not_picked":["Accuracy","Flying Knee"],"picked":"Tools of the Trade","floor":5},{"not_picked":["Deadly Poison","Catalyst"],"picked":"Skewer","floor":7},{"not_picked":["Acrobatics","Flechettes"],"picked":"PiercingWail","floor":11},{"not_picked":["Crippling Poison","Skewer"],"picked":"Caltrops","floor":13},{"not_picked":["Deflect","Prepared"],"picked":"Adrenaline","floor":14}],"player_experience":594173,"relics_obtained":[{"floor":7,"key":"Shovel"},{"floor":9,"key":"Sundial"}],"event_choices":[{"event_name":"The Woman in Blue","player_choice":"Bought 2 Potions","floor":3,"damage_taken":0},{"event_name":"Scrap Ooze","player_choice":"unsuccessful","floor":8,"damage_taken":0},{"event_name":"Mushrooms","player_choice":"Healed and dodged fight","floor":10,"damage_taken":0},{"event_name":"Dead Adventurer","player_choice":"Searched \u00270\u0027 times","floor":12,"damage_taken":0}],"is_beta":false,"boss_relics":[],"items_purged_floors":[],"is_endless":false,"potions_floor_spawned":[2,13,14],"killed_by":"The Guardian","ascension_level":15}