{"gold_per_floor":[119,139,12,12,25,25,58,58,127,302,316,326,326,345,345,421,421,441,456,486,496,44,44],"floor_reached":23,"playtime":1470,"items_purged":["Writhe"],"score":318,"play_id":"1d098eba-cf07-4115-899b-2fb0aca8a110","local_time":"20181031164505","is_ascension_mode":true,"campfire_choices":[{"data":"Armaments","floor":6.0,"key":"SMITH"},{"data":"Bash","floor":8.0,"key":"SMITH"},{"floor":15.0,"key":"REST"}],"neow_cost":"CURSE","seed_source_timestamp":0,"circlet_count":0,"master_deck":["Strike_R","Strike_R","Strike_R","Strike_R","Strike_R","Defend_R","Defend_R","Defend_R","Defend_R+1","Bash+1","AscendersBane","Mind Blast+1","Swift Strike","Reckless Charge","Flex+1","Armaments+1","Pummel","Twin Strike","Doubt","Dual Wield","Thunderclap","Body Slam","Impervious","Pommel Strike","Shrug It Off","Bloodletting","Cleave","Rage","Iron Wave","Double Tap","Infernal Blade+1","Iron Wave","Shrug It Off"],"special_seed":0,"relics":["Burning Blood","War Paint","Kunai","Question Card","Orrery","Red Mask","Strawberry","Mercury Hourglass"],"potions_floor_usage":[23,23],"damage_taken":[{"damage":0.0,"enemies":"2 Louse","floor":1.0,"turns":3.0},{"damage":12.0,"enemies":"Small Slimes","floor":2.0,"turns":3.0},{"damage":1.0,"enemies":"Cultist","floor":5.0,"turns":3.0},{"damage":30.0,"enemies":"Lagavulin","floor":7.0,"turns":5.0},{"damage":13.0,"enemies":"Blue Slaver","floor":11.0,"turns":2.0},{"damage":24.0,"enemies":"Lots of Slimes","floor":12.0,"turns":4.0},{"damage":11.0,"enemies":"Gremlin Gang","floor":14.0,"turns":5.0},{"damage":29.0,"enemies":"Slime Boss","floor":16.0,"turns":11.0},{"damage":17.0,"enemies":"Spheric Guardian","floor":18.0,"turns":4.0},{"damage":27.0,"enemies":"Shell Parasite","floor":19.0,"turns":7.0},{"damage":16.0,"enemies":"Masked Bandits","floor":20.0,"turns":5.0},{"damage":6.0,"enemies":"Cultist and Chosen","floor":21.0,"turns":4.0},{"damage":53,"enemies":"Gremlin Leader","floor":23,"turns":8}],"seed_played":"-5368851867203247259","potions_obtained":[{"floor":1.0,"key":"Poison Potion"},{"floor":5.0,"key":"EssenceOfSteel"},{"floor":11.0,"key":"Regen Potion"},{"floor":19.0,"key":"EssenceOfSteel"},{"floor":21.0,"key":"Regen Potion"}],"is_trial":false,"path_per_floor":["M","M","$","?","M","R","E","R","T","?","M","M","T","M","R","B",null,"M","M","?","M","$"],"character_chosen":"IRONCLAD","items_purchased":["Armaments","Shrug It Off","Strawberry","Mercury Hourglass"],"campfire_rested":1,"item_purchase_floors":[3,22,22,22],"current_hp_per_floor":[78,72,72,72,77,77,53,53,53,53,46,28,28,23,47,39,70,59,38,28,28,35,0],"gold":44,"neow_bonus":"RANDOM_COLORLESS_2","is_prod":false,"is_daily":false,"chose_seed":false,"campfire_upgraded":2,"win_rate":0,"timestamp":1541029505,"path_taken":["M","M","$","?","?","R","E","R","T","?","M","?","?","?","R","BOSS","M","M","?","M","$","E"],"build_version":"2018-10-25v2","purchased_purges":1,"victory":false,"max_hp_per_floor":[80,80,80,80,80,80,80,80,80,80,80,80,80,80,80,80,80,80,80,80,80,87,87],"card_choices":[{"not_picked":["Carnage","Warcry"],"picked":"Reckless Charge","floor":1.0},{"not_picked":["Warcry","Thunderclap"],"picked":"Flex","floor":2.0},{"not_picked":["Clash","Thunderclap"],"picked":"Pummel","floor":5.0},{"not_picked":["Blood for Blood","Immolate"],"picked":"Twin Strike","floor":7.0},{"not_picked":["Warcry","Blood for Blood"],"picked":"Dual Wield","floor":11.0},{"not_picked":["Armaments","Feel No Pain"],"picked":"Thunderclap","floor":12.0},{"not_picked":["Battle Trance","Hemokinesis","Feel No Pain"],"picked":"Body Slam","floor":14.0},{"not_picked":["Barricade","Immolate","Bludgeon"],"picked":"Impervious","floor":16.0},{"not_picked":["Twin Strike","Clash","Thunderclap"],"picked":"Pommel Strike","floor":17.0},{"not_picked":["Power Through","Armaments","Searing Blow"],"picked":"Shrug It Off","floor":17.0},{"not_picked":["Whirlwind","Rampage","Uppercut"],"picked":"Bloodletting","floor":17.0},{"not_picked":["Wild Strike","Anger","Hemokinesis"],"picked":"Cleave","floor":17.0},{"not_picked":["Thunderclap","Clash","Clothesline"],"picked":"Rage","floor":17.0},{"not_picked":["Rampage","Corruption","Havoc"],"picked":"Iron Wave","floor":18.0},{"not_picked":["Perfected Strike","Dual Wield+1","Clothesline"],"picked":"Double Tap","floor":19.0},{"not_picked":["Body Slam","Rage","Armaments"],"picked":"Infernal Blade+1","floor":20.0},{"not_picked":["Body Slam","Rampage","Sever Soul"],"picked":"Iron Wave","floor":21.0}],"player_experience":624221,"relics_obtained":[{"floor":7.0,"key":"War Paint"},{"floor":9.0,"key":"Kunai"},{"floor":13.0,"key":"Question Card"},{"floor":20.0,"key":"Red Mask"}],"event_choices":[{"damage_healed":0.0,"max_hp_gain":0.0,"max_hp_loss":0.0,"gold_gain":0.0,"event_name":"Living Wall","player_choice":"Grow","floor":4.0,"gold_loss":0.0,"damage_taken":0.0,"cards_upgraded":["Mind Blast"]},{"damage_healed":0.0,"max_hp_gain":0.0,"max_hp_loss":0.0,"gold_gain":175.0,"event_name":"Liars Game","player_choice":"AGREE","floor":10.0,"gold_loss":0.0,"damage_taken":0.0,"cards_obtained":["Doubt"]},{"damage_healed":0.0,"max_hp_gain":0.0,"max_hp_loss":0.0,"gold_gain":0.0,"event_name":"Masked Bandits","player_choice":"Fought Bandits","floor":20.0,"gold_loss":0.0,"damage_taken":0.0}],"is_beta":false,"boss_relics":[{"not_picked":["Snecko Eye","Coffee Dripper"],"picked":"Orrery"}],"items_purged_floors":[3],"is_endless":false,"potions_floor_spawned":[1,5,11,19,21],"killed_by":"Gremlin Leader","ascension_level":13}