{"gold_per_floor":[115,115,128,23,23,23,50,150,150,161,161,195,195,195,195,290,290,303,303,263,37,37,67,67,100,100,100,120,19,19,53,53,149,149,162,162,176,196,196,196,231,231,231,17,17,45,58,58,58,58],"floor_reached":51,"playtime":3041,"items_purged":["Decay"],"score":981,"play_id":"761191a4-96e5-46c0-8af0-1e050c2b9b4c","local_time":"20180701173257","is_ascension_mode":true,"campfire_choices":[{"data":"Zap","floor":6,"key":"SMITH"},{"data":"Chill","floor":11,"key":"SMITH"},{"floor":15,"key":"REST"},{"data":"Storm","floor":24,"key":"SMITH"},{"data":"Creative AI","floor":30,"key":"SMITH"},{"floor":32,"key":"REST"},{"floor":40,"key":"REST"},{"floor":42,"key":"REST"},{"data":"Seek","floor":49,"key":"SMITH"}],"neow_cost":"TEN_PERCENT_HP_LOSS","seed_source_timestamp":65991948203023,"circlet_count":0,"master_deck":["Strike_B","Strike_B","Strike_B","Strike_B","Defend_B","Defend_B","Defend_B","Defend_B","Zap+1","Dualcast","FTL","Force Field+1","Loop","Barrage","Chill+1","Loop","Leap","Seek+1","Core Surge","Conserve Battery+1","Leap","Storm+1","Static Discharge","Barrage","Creative AI+1","Sweeping Beam","Barrage+1","Ball Lightning","Static Discharge","All For One","Consume+1","Reinforced Body","Force Field+1","Force Field","Leap","Force Field+1","Melter","Steam+1","Regret","Defragment","Darkness","Stack","Doubt"],"relics":["Cracked Core","Emotion Chip","Oddly Smooth Stone","Prayer Wheel","Toolbox","Juzu Bracelet","Bag of Marbles","Cursed Key","War Paint","Pear","Unceasing Top","Bottled Lightning","Du-Vu Doll","Inserter","Strawberry","Letter Opener","Art of War","Symbiotic Virus"],"potions_floor_usage":[16,23,23,23,25,33,50,50],"damage_taken":[{"damage":2,"enemies":"Jaw Worm","floor":1,"turns":3},{"damage":1,"enemies":"2 Louse","floor":3,"turns":2},{"damage":25,"enemies":"Lagavulin","floor":7,"turns":5},{"damage":0,"enemies":"Cultist","floor":10,"turns":3},{"damage":22,"enemies":"Gremlin Nob","floor":12,"turns":5},{"damage":27,"enemies":"The Guardian","floor":16,"turns":10},{"damage":0,"enemies":"3 Byrds","floor":18,"turns":6},{"damage":14,"enemies":"Slavers","floor":23,"turns":4},{"damage":5,"enemies":"Gremlin Leader","floor":25,"turns":6},{"damage":0,"enemies":"Chosen","floor":28,"turns":4},{"damage":29,"enemies":"Slavers","floor":31,"turns":4},{"damage":52,"enemies":"Automaton","floor":33,"turns":7},{"damage":9,"enemies":"3 Darklings","floor":35,"turns":3},{"damage":4,"enemies":"Orb Walker","floor":37,"turns":3},{"damage":33,"enemies":"3 Darklings","floor":38,"turns":5},{"damage":43,"enemies":"Nemesis","floor":41,"turns":5},{"damage":36,"enemies":"Giant Head","floor":46,"turns":6},{"damage":22,"enemies":"Sphere and 2 Shapes","floor":47,"turns":4},{"damage":33,"enemies":"Donu and Deca","floor":50,"turns":5}],"seed_played":"-6177306933116396151","potions_obtained":[{"floor":12,"key":"Fruit Juice"},{"floor":16,"key":"SteroidPotion"},{"floor":18,"key":"AttackPotion"},{"floor":20,"key":"EntropicBrew"},{"floor":20,"key":"LiquidBronze"},{"floor":33,"key":"Strength Potion"},{"floor":37,"key":"EssenceOfSteel"},{"floor":46,"key":"LiquidBronze"}],"is_trial":false,"path_per_floor":["M","?","M","$","?","R","E","?","T","M","R","E","?","T","R","B",null,"M","?","?","$","?","E","R","E","T","?","M","$","R","E","R","B",null,"M","?","M","M","?","R","E","R","T","$","?","E","M","?","R","B"],"character_chosen":"DEFECT","items_purchased":["Loop","Barrage","Storm","War Paint","Ball Lightning","Defragment","Art of War"],"campfire_rested":4,"item_purchase_floors":[4,4,21,21,29,44,44],"current_hp_per_floor":[66,71,70,70,70,70,45,45,45,45,45,23,11,11,32,10,78,78,78,78,78,78,74,74,69,69,69,69,69,69,40,66,14,88,79,79,75,42,42,68,32,60,60,60,60,24,2,95,95,62],"gold":58,"neow_bonus":"ONE_RARE_RELIC","is_prod":false,"is_daily":false,"chose_seed":false,"campfire_upgraded":5,"win_rate":0,"timestamp":1530491577,"path_taken":["M","?","?","$","?","R","E","?","T","?","R","E","?","?","R","BOSS","M","?","?","$","?","E","R","E","T","?","M","$","R","E","R","BOSS","M","?","M","M","?","R","E","R","T","$","?","E","M","?","R","BOSS"],"build_version":"2018-06-28","purchased_purges":1,"victory":true,"max_hp_per_floor":[68,73,73,73,73,73,73,73,73,73,73,73,73,73,73,78,78,78,78,78,78,78,88,88,88,88,88,88,88,88,88,88,88,88,88,88,88,88,88,88,95,95,95,95,95,95,95,95,95,95],"card_choices":[{"not_picked":["Hologram","Go for the Eyes"],"picked":"FTL","floor":1},{"not_picked":["Sweeping Beam","Rebound"],"picked":"Force Field","floor":3},{"not_picked":["Redo","Streamline"],"picked":"Chill","floor":7},{"not_picked":["Recycle","Steam Power"],"picked":"Loop","floor":10},{"not_picked":["Hello World","Reprogram"],"picked":"Leap","floor":10},{"not_picked":["Compile Driver","White Noise"],"picked":"Seek","floor":12},{"not_picked":["Fission","Buffer"],"picked":"Core Surge","floor":16},{"not_picked":["Blizzard","Compile Driver+1"],"picked":"Conserve Battery","floor":18},{"not_picked":["Streamline","Gash+1"],"picked":"Leap","floor":18},{"not_picked":["Streamline","Reprogram+1"],"picked":"Barrage","floor":23},{"not_picked":["Heatsinks","Gash"],"picked":"Creative AI","floor":25},{"not_picked":["Coolheaded+1","Barrage"],"picked":"Sweeping Beam","floor":28},{"not_picked":["Recycle","Gash+1"],"picked":"Barrage+1","floor":28},{"not_picked":["Steam","Reprogram"],"picked":"Static Discharge","floor":31},{"not_picked":["Meteor Strike","Hyperbeam"],"picked":"All For One","floor":33},{"not_picked":["Beam Cell","Gash+1"],"picked":"Consume+1","floor":35},{"not_picked":["Compile Driver","Rebound"],"picked":"Reinforced Body","floor":35},{"not_picked":["Leap","Cold Snap+1"],"picked":"Force Field","floor":37},{"not_picked":["Gash","Turbo"],"picked":"Leap","floor":37},{"not_picked":["Stack+1","Conserve Battery"],"picked":"Force Field+1","floor":38},{"not_picked":["Coolheaded","Streamline+1"],"picked":"Melter","floor":38},{"not_picked":["Redo+1","Rebound+1"],"picked":"Steam+1","floor":41},{"not_picked":["Turbo+1","Darkness","Hello World+1"],"picked":"SKIP","floor":46},{"not_picked":["Sweeping Beam+1","Gash"],"picked":"Stack","floor":47},{"not_picked":["Sunder","Coolheaded+1","Streamline"],"picked":"SKIP","floor":47}],"player_experience":464103,"relics_obtained":[{"floor":7,"key":"Oddly Smooth Stone"},{"floor":9,"key":"Prayer Wheel"},{"floor":12,"key":"Toolbox"},{"floor":14,"key":"Bag of Marbles"},{"floor":23,"key":"Pear"},{"floor":25,"key":"Unceasing Top"},{"floor":26,"key":"Bottled Lightning"},{"floor":31,"key":"Du-Vu Doll"},{"floor":41,"key":"Strawberry"},{"floor":43,"key":"Letter Opener"},{"floor":46,"key":"Symbiotic Virus"}],"event_choices":[{"event_name":"Big Fish","player_choice":"Donut","floor":2,"damage_taken":0},{"event_name":"Golden Wing","player_choice":"Ignored","floor":5,"damage_taken":0},{"event_name":"Wheel of Change","player_choice":"Gold","floor":8,"damage_taken":0},{"event_name":"Scrap Ooze","player_choice":"success","floor":13,"damage_taken":12},{"event_name":"Ghosts","player_choice":"Ignored","floor":19,"damage_taken":0},{"event_name":"The Woman in Blue","player_choice":"Bought 3 Potions","floor":20,"damage_taken":0},{"event_name":"The Library","player_choice":"Read","floor":22,"damage_taken":0},{"event_name":"Drug Dealer","player_choice":"Ignored","floor":27,"damage_taken":0},{"event_name":"Duplicator","player_choice":"One dupe","floor":36,"damage_taken":0},{"event_name":"The Moai Head","player_choice":"Ignored","floor":39,"damage_taken":0},{"event_name":"Match and Keep!","player_choice":"1 cards matched","floor":45,"damage_taken":0},{"event_name":"MindBloom","player_choice":"Heal","floor":48,"damage_taken":0}],"boss_relics":[{"not_picked":["Pandora\u0027s Box","Busted Crown"],"picked":"Cursed Key"},{"not_picked":["Orrery","Velvet Choker"],"picked":"Inserter"}],"items_purged_floors":[29],"is_endless":false,"potions_floor_spawned":[12,16,18,33,37,46],"ascension_level":4}