{"gold_per_floor":[119,44,44,44,67,83,83,100,100,250,260,307,323,342,342,417,467,482,218,218,33,33,64,64,44,44,70,1,21,21,32,32,111,111,125,141,9,109,109,136,136,151,200,24,35,47,47,60,60,60],"floor_reached":50,"playtime":2817,"items_purged":["Writhe","Injury"],"score":1075,"play_id":"036dc16d-a7c7-413a-a216-9a7533e908f6","local_time":"20190731193002","is_ascension_mode":true,"campfire_choices":[{"floor":7.0,"key":"REST"},{"data":"Neutralize","floor":15.0,"key":"SMITH"},{"floor":24.0,"key":"REST"},{"data":"Adrenaline","floor":30.0,"key":"SMITH"},{"floor":32.0,"key":"REST"},{"data":"Mayhem","floor":41.0,"key":"SMITH"},{"data":"Leg Sweep","floor":47,"key":"SMITH"},{"floor":49,"key":"REST"}],"neow_cost":"NONE","seed_source_timestamp":0,"circlet_count":0,"master_deck":["AscendersBane","Strike_G+1","Strike_G+1","Strike_G+1","Strike_G+1","Strike_G+1","Defend_G+1","Defend_G+1","Defend_G+1","Defend_G+1","Defend_G+1","Survivor+1","Neutralize+1","Doubt","Quick Slash","Flying Knee","Skewer+1","Doubt","Predator","Flying Knee","Blade Dance","Adrenaline+1","Backflip+1","Blade Dance","Mayhem+1","Shame","Accuracy","Backstab","Cloak And Dagger","Flying Knee+1","Glass Knife","Dagger Throw","Heel Hook","Leg Sweep+1","Decay","Flying Knee","Dodge and Roll","Tools of the Trade+1"],"special_seed":0,"relics":["Calling Bell","Ancient Tea Set","Meat on the Bone","Ginger","Vajra","Boot","Tough Bandages","Happy Flower","Tiny House","Bronze Scales","The Courier","Torii","Gremlin Horn","Du-Vu Doll","Cursed Key","War Paint","Tingsha","Frozen Egg 2","Whetstone","ClockworkSouvenir"],"potions_floor_usage":[50],"damage_taken":[{"damage":22.0,"enemies":"Cultist","floor":1.0,"turns":6.0},{"damage":5.0,"enemies":"Small Slimes","floor":6.0,"turns":4.0},{"damage":0.0,"enemies":"Jaw Worm","floor":8.0,"turns":3.0},{"damage":15.0,"enemies":"Gremlin Gang","floor":11.0,"turns":6.0},{"damage":7.0,"enemies":"2 Fungi Beasts","floor":13.0,"turns":3.0},{"damage":16.0,"enemies":"Blue Slaver","floor":14.0,"turns":3.0},{"damage":29.0,"enemies":"Hexaghost","floor":16.0,"turns":10.0},{"damage":8.0,"enemies":"3 Byrds","floor":18.0,"turns":5.0},{"damage":32.0,"enemies":"Book of Stabbing","floor":23.0,"turns":6.0},{"damage":16.0,"enemies":"Slavers","floor":27.0,"turns":4.0},{"damage":0.0,"enemies":"Chosen","floor":29.0,"turns":3.0},{"damage":0.0,"enemies":"Snake Plant","floor":31.0,"turns":2.0},{"damage":44.0,"enemies":"Champ","floor":33.0,"turns":9.0},{"damage":0.0,"enemies":"Orb Walker","floor":35.0,"turns":2.0},{"damage":12.0,"enemies":"3 Darklings","floor":36.0,"turns":3.0},{"damage":0.0,"enemies":"Mind Bloom Boss Battle","floor":38.0,"turns":5.0},{"damage":32.0,"enemies":"Nemesis","floor":40.0,"turns":6.0},{"damage":10,"enemies":"4 Shapes","floor":42,"turns":3},{"damage":0,"enemies":"Transient","floor":45,"turns":5},{"damage":8,"enemies":"Writhing Mass","floor":46,"turns":4},{"damage":8,"enemies":"Sphere and 2 Shapes","floor":48,"turns":2},{"damage":81,"enemies":"Time Eater","floor":50,"turns":9}],"seed_played":"-3213648138705724776","potions_obtained":[{"floor":11.0,"key":"Weak Potion"},{"floor":13.0,"key":"Strength Potion"},{"floor":17.0,"key":"AttackPotion"},{"floor":18.0,"key":"AttackPotion"},{"floor":23.0,"key":"Swift Potion"},{"floor":25.0,"key":"LiquidBronze"},{"floor":36.0,"key":"GhostInAJar"},{"floor":48,"key":"Regen Potion"}],"is_trial":false,"path_per_floor":["M","$","?","?","T","M","R","M","T","?","M","T","M","M","R","B",null,"M","$","?","$","?","E","R","?","T","E","$","M","R","M","R","B",null,"M","M","$","?","?","E","R","M","T","$","M","M","R","M","R","B"],"character_chosen":"THE_SILENT","items_purchased":["Bronze Scales","Mayhem","Backstab","War Paint","ClockworkSouvenir"],"campfire_rested":4,"item_purchase_floors":[19,21,28,37,44],"current_hp_per_floor":[37,37,32,12,12,19,38,38,38,38,35,35,40,36,36,19,59,51,51,51,51,51,31,52,52,52,36,36,36,36,36,57,25,60,60,48,48,48,53,33,33,35,35,35,47,39,39,43,64,0],"gold":60,"neow_bonus":"BOSS_RELIC","is_prod":false,"is_daily":false,"chose_seed":false,"campfire_upgraded":4,"win_rate":0,"timestamp":1564626602,"path_taken":["M","$","?","?","?","M","R","?","T","?","M","?","?","M","R","BOSS","M","?","?","$","?","E","R","?","T","E","$","?","R","M","R","BOSS","M","M","$","?","?","E","R","M","T","$","?","M","R","M","R","BOSS"],"build_version":"2019-07-17","purchased_purges":2,"victory":false,"max_hp_per_floor":[66,66,66,66,66,66,66,66,66,66,66,66,66,66,66,66,71,71,71,71,71,71,71,71,71,71,71,71,71,71,71,71,71,71,71,71,71,71,71,71,71,71,71,71,71,71,71,71,71,71],"card_choices":[{"not_picked":["Dodge and Roll","Cloak And Dagger"],"picked":"Quick Slash","floor":1.0},{"not_picked":["Poisoned Stab","Deflect"],"picked":"Flying Knee","floor":6.0},{"not_picked":["PiercingWail","Bouncing Flask"],"picked":"Skewer","floor":8.0},{"not_picked":["Wraith Form v2","Choke"],"picked":"Predator","floor":11.0},{"not_picked":["Setup","Deflect"],"picked":"Flying Knee","floor":13.0},{"not_picked":["Flying Knee","Endless Agony"],"picked":"Blade Dance","floor":14.0},{"not_picked":["Glass Knife","Corpse Explosion"],"picked":"Adrenaline","floor":16.0},{"not_picked":["Bane","Outmaneuver"],"picked":"Backflip","floor":17.0},{"not_picked":["Calculated Gamble","Acrobatics"],"picked":"Blade Dance","floor":18.0},{"not_picked":["Endless Agony","Expertise"],"picked":"Accuracy","floor":23.0},{"not_picked":["Well Laid Plans","Slice","Envenom"],"picked":"SKIP","floor":27.0},{"not_picked":["Deadly Poison","Dash"],"picked":"Cloak And Dagger","floor":29.0},{"not_picked":["Expertise","Catalyst"],"picked":"Flying Knee","floor":31.0},{"not_picked":["Bullet Time","Burst"],"picked":"Glass Knife","floor":33.0},{"not_picked":["Underhanded Strike","Poisoned Stab+1"],"picked":"Dagger Throw","floor":35.0},{"not_picked":["Dagger Throw","Setup"],"picked":"Heel Hook","floor":36.0},{"not_picked":["Riddle With Holes","Quick Slash"],"picked":"Prepared+1","floor":38.0},{"not_picked":["Deflect","Outmaneuver","Reflex"],"picked":"SKIP","floor":40.0},{"not_picked":["Flying Knee","Quick Slash"],"picked":"Leg Sweep","floor":42},{"not_picked":["Poisoned Stab","All Out Attack"],"picked":"Flying Knee","floor":45},{"not_picked":["Flying Knee","Outmaneuver"],"picked":"Dodge and Roll","floor":46},{"not_picked":["PiercingWail","Concentrate+1"],"picked":"Tools of the Trade+1","floor":48}],"player_experience":647543,"relics_obtained":[{"floor":0.0,"key":"Ancient Tea Set"},{"floor":0.0,"key":"Meat on the Bone"},{"floor":0.0,"key":"Ginger"},{"floor":5.0,"key":"Boot"},{"floor":9.0,"key":"Tough Bandages"},{"floor":12.0,"key":"Happy Flower"},{"floor":23.0,"key":"Torii"},{"floor":26.0,"key":"Gremlin Horn"},{"floor":27.0,"key":"Du-Vu Doll"},{"floor":38.0,"key":"Tingsha"},{"floor":40.0,"key":"Frozen Egg 2"},{"floor":43,"key":"Whetstone"}],"event_choices":[{"damage_healed":0.0,"max_hp_gain":0.0,"max_hp_loss":0.0,"gold_gain":0.0,"event_name":"Scrap Ooze","player_choice":"Success","floor":3.0,"gold_loss":0.0,"damage_taken":5.0,"relics_obtained":["Vajra"]},{"damage_healed":0.0,"max_hp_gain":0.0,"max_hp_loss":0.0,"gold_gain":0.0,"event_name":"Shining Light","player_choice":"Entered Light","floor":4.0,"gold_loss":0.0,"damage_taken":20.0,"cards_upgraded":["Defend_G","Strike_G"]},{"damage_healed":0.0,"max_hp_gain":0.0,"max_hp_loss":0.0,"gold_gain":150.0,"event_name":"Liars Game","player_choice":"AGREE","floor":10.0,"gold_loss":0.0,"damage_taken":0.0,"cards_obtained":["Doubt"]},{"damage_healed":0.0,"max_hp_gain":0.0,"max_hp_loss":0.0,"gold_gain":0.0,"event_name":"Back to Basics","player_choice":"Simplicity","floor":20.0,"gold_loss":0.0,"damage_taken":0.0,"cards_upgraded":["Strike_G","Strike_G","Strike_G","Defend_G","Defend_G","Defend_G","Defend_G"]},{"damage_healed":0.0,"max_hp_gain":0.0,"max_hp_loss":0.0,"gold_gain":0.0,"event_name":"Addict","player_choice":"Stole Relic","floor":22.0,"gold_loss":0.0,"damage_taken":0.0,"relics_obtained":["The Courier"],"cards_obtained":["Shame"]},{"damage_healed":0.0,"max_hp_gain":0.0,"max_hp_loss":0.0,"gold_gain":0.0,"event_name":"The Woman in Blue","player_choice":"Bought 1 Potion","floor":25.0,"gold_loss":0.0,"damage_taken":0.0},{"damage_healed":0.0,"max_hp_gain":0.0,"max_hp_loss":0.0,"gold_gain":0.0,"event_name":"MindBloom","player_choice":"Fight","floor":38.0,"gold_loss":0.0,"damage_taken":0.0},{"cards_removed":["Prepared"],"damage_healed":5.0,"max_hp_gain":0.0,"max_hp_loss":0.0,"gold_gain":0.0,"event_name":"Bonfire Elementals","player_choice":"Offered Common","floor":39.0,"gold_loss":0.0,"damage_taken":0.0},{"cards_removed":["Prepared"],"damage_healed":5.0,"max_hp_gain":0.0,"max_hp_loss":0.0,"gold_gain":0.0,"event_name":"Bonfire Elementals","player_choice":"Offered Special","floor":39.0,"gold_loss":0.0,"damage_taken":0.0}],"is_beta":false,"boss_relics":[{"not_picked":["Empty Cage","Black Star"],"picked":"Tiny House"},{"not_picked":["Eternal Feather","Pandora\u0027s Box"],"picked":"Cursed Key"}],"items_purged_floors":[2,19],"is_endless":false,"potions_floor_spawned":[11,13,14,18,23,36,48],"killed_by":"Time Eater","ascension_level":16}