{"gold_per_floor":[109,129,129,204,115,148,168,194,194,214,227,227,239,260,260,361,361,379,16,16,36,54,54,54,54,54,83,83,101,101,135,135,135],"floor_reached":33,"playtime":1841,"items_purged":["Regret"],"score":368,"play_id":"087a4ac1-aa86-4705-a94c-de2dfd35f489","local_time":"20190815205413","is_ascension_mode":true,"campfire_choices":[{"data":"Battle Trance","floor":12,"key":"SMITH"},{"data":"Uppercut","floor":15,"key":"SMITH"},{"floor":23,"key":"REST"},{"floor":25,"key":"REST"},{"floor":28,"key":"REST"},{"floor":30,"key":"REST"},{"floor":32,"key":"REST"}],"neow_cost":"NONE","seed_source_timestamp":650363864677144,"circlet_count":0,"master_deck":["Strike_R+1","Strike_R+1","Strike_R+1","Strike_R+1","Strike_R+1","Defend_R+1","Defend_R+1","Defend_R+1","Defend_R+1","Bash","Shockwave","Ghostly Armor","Flash of Steel","Uppercut+1","Thunderclap","Cleave","Battle Trance+1","Shrug It Off","Pummel","Pommel Strike","Bludgeon","Doubt","Writhe","Corruption+1","Iron Wave+1","True Grit","Pummel","Infernal Blade","Shrug It Off"],"relics":["Burning Blood","NeowsBlessing","Dream Catcher","Shuriken","Blood Vial","Odd Mushroom","Calling Bell","Regal Pillow","Blue Candle","WingedGreaves","Ice Cream","Champion Belt","Potion Belt","Bottled Flame"],"potions_floor_usage":[13,14,18,27,31,31,31,31,31,33,33],"damage_taken":[{"damage":0,"enemies":"2 Louse","floor":1,"turns":1},{"damage":0,"enemies":"Jaw Worm","floor":2,"turns":1},{"damage":0,"enemies":"Gremlin Nob","floor":6,"turns":1},{"damage":2,"enemies":"Small Slimes","floor":7,"turns":3},{"damage":27,"enemies":"3 Sentries","floor":8,"turns":9},{"damage":6,"enemies":"3 Louse","floor":10,"turns":4},{"damage":6,"enemies":"Looter","floor":11,"turns":3},{"damage":10,"enemies":"Gremlin Gang","floor":13,"turns":4},{"damage":2,"enemies":"The Mushroom Lair","floor":14,"turns":4},{"damage":38,"enemies":"The Guardian","floor":16,"turns":15},{"damage":28,"enemies":"Spheric Guardian","floor":18,"turns":6},{"damage":26,"enemies":"2 Thieves","floor":21,"turns":4},{"damage":19,"enemies":"Snake Plant","floor":22,"turns":4},{"damage":51,"enemies":"Slavers","floor":27,"turns":8},{"damage":26,"enemies":"Chosen and Byrds","floor":29,"turns":8},{"damage":75,"enemies":"Book of Stabbing","floor":31,"turns":8},{"damage":66,"enemies":"Champ","floor":33,"turns":14}],"seed_played":"1764071956874117237","potions_obtained":[{"floor":1,"key":"EssenceOfSteel"},{"floor":10,"key":"EntropicBrew"},{"floor":11,"key":"EssenceOfSteel"},{"floor":14,"key":"SpeedPotion"},{"floor":16,"key":"Block Potion"},{"floor":21,"key":"GamblersBrew"},{"floor":27,"key":"SpeedPotion"}],"is_trial":false,"path_per_floor":["M","M","$","?","$","E","M","E","T","M","M","R","M","?","R","B",null,"M","$","?","M","M","R","$","R","T","E","R","M","R","E","R","B"],"character_chosen":"IRONCLAD","items_purchased":["Flash of Steel","Ice Cream"],"campfire_rested":5,"item_purchase_floors":[5,19],"current_hp_per_floor":[80,80,80,69,69,75,79,58,58,60,62,62,60,66,66,36,80,58,58,58,40,29,68,68,80,80,35,74,56,80,20,59,0],"gold":135,"neow_bonus":"THREE_ENEMY_KILL","is_prod":false,"is_daily":false,"chose_seed":false,"campfire_upgraded":2,"win_rate":0,"timestamp":1565895253,"path_taken":["M","M","$","?","$","E","M","E","T","M","M","R","M","?","R","BOSS","M","$","?","M","M","R","$","R","T","E","R","M","R","E","R","BOSS"],"build_version":"2019-07-17","purchased_purges":1,"victory":false,"max_hp_per_floor":[80,80,80,80,80,80,80,80,80,80,80,80,80,80,80,80,80,80,80,80,80,80,80,80,80,80,80,80,80,80,80,80,80],"card_choices":[{"not_picked":["Reckless Charge","Combust"],"picked":"Shockwave","floor":1},{"not_picked":["Headbutt","Body Slam"],"picked":"Ghostly Armor","floor":2},{"not_picked":["Ghostly Armor","Inflame"],"picked":"Uppercut","floor":6},{"not_picked":["Armaments","Whirlwind"],"picked":"Thunderclap","floor":7},{"not_picked":["Havoc","Searing Blow"],"picked":"Cleave","floor":8},{"not_picked":["Uppercut","Carnage"],"picked":"Battle Trance","floor":10},{"not_picked":["Twin Strike","Wild Strike"],"picked":"Shrug It Off","floor":11},{"not_picked":["Searing Blow","Dual Wield"],"picked":"Pummel","floor":13},{"not_picked":["Perfected Strike","Brutality"],"picked":"Pommel Strike","floor":14},{"not_picked":["Immolate","Fiend Fire"],"picked":"Bludgeon","floor":16},{"not_picked":["Twin Strike","Rage+1"],"picked":"Corruption+1","floor":18},{"not_picked":["True Grit","Pommel Strike"],"picked":"Iron Wave+1","floor":21},{"not_picked":["Thunderclap","Bloodletting","Rupture"],"picked":"SKIP","floor":22},{"not_picked":["Shrug It Off","Bludgeon"],"picked":"True Grit","floor":25},{"not_picked":["Fiend Fire","Blood for Blood"],"picked":"Pummel","floor":27},{"not_picked":["Sever Soul","Cleave"],"picked":"Infernal Blade","floor":28},{"not_picked":["Thunderclap","Dropkick","Perfected Strike+1"],"picked":"SKIP","floor":29},{"not_picked":["Warcry","Feel No Pain"],"picked":"Shrug It Off","floor":31}],"player_experience":107841,"relics_obtained":[{"floor":6,"key":"Dream Catcher"},{"floor":8,"key":"Shuriken"},{"floor":9,"key":"Blood Vial"},{"floor":14,"key":"Odd Mushroom"},{"floor":17,"key":"Regal Pillow"},{"floor":17,"key":"Blue Candle"},{"floor":17,"key":"WingedGreaves"},{"floor":26,"key":"Champion Belt"},{"floor":27,"key":"Potion Belt"},{"floor":31,"key":"Bottled Flame"}],"event_choices":[{"damage_healed":0,"gold_gain":75,"player_choice":"Gather Gold","damage_taken":11,"max_hp_gain":0,"max_hp_loss":0,"event_name":"World of Goop","floor":4,"gold_loss":0},{"damage_healed":0,"gold_gain":0,"player_choice":"Fought Mushrooms","damage_taken":0,"max_hp_gain":0,"max_hp_loss":0,"event_name":"Mushrooms","floor":14,"gold_loss":0},{"damage_healed":0,"gold_gain":0,"player_choice":"Simplicity","damage_taken":0,"max_hp_gain":0,"max_hp_loss":0,"event_name":"Back to Basics","floor":20,"gold_loss":0,"cards_upgraded":["Strike_R","Strike_R","Strike_R","Strike_R","Strike_R","Defend_R","Defend_R","Defend_R","Defend_R"]}],"is_beta":false,"boss_relics":[{"not_picked":["Runic Dome","Tiny House"],"picked":"Calling Bell"}],"items_purged_floors":[19],"is_endless":false,"potions_floor_spawned":[1,10,11,14,16,21,27],"killed_by":"Champ","ascension_level":3}