{"gold_per_floor":[116,116,191,191,191,191,191,191,268,293,306,326,326,342,342,446,446,463,448,448,448],"floor_reached":21,"playtime":1461,"items_purged":[],"score":177,"play_id":"a02b5ae9-74a9-4f7b-a008-6816253225ea","local_time":"20190806061632","is_ascension_mode":false,"campfire_choices":[{"floor":6,"key":"REST"},{"data":"Capacitor","floor":8,"key":"SMITH"},{"floor":15,"key":"REST"}],"neow_cost":"NONE","seed_source_timestamp":13306362785930,"circlet_count":0,"master_deck":["Strike_B","Strike_B+1","Strike_B","Strike_B","Defend_B","Defend_B","Defend_B","Zap+1","Dualcast","Capacitor+1","Rebound","Cold Snap","Ball Lightning","Iron Wave","Hologram","Cold Snap","Creative AI+1","Rebound","Go for the Eyes","Sweeping Beam","Darkness","Storm+1","Go for the Eyes+1","Reinforced Body"],"relics":["Cracked Core","Strawberry","Frozen Egg 2","Dream Catcher","Orrery"],"potions_floor_usage":[16,21],"damage_taken":[{"damage":9,"enemies":"Jaw Worm","floor":1,"turns":5},{"damage":41,"enemies":"Lagavulin","floor":10,"turns":7},{"damage":3,"enemies":"Small Slimes","floor":11,"turns":3},{"damage":6,"enemies":"2 Louse","floor":12,"turns":3},{"damage":2,"enemies":"Exordium Thugs","floor":14,"turns":4},{"damage":7,"enemies":"Slime Boss","floor":16,"turns":7},{"damage":36,"enemies":"Shell Parasite","floor":18,"turns":7},{"damage":35,"enemies":"2 Thieves","floor":19,"turns":4},{"damage":29,"enemies":"Snake Plant","floor":21,"turns":5}],"seed_played":"-3468062986447973563","potions_obtained":[{"floor":1,"key":"FairyPotion"},{"floor":12,"key":"Fire Potion"},{"floor":14,"key":"GamblersBrew"},{"floor":20,"key":"Energy Potion"}],"is_trial":false,"path_per_floor":["M","?","?","$","?","R","?","R","T","E","M","M","?","M","R","B",null,"M","M","?","M"],"character_chosen":"DEFECT","items_purchased":[],"campfire_rested":2,"item_purchase_floors":[],"current_hp_per_floor":[73,57,46,46,53,79,72,72,72,31,28,22,22,20,46,39,89,53,18,18,0],"gold":448,"neow_bonus":"TEN_PERCENT_HP_BONUS","is_prod":false,"is_daily":false,"chose_seed":false,"campfire_upgraded":1,"win_rate":0.0,"timestamp":1565097392,"path_taken":["M","?","?","$","?","R","?","R","T","E","M","M","?","M","R","BOSS","M","M","?","?"],"build_version":"2019-07-17","purchased_purges":0,"victory":false,"max_hp_per_floor":[82,82,82,82,89,89,89,89,89,89,89,89,89,89,89,89,89,89,89,89,89],"card_choices":[{"not_picked":["White Noise","Skim"],"picked":"Capacitor","floor":1},{"not_picked":["Stack","Multi-Cast"],"picked":"Rebound","floor":10},{"not_picked":["Beam Cell","Barrage"],"picked":"Cold Snap","floor":11},{"not_picked":["Gash","Blizzard"],"picked":"Ball Lightning","floor":12},{"not_picked":["Gash","Force Field"],"picked":"Hologram","floor":14},{"not_picked":["FTL","BootSequence"],"picked":"Cold Snap","floor":15},{"not_picked":["Seek","Fission"],"picked":"Creative AI+1","floor":16},{"not_picked":["Ball Lightning","Barrage"],"picked":"Rebound","floor":17},{"not_picked":["White Noise","Fusion"],"picked":"Go for the Eyes","floor":17},{"not_picked":["Steam","Loop+1"],"picked":"Sweeping Beam","floor":17},{"not_picked":["Streamline","Cold Snap"],"picked":"Darkness","floor":17},{"not_picked":["Gash","Loop+1"],"picked":"Storm+1","floor":17},{"not_picked":["Seek","Consume"],"picked":"Go for the Eyes+1","floor":18},{"not_picked":["Chaos","Hologram+1"],"picked":"Reinforced Body","floor":19}],"player_experience":6617,"relics_obtained":[{"floor":9,"key":"Frozen Egg 2"},{"floor":10,"key":"Dream Catcher"}],"event_choices":[{"damage_healed":0,"gold_gain":0,"player_choice":"Entered Light","damage_taken":16,"max_hp_gain":0,"max_hp_loss":0,"event_name":"Shining Light","floor":2,"gold_loss":0,"cards_upgraded":["Strike_B","Zap"]},{"damage_healed":0,"gold_gain":75,"player_choice":"Gather Gold","damage_taken":11,"max_hp_gain":0,"max_hp_loss":0,"event_name":"World of Goop","floor":3,"gold_loss":0},{"damage_healed":0,"gold_gain":0,"player_choice":"Box","damage_taken":0,"relics_obtained":["Strawberry"],"max_hp_gain":0,"max_hp_loss":0,"event_name":"Big Fish","floor":5,"gold_loss":0,"cards_obtained":["Regret"]},{"cards_removed":["Regret"],"damage_healed":0,"gold_gain":0,"player_choice":"Card Removal","damage_taken":7,"max_hp_gain":0,"max_hp_loss":0,"event_name":"Golden Wing","floor":7,"gold_loss":0},{"cards_removed":["Defend_B"],"damage_healed":0,"gold_gain":0,"player_choice":"Took Card","damage_taken":0,"max_hp_gain":0,"max_hp_loss":0,"event_name":"NoteForYourself","floor":13,"gold_loss":0,"cards_obtained":["Iron Wave"]},{"damage_healed":0,"gold_gain":0,"player_choice":"Got Potions","damage_taken":0,"max_hp_gain":0,"max_hp_loss":0,"event_name":"Lab","floor":20,"gold_loss":0}],"is_beta":false,"boss_relics":[{"not_picked":["Empty Cage","Fusion Hammer"],"picked":"Orrery"}],"items_purged_floors":[],"is_endless":false,"potions_floor_spawned":[1,12,14],"killed_by":"Snake Plant","ascension_level":0}