{"gold_per_floor":[112,64,64,81,6,37,57,89,89,15,15,35,35,35,35,136,136,110,25,25,25,107,107,123,133,157,177,177,240,240,258,258,363,363,377,477,524,543,558,558,558,558,558,574,574,585,596,612,612,612],"floor_reached":51,"playtime":10271,"items_purged":["Strike_G"],"score":752,"play_id":"602db164-7cba-4e14-9ce6-e0b9620b2d7c","local_time":"20190818181500","is_ascension_mode":false,"campfire_choices":[{"floor":11,"key":"REST"},{"floor":13,"key":"REST"},{"floor":15,"key":"REST"},{"floor":23,"key":"REST"},{"floor":32,"key":"REST"},{"floor":40,"key":"REST"},{"floor":42,"key":"REST"},{"floor":49,"key":"REST"}],"neow_cost":"NONE","seed_source_timestamp":388915813528500,"circlet_count":0,"master_deck":["Strike_G","Strike_G","Strike_G","Strike_G","Defend_G","Defend_G","Defend_G","Defend_G","Defend_G","Survivor","Neutralize","Dagger Throw","Quick Slash","Sucker Punch","After Image","Infinite Blades+1","Regret","Tools of the Trade+1","Underhanded Strike","J.A.X.","Blade Dance+1","Accuracy+1","Writhe","Tactician","Cloak And Dagger","Adrenaline","Panache+1","Prepared+1","Parasite"],"relics":["Ring of the Serpent","Matryoshka","Ornamental Fan","Oddly Smooth Stone","Frozen Egg 2","Dodecahedron","Du-Vu Doll","Enchiridion","Lantern","Mercury Hourglass","Regal Pillow","PreservedInsect","Tiny Chest","Busted Crown","FossilizedHelix","Ice Cream","Sundial"],"potions_floor_usage":[6,8,16,18,29,37,37,37,37,37,38,39,47,50],"damage_taken":[{"damage":0,"enemies":"2 Louse","floor":1,"turns":4},{"damage":1,"enemies":"Jaw Worm","floor":4,"turns":5},{"damage":36,"enemies":"Lagavulin","floor":6,"turns":11},{"damage":0,"enemies":"Cultist","floor":7,"turns":3},{"damage":34,"enemies":"Gremlin Nob","floor":8,"turns":5},{"damage":0,"enemies":"Exordium Thugs","floor":12,"turns":5},{"damage":21,"enemies":"Slime Boss","floor":16,"turns":11},{"damage":15,"enemies":"2 Thieves","floor":18,"turns":5},{"damage":10,"enemies":"Shell Parasite","floor":24,"turns":4},{"damage":12,"enemies":"Centurion and Healer","floor":25,"turns":5},{"damage":9,"enemies":"3 Cultists","floor":27,"turns":5},{"damage":5,"enemies":"Gremlin Leader","floor":29,"turns":5},{"damage":12,"enemies":"Chosen and Byrds","floor":31,"turns":4},{"damage":23,"enemies":"Champ","floor":33,"turns":8},{"damage":18,"enemies":"3 Darklings","floor":35,"turns":5},{"damage":23,"enemies":"Mind Bloom Boss Battle","floor":36,"turns":6},{"damage":15,"enemies":"2 Orb Walkers","floor":37,"turns":3},{"damage":5,"enemies":"3 Shapes","floor":38,"turns":3},{"damage":0,"enemies":"Spire Growth","floor":39,"turns":4},{"damage":13,"enemies":"Jaw Worm Horde","floor":44,"turns":3},{"damage":30,"enemies":"4 Shapes","floor":46,"turns":6},{"damage":1,"enemies":"Spire Growth","floor":47,"turns":4},{"damage":1,"enemies":"Writhing Mass","floor":48,"turns":5},{"damage":41,"enemies":"Donu and Deca","floor":50,"turns":7}],"seed_played":"-4377142402259715803","potions_obtained":[{"floor":1,"key":"Energy Potion"},{"floor":6,"key":"Strength Potion"},{"floor":7,"key":"Regen Potion"},{"floor":8,"key":"Dexterity Potion"},{"floor":27,"key":"AttackPotion"},{"floor":31,"key":"Ancient Potion"},{"floor":33,"key":"FearPotion"},{"floor":36,"key":"EntropicBrew"},{"floor":37,"key":"SkillPotion"},{"floor":46,"key":"AttackPotion"},{"floor":48,"key":"PowerPotion"}],"is_trial":false,"path_per_floor":["M","?","?","M","$","E","M","E","T","$","R","M","R","?","R","B",null,"M","?","?","?","T","R","M","M","T","M","?","E","?","M","R","B",null,"M","?","?","M","M","R","?","R","T","M","?","M","M","M","R","B",null],"character_chosen":"THE_SILENT","items_purchased":["Infinite Blades+1"],"campfire_rested":8,"item_purchase_floors":[10],"current_hp_per_floor":[70,70,70,69,69,33,33,11,11,11,32,32,53,53,70,49,70,55,55,39,39,39,60,50,38,38,29,29,24,47,35,70,47,70,52,29,14,9,9,45,45,70,70,57,57,27,26,25,61,20],"gold":612,"neow_bonus":"THREE_CARDS","is_prod":false,"is_daily":false,"chose_seed":false,"campfire_upgraded":0,"win_rate":0.0,"timestamp":1566162900,"path_taken":["M","?","?","M","$","E","M","E","T","?","R","?","R","?","R","BOSS","M","?","?","?","?","R","M","M","T","?","?","E","?","M","R","BOSS","M","?","?","M","M","R","?","R","T","M","?","?","M","M","R","BOSS"],"build_version":"2019-07-17","purchased_purges":1,"victory":true,"max_hp_per_floor":[70,70,70,70,70,70,70,70,70,70,70,70,70,70,70,70,70,70,70,70,70,70,70,70,70,70,70,70,70,70,70,70,70,70,70,70,70,70,70,70,70,70,70,70,70,70,70,70,70,70],"card_choices":[{"not_picked":["Prepared","Reflex"],"picked":"Dagger Throw","floor":0},{"not_picked":["Choke","Dodge and Roll"],"picked":"Quick Slash","floor":1},{"not_picked":["Skewer","Catalyst"],"picked":"Sucker Punch","floor":4},{"not_picked":["Bane","Poisoned Stab","Quick Slash"],"picked":"SKIP","floor":6},{"not_picked":["Dagger Spray","Deflect","Bane"],"picked":"SKIP","floor":7},{"not_picked":["Calculated Gamble","Flying Knee"],"picked":"After Image","floor":8},{"not_picked":["Outmaneuver","Distraction","Caltrops+1"],"picked":"SKIP","floor":12},{"not_picked":["Bullet Time","Wraith Form v2+1"],"picked":"Tools of the Trade+1","floor":16},{"not_picked":["Quick Slash","Acrobatics+1"],"picked":"Underhanded Strike","floor":18},{"not_picked":["Escape Plan","Terror","Deflect"],"picked":"SKIP","floor":24},{"not_picked":["Dodge and Roll+1","Dagger Throw"],"picked":"Blade Dance+1","floor":25},{"not_picked":["Deflect","PiercingWail"],"picked":"Accuracy+1","floor":27},{"not_picked":["Terror+1","Underhanded Strike"],"picked":"Tactician","floor":29},{"not_picked":["Acrobatics+1","Glass Knife"],"picked":"Cloak And Dagger","floor":31},{"not_picked":["Night Terror","Malaise"],"picked":"Adrenaline","floor":33},{"not_picked":["Flying Knee"],"picked":"SKIP","floor":35},{"not_picked":["Sucker Punch"],"picked":"SKIP","floor":38},{"not_picked":["Quick Slash"],"picked":"SKIP","floor":39},{"not_picked":[],"picked":"Panache+1","floor":41},{"not_picked":["Bane+1"],"picked":"SKIP","floor":44},{"not_picked":[],"picked":"Prepared+1","floor":46},{"not_picked":["Dagger Spray"],"picked":"SKIP","floor":47},{"not_picked":["Dash"],"picked":"SKIP","floor":48}],"player_experience":115663,"relics_obtained":[{"floor":6,"key":"Matryoshka"},{"floor":8,"key":"Ornamental Fan"},{"floor":9,"key":"Oddly Smooth Stone"},{"floor":9,"key":"Frozen Egg 2"},{"floor":20,"key":"Enchiridion"},{"floor":22,"key":"Lantern"},{"floor":22,"key":"Mercury Hourglass"},{"floor":26,"key":"Regal Pillow"},{"floor":29,"key":"Tiny Chest"},{"floor":36,"key":"FossilizedHelix"},{"floor":37,"key":"Ice Cream"},{"floor":43,"key":"Sundial"}],"event_choices":[{"damage_healed":0,"gold_gain":0,"player_choice":"Left Gold","damage_taken":0,"max_hp_gain":0,"max_hp_loss":0,"event_name":"World of Goop","floor":2,"gold_loss":48},{"damage_healed":0,"gold_gain":0,"player_choice":"Ignored","damage_taken":0,"max_hp_gain":0,"max_hp_loss":0,"event_name":"Liars Game","floor":3,"gold_loss":0},{"damage_healed":0,"gold_gain":0,"player_choice":"Box","damage_taken":0,"relics_obtained":["Dodecahedron"],"max_hp_gain":0,"max_hp_loss":0,"event_name":"Big Fish","floor":14,"gold_loss":0,"cards_obtained":["Regret"]},{"damage_healed":0,"gold_gain":0,"player_choice":"Obtained Relic","damage_taken":0,"relics_obtained":["Du-Vu Doll"],"max_hp_gain":0,"max_hp_loss":0,"event_name":"Addict","floor":19,"gold_loss":85},{"damage_healed":0,"gold_gain":0,"player_choice":"Obtained Book","damage_taken":16,"max_hp_gain":0,"max_hp_loss":0,"event_name":"Cursed Tome","floor":20,"gold_loss":0},{"damage_healed":0,"gold_gain":0,"player_choice":"Obtain J.A.X.","damage_taken":0,"max_hp_gain":0,"max_hp_loss":0,"event_name":"Drug Dealer","floor":21,"gold_loss":0,"cards_obtained":["J.A.X."]},{"damage_healed":0,"gold_gain":0,"player_choice":"Opened","damage_taken":0,"relics_obtained":["PreservedInsect"],"max_hp_gain":0,"max_hp_loss":0,"event_name":"The Mausoleum","floor":28,"gold_loss":0,"cards_obtained":["Writhe"]},{"damage_healed":23,"gold_gain":0,"player_choice":"Heal","damage_taken":0,"max_hp_gain":0,"max_hp_loss":0,"event_name":"The Library","floor":30,"gold_loss":0},{"damage_healed":0,"gold_gain":0,"player_choice":"Fight","damage_taken":0,"max_hp_gain":0,"max_hp_loss":0,"event_name":"MindBloom","floor":36,"gold_loss":0},{"damage_healed":0,"gold_gain":0,"player_choice":"Fight","damage_taken":0,"max_hp_gain":0,"max_hp_loss":0,"event_name":"Mysterious Sphere","floor":37,"gold_loss":0},{"damage_healed":0,"gold_gain":0,"player_choice":"Memory 1","damage_taken":0,"max_hp_gain":0,"max_hp_loss":0,"event_name":"SensoryStone","floor":41,"gold_loss":0},{"damage_healed":0,"gold_gain":0,"player_choice":"Ignored","damage_taken":0,"max_hp_gain":0,"max_hp_loss":0,"event_name":"NoteForYourself","floor":45,"gold_loss":0}],"is_beta":false,"boss_relics":[{"not_picked":["Lizard Tail","WristBlade"],"picked":"Ring of the Serpent"},{"not_picked":["Philosopher\u0027s Stone","Black Star"],"picked":"Busted Crown"}],"items_purged_floors":[5],"is_endless":false,"potions_floor_spawned":[1,6,7,8,27,31,33,36,37,46,48],"ascension_level":0}