{"gold_per_floor":[109,124,124,144,162,162,179,198,198,198,198,85,98,98,98,201,201,212,89,103,193,47,47,62,62,134,134,148,148,158,174,174,174],"floor_reached":33,"playtime":1878,"items_purged":["Strike_B","Strike_B"],"score":241,"play_id":"8575a412-32c5-467e-ae1c-307f5e31c30e","local_time":"20190807014027","is_ascension_mode":false,"campfire_choices":[{"floor":6,"key":"REST"},{"floor":11,"key":"REST"},{"data":"Genetic Algorithm","floor":15,"key":"SMITH"},{"floor":23,"key":"REST"},{"floor":27,"key":"REST"},{"data":"Chill","floor":29,"key":"SMITH"},{"floor":32,"key":"REST"}],"neow_cost":"NONE","seed_source_timestamp":82726893612635,"circlet_count":0,"master_deck":["Strike_B","Strike_B","Defend_B","Defend_B","Defend_B","Defend_B","Zap+1","Dualcast","Rebound+1","Rebound","Sweeping Beam","Steam+1","Genetic Algorithm+1","Cold Snap","Echo Form","Double Energy","Steam","Stack+1","PanicButton","Leap","Chill+1","Lockon+1","Scrape+1"],"relics":["Lizard Tail","Sundial","Velvet Choker","War Paint","Bottled Tornado"],"potions_floor_usage":[16,16,16],"damage_taken":[{"damage":7,"enemies":"Cultist","floor":1,"turns":5},{"damage":5,"enemies":"2 Louse","floor":2,"turns":3},{"damage":11,"enemies":"Jaw Worm","floor":4,"turns":3},{"damage":17,"enemies":"3 Louse","floor":5,"turns":3},{"damage":14,"enemies":"Blue Slaver","floor":7,"turns":4},{"damage":21,"enemies":"2 Fungi Beasts","floor":8,"turns":3},{"damage":24,"enemies":"Exordium Wildlife","floor":13,"turns":6},{"damage":93,"enemies":"The Guardian","floor":16,"turns":15},{"damage":2,"enemies":"Shell Parasite","floor":18,"turns":5},{"damage":22,"enemies":"2 Thieves","floor":20,"turns":5},{"damage":9,"enemies":"Cultist and Chosen","floor":24,"turns":9},{"damage":6,"enemies":"Shelled Parasite and Fungi","floor":28,"turns":10},{"damage":11,"enemies":"Centurion and Healer","floor":30,"turns":10},{"damage":16,"enemies":"Snake Plant","floor":31,"turns":6},{"damage":74,"enemies":"Collector","floor":33,"turns":6}],"seed_played":"-6180490447189562963","potions_obtained":[{"floor":1,"key":"Swift Potion"},{"floor":4,"key":"FearPotion"},{"floor":7,"key":"Energy Potion"},{"floor":18,"key":"FearPotion"},{"floor":20,"key":"Strength Potion"}],"is_trial":false,"path_per_floor":["M","M","$","M","M","R","M","M","T","?","R","$","M","?","R","B",null,"M","$","M","?","$","R","M","$","T","R","M","R","M","M","R","B"],"character_chosen":"DEFECT","items_purchased":["Genetic Algorithm","Steam","War Paint"],"campfire_rested":5,"item_purchase_floors":[12,19,22],"current_hp_per_floor":[68,63,63,52,35,57,43,22,22,7,29,29,5,75,75,37,75,73,73,51,30,30,52,43,43,43,65,59,59,48,32,54,0],"gold":174,"neow_bonus":"BOSS_RELIC","is_prod":false,"is_daily":false,"chose_seed":false,"campfire_upgraded":2,"win_rate":0.0,"timestamp":1565167227,"path_taken":["M","M","$","M","M","R","M","M","T","?","R","$","M","?","R","BOSS","M","$","M","?","$","R","M","?","T","R","M","R","?","M","R","BOSS"],"build_version":"2019-07-17","purchased_purges":2,"victory":false,"max_hp_per_floor":[75,75,75,75,75,75,75,75,75,75,75,75,75,75,75,75,75,75,75,75,75,75,75,75,75,75,75,75,75,75,75,75,75],"card_choices":[{"not_picked":["Aggregate","Consume"],"picked":"Rebound","floor":1},{"not_picked":["Compile Driver","Doom and Gloom","Force Field"],"picked":"SKIP","floor":2},{"not_picked":["Force Field","Steam"],"picked":"Rebound","floor":4},{"not_picked":["Sweeping Beam","Compile Driver"],"picked":"Capacitor","floor":5},{"not_picked":["Compile Driver","Heatsinks"],"picked":"Sweeping Beam","floor":7},{"not_picked":["Skim","Reinforced Body"],"picked":"Steam","floor":8},{"not_picked":["Compile Driver","Lockon"],"picked":"Cold Snap","floor":13},{"not_picked":["Fission","Reboot"],"picked":"Echo Form","floor":16},{"not_picked":["Hologram","Compile Driver+1"],"picked":"Double Energy","floor":18},{"not_picked":["Loop","Capacitor"],"picked":"Stack","floor":20},{"not_picked":["Gash+1","Rebound"],"picked":"Leap","floor":24},{"not_picked":["Hello World","Amplify"],"picked":"Chill","floor":28},{"not_picked":["Compile Driver","Stack"],"picked":"Lockon+1","floor":30},{"not_picked":["Reinforced Body+1","Beam Cell"],"picked":"Scrape+1","floor":31}],"player_experience":18651,"relics_obtained":[{"floor":9,"key":"Sundial"},{"floor":26,"key":"Bottled Tornado"}],"event_choices":[{"damage_healed":0,"gold_gain":0,"player_choice":"Entered Light","damage_taken":15,"max_hp_gain":0,"max_hp_loss":0,"event_name":"Shining Light","floor":10,"gold_loss":0,"cards_upgraded":["Rebound","Steam"]},{"cards_removed":["Capacitor"],"damage_healed":70,"gold_gain":0,"player_choice":"Offered Uncommon","damage_taken":0,"max_hp_gain":0,"max_hp_loss":0,"event_name":"Bonfire Elementals","floor":14,"gold_loss":0},{"damage_healed":0,"gold_gain":90,"player_choice":"GOLD CARD ","damage_taken":21,"max_hp_gain":0,"max_hp_loss":0,"event_name":"Knowing Skull","floor":21,"potions_obtained":[],"gold_loss":0,"cards_obtained":["PanicButton"]}],"is_beta":false,"boss_relics":[{"not_picked":["Orrery","Inserter"],"picked":"Velvet Choker"}],"items_purged_floors":[12,19],"is_endless":false,"potions_floor_spawned":[1,4,7,18,20],"killed_by":"Collector","ascension_level":0}