{"gold_per_floor":[118,118,38,51,74,74,108,132,159,159],"floor_reached":10,"playtime":512,"items_purged":[],"score":68,"play_id":"9482e145-fb2f-4a03-93af-45e6d7882a6c","local_time":"20190807194545","is_ascension_mode":false,"campfire_choices":[{"data":"Footwork","floor":6,"key":"SMITH"}],"neow_cost":"NONE","seed_source_timestamp":442460880117760,"circlet_count":0,"master_deck":["Strike_G","Strike_G","Strike_G","Strike_G","Strike_G","Defend_G","Defend_G","Defend_G","Defend_G","Defend_G","Survivor","Neutralize","Quick Slash","Footwork+1","Flying Knee","Acrobatics","Dagger Throw"],"relics":["Ring of the Snake","Golden Idol","Orichalcum","Blood Vial"],"potions_floor_usage":[7],"damage_taken":[{"damage":0,"enemies":"Jaw Worm","floor":1,"turns":5},{"damage":0,"enemies":"Small Slimes","floor":4,"turns":3},{"damage":2,"enemies":"Cultist","floor":5,"turns":4},{"damage":28,"enemies":"Gremlin Nob","floor":7,"turns":6},{"damage":13,"enemies":"Lots of Slimes","floor":8,"turns":7}],"seed_played":"-2478109189349930880","potions_obtained":[{"floor":4,"key":"Strength Potion"},{"floor":5,"key":"Ancient Potion"},{"floor":8,"key":"Block Potion"}],"is_trial":false,"path_per_floor":["M","?","$","M","M","R","E","M","T","?"],"character_chosen":"THE_SILENT","items_purchased":["Footwork"],"campfire_rested":0,"item_purchase_floors":[3],"current_hp_per_floor":[77,58,58,58,56,56,28,15,15,0],"gold":159,"neow_bonus":"TEN_PERCENT_HP_BONUS","is_prod":false,"is_daily":false,"chose_seed":false,"campfire_upgraded":1,"win_rate":0.0,"timestamp":1565199945,"path_taken":["M","?","?","M","M","R","E","?","T","?"],"build_version":"2019-07-17","purchased_purges":0,"victory":false,"max_hp_per_floor":[77,77,77,77,77,77,77,77,77,77],"card_choices":[{"not_picked":["Blade Dance","Infinite Blades"],"picked":"Quick Slash","floor":1},{"not_picked":["Blur","Reflex"],"picked":"Flying Knee","floor":4},{"not_picked":["Dagger Spray","Backflip"],"picked":"Acrobatics","floor":5},{"not_picked":["Reflex","Outmaneuver","Sucker Punch"],"picked":"SKIP","floor":7},{"not_picked":["Riddle With Holes","Quick Slash"],"picked":"Dagger Throw","floor":8}],"player_experience":33456,"relics_obtained":[{"floor":7,"key":"Orichalcum"},{"floor":9,"key":"Blood Vial"}],"event_choices":[{"damage_healed":0,"gold_gain":0,"player_choice":"Take Damage","damage_taken":19,"relics_obtained":["Golden Idol"],"max_hp_gain":0,"max_hp_loss":0,"event_name":"Golden Idol","floor":2,"gold_loss":0}],"is_beta":false,"boss_relics":[],"items_purged_floors":[],"is_endless":false,"potions_floor_spawned":[4,5,8],"ascension_level":0}