{"gold_per_floor":[110,110,125,125,144,144,172,172,172,39,39,39,65,81,81,157,157,169,184,184,184,234,234,247,247,247,262,296,296,211,221,221,294,294,310,12,24,24,24,24,40,40,40,40,18,18,18],"floor_reached":47,"playtime":2592,"items_purged":[],"score":811,"play_id":"5540dc69-1186-43bb-b79c-18b14f3bb8b9","local_time":"20180823195356","is_ascension_mode":true,"campfire_choices":[{"floor":6.0,"key":"REST"},{"floor":8.0,"key":"REST"},{"data":"Caltrops","floor":15.0,"key":"SMITH"},{"data":"Envenom","floor":23.0,"key":"SMITH"},{"floor":25.0,"key":"REST"},{"floor":29.0,"key":"REST"},{"floor":32.0,"key":"REST"},{"floor":40.0,"key":"REST"},{"floor":42.0,"key":"REST"}],"neow_cost":"NONE","seed_source_timestamp":0,"circlet_count":0,"master_deck":["Defend_G","Defend_G","Defend_G","Defend_G","Defend_G","Strike_G+1","Strike_G","Strike_G","Strike_G","Strike_G","Survivor+1","Neutralize+1","AscendersBane","Outmaneuver","Quick Slash","Caltrops+1","Dagger Spray","Noxious Fumes","Sucker Punch","Predator","Blade Dance","Envenom+1","Cloak And Dagger","Dagger Throw+1","Dagger Spray","Backflip","Sucker Punch+1","Noxious Fumes","Glass Knife","Quick Slash","Malaise","Flying Knee","Apotheosis","Flash of Steel","Heel Hook","Slice","Cloak And Dagger","Dodge and Roll"],"special_seed":0,"relics":["Runic Pyramid","Ninja Scroll","Pantograph","Bronze Scales","WristBlade","Bag of Marbles","Snake Skull","Potion Belt","White Beast Statue","Oddly Smooth Stone","Vajra"],"potions_floor_usage":[47,47,47,47,47],"damage_taken":[{"damage":2.0,"enemies":"2 Louse","floor":1.0,"turns":3.0},{"damage":9.0,"enemies":"Jaw Worm","floor":3.0,"turns":4.0},{"damage":0.0,"enemies":"Cultist","floor":5.0,"turns":4.0},{"damage":29.0,"enemies":"Gremlin Nob","floor":7.0,"turns":5.0},{"damage":15.0,"enemies":"3 Sentries","floor":13.0,"turns":7.0},{"damage":0.0,"enemies":"2 Fungi Beasts","floor":14.0,"turns":3.0},{"damage":7.0,"enemies":"The Guardian","floor":16.0,"turns":9.0},{"damage":0.0,"enemies":"Chosen","floor":18.0,"turns":4.0},{"damage":8.0,"enemies":"Spheric Guardian","floor":19.0,"turns":4.0},{"damage":17.0,"enemies":"Centurion and Healer","floor":24.0,"turns":4.0},{"damage":21.0,"enemies":"Snake Plant","floor":27.0,"turns":3.0},{"damage":21.0,"enemies":"Gremlin Leader","floor":28.0,"turns":6.0},{"damage":34.0,"enemies":"Snecko","floor":31.0,"turns":5.0},{"damage":40.0,"enemies":"Automaton","floor":33.0,"turns":10.0},{"damage":0.0,"enemies":"3 Shapes","floor":35.0,"turns":1.0},{"damage":14.0,"enemies":"Flame Bruiser 1 Orb","floor":37.0,"turns":5.0},{"damage":44.0,"enemies":"Spire Growth","floor":41.0,"turns":5.0},{"damage":27,"enemies":"Giant Head","floor":47,"turns":6}],"seed_played":"-2033533777572687818","potions_obtained":[{"floor":14.0,"key":"Energy Potion"},{"floor":16.0,"key":"EssenceOfSteel"},{"floor":18.0,"key":"Strength Potion"},{"floor":31.0,"key":"Energy Potion"},{"floor":33.0,"key":"EssenceOfSteel"},{"floor":35.0,"key":"Block Potion"},{"floor":37.0,"key":"FearPotion"},{"floor":41.0,"key":"EntropicBrew"}],"is_trial":false,"path_per_floor":["M","?","M","?","M","R","E","R","T","$","?","$","E","M","R","B",null,"M","M","?","?","?","R","M","R","T","M","E","R","?","M","R","B",null,"M","$","M","?","?","R","M","R","T","$","$","?"],"character_chosen":"THE_SILENT","items_purchased":["Noxious Fumes","Sucker Punch","Oddly Smooth Stone","Malaise","Dodge and Roll"],"campfire_rested":7,"item_purchase_floors":[10,10,36,36,45],"current_hp_per_floor":[57,37,28,28,28,47,18,37,37,37,66,66,51,51,51,59,64,64,56,56,56,56,56,39,58,58,37,16,35,35,1,20,5,51,51,51,37,27,27,46,2,21,21,21,21,21,0],"gold":18,"neow_bonus":"BOSS_RELIC","is_prod":false,"is_daily":false,"chose_seed":false,"campfire_upgraded":2,"win_rate":0,"timestamp":1535079236,"path_taken":["M","?","?","?","M","R","E","R","T","$","?","?","E","M","R","BOSS","M","M","?","?","?","R","?","R","T","M","E","R","?","M","R","BOSS","M","$","M","?","?","R","M","R","T","?","$","?","E"],"build_version":"2018-08-23","purchased_purges":0,"victory":false,"max_hp_per_floor":[66,66,66,66,66,66,66,66,66,66,66,66,66,66,66,66,66,66,66,66,66,66,66,66,66,66,66,66,66,66,66,66,66,66,66,66,66,66,66,66,66,66,66,66,66,66,66],"card_choices":[{"not_picked":["Dagger Throw","Dagger Spray"],"picked":"Outmaneuver","floor":1.0},{"not_picked":["Finisher","Deflect"],"picked":"Quick Slash","floor":3.0},{"not_picked":["Setup","Dagger Spray"],"picked":"Caltrops","floor":5.0},{"not_picked":["Storm of Steel","Deflect"],"picked":"Dagger Spray","floor":7.0},{"not_picked":["Well Laid Plans","Die Die Die"],"picked":"Predator","floor":13.0},{"not_picked":["Bane","Dagger Throw"],"picked":"Blade Dance","floor":14.0},{"not_picked":["Grand Finale","Wraith Form v2"],"picked":"Envenom","floor":16.0},{"not_picked":["Slice","Flying Knee"],"picked":"Cloak And Dagger","floor":18.0},{"not_picked":["Skewer","Dodge and Roll"],"picked":"Dagger Throw+1","floor":19.0},{"not_picked":["Distraction","Deflect"],"picked":"Dagger Spray","floor":24.0},{"not_picked":["Outmaneuver+1","Dodge and Roll"],"picked":"Backflip","floor":27.0},{"not_picked":["Escape Plan","Outmaneuver"],"picked":"Sucker Punch+1","floor":28.0},{"not_picked":["Sucker Punch","All Out Attack"],"picked":"Noxious Fumes","floor":31.0},{"not_picked":["A Thousand Cuts","Venomology"],"picked":"Glass Knife","floor":33.0},{"not_picked":["Acrobatics","Distraction"],"picked":"Quick Slash","floor":35.0},{"not_picked":["Reflex","Prepared"],"picked":"Flying Knee","floor":37.0},{"not_picked":["Bandage Up","Dark Shackles"],"picked":"Apotheosis","floor":38.0},{"not_picked":["Transmutation","Master of Strategy"],"picked":"Flash of Steel","floor":38.0},{"not_picked":["Accuracy","Dagger Spray"],"picked":"Cloak And Dagger","floor":41.0}],"player_experience":595459,"relics_obtained":[{"floor":7.0,"key":"Ninja Scroll"},{"floor":9.0,"key":"Pantograph"},{"floor":13.0,"key":"Bronze Scales"},{"floor":26.0,"key":"Bag of Marbles"},{"floor":28.0,"key":"Snake Skull"},{"floor":43.0,"key":"Vajra"}],"event_choices":[{"event_name":"Shining Light","player_choice":"Entered Light","floor":2.0,"damage_taken":0.0},{"event_name":"Living Wall","player_choice":"Grow","floor":4.0,"damage_taken":0.0},{"event_name":"Wheel of Change","player_choice":"Full Heal","floor":11.0,"damage_taken":0.0},{"event_name":"Vampires","player_choice":"Ignored","floor":20.0,"damage_taken":0.0},{"event_name":"Ghosts","player_choice":"Ignored","floor":21.0,"damage_taken":0.0},{"event_name":"Nest","player_choice":"Stole From Cult","floor":22.0,"damage_taken":0.0},{"event_name":"Addict","player_choice":"Obtained Relic","floor":30.0,"damage_taken":0.0},{"event_name":"SensoryStone","player_choice":"Memory 3","floor":38.0,"damage_taken":0.0},{"event_name":"Match and Keep!","player_choice":"2 cards matched","floor":39.0,"damage_taken":0.0},{"event_name":"Mysterious Sphere","player_choice":"Ignore","floor":46.0,"damage_taken":0.0}],"is_beta":false,"boss_relics":[{"not_picked":["Black Star","Philosopher\u0027s Stone"],"picked":"WristBlade"},{"not_picked":["Orrery","Velvet Choker"],"picked":"White Beast Statue"}],"items_purged_floors":[],"is_endless":false,"potions_floor_spawned":[14,16,18,19,31,33,35,37,41],"killed_by":"Giant Head","ascension_level":15}