{"gold_per_floor":[212,212,228,239,250,250,278,8,8,24,57,68,68,41,41,145,145,159,172,53,71,45,45,45,75,75,85,85,10,10,41,41,137,137,154,154,154,154,154,154,174,21,98,98,118,128,128,141,141,141],"floor_reached":51,"playtime":5936,"items_purged":["Strike_G"],"score":884,"play_id":"35a762fb-3f4f-4e0e-bbcb-5b4b0d6eed95","local_time":"20190815022651","is_ascension_mode":true,"campfire_choices":[{"data":"Neutralize","floor":6,"key":"SMITH"},{"floor":13,"key":"REST"},{"data":"Footwork","floor":15,"key":"SMITH"},{"data":"Well Laid Plans","floor":23,"key":"SMITH"},{"floor":28,"key":"REST"},{"data":"Noxious Fumes","floor":32,"key":"SMITH"},{"data":"Apotheosis","floor":40,"key":"SMITH"},{"data":"Ghostly","floor":47,"key":"SMITH"},{"data":"Ghostly","floor":49,"key":"SMITH"}],"neow_cost":"NONE","seed_source_timestamp":15773863995900,"circlet_count":0,"master_deck":["Strike_G","Strike_G","Strike_G","Defend_G","Defend_G","Defend_G","Defend_G","Survivor","Neutralize+1","Leg Sweep","All Out Attack","Quick Slash","Deadly Poison","Blur","Finisher","Backflip","Noxious Fumes+1","Footwork+1","Glass Knife","Acrobatics","Bouncing Flask","Well Laid Plans+1","Crippling Poison","Dodge and Roll","PiercingWail","Prepared+1","Blur","Ghostly+1","Ghostly+1","Ghostly","Ghostly","Wraith Form v2","Madness","Madness","Apotheosis+1","Blade Dance","Dodge and Roll+1"],"relics":["Ring of the Snake","Singing Bowl","Sling","Dodecahedron","Question Card","Tiny Chest","Busted Crown","Anchor","Darkstone Periapt","Blood Vial","Coffee Dripper","Snake Skull","Toxic Egg 2"],"potions_floor_usage":[11,16,25,25,33,45,50,50],"damage_taken":[{"damage":0,"enemies":"2 Louse","floor":1,"turns":2},{"damage":2,"enemies":"Small Slimes","floor":3,"turns":3},{"damage":1,"enemies":"Cultist","floor":4,"turns":4},{"damage":10,"enemies":"Lots of Slimes","floor":5,"turns":2},{"damage":13,"enemies":"3 Sentries","floor":7,"turns":7},{"damage":4,"enemies":"Looter","floor":10,"turns":4},{"damage":16,"enemies":"Lagavulin","floor":11,"turns":6},{"damage":2,"enemies":"Exordium Wildlife","floor":12,"turns":3},{"damage":36,"enemies":"The Guardian","floor":16,"turns":11},{"damage":12,"enemies":"Chosen","floor":18,"turns":4},{"damage":2,"enemies":"Spheric Guardian","floor":19,"turns":6},{"damage":13,"enemies":"Snake Plant","floor":21,"turns":5},{"damage":15,"enemies":"Book of Stabbing","floor":25,"turns":7},{"damage":0,"enemies":"Cultist and Chosen","floor":27,"turns":8},{"damage":1,"enemies":"Slavers","floor":31,"turns":8},{"damage":0,"enemies":"Automaton","floor":33,"turns":9},{"damage":0,"enemies":"3 Darklings","floor":35,"turns":7},{"damage":0,"enemies":"3 Shapes","floor":41,"turns":6},{"damage":1,"enemies":"Spire Growth","floor":45,"turns":5},{"damage":0,"enemies":"4 Shapes","floor":46,"turns":4},{"damage":0,"enemies":"Transient","floor":48,"turns":5},{"damage":20,"enemies":"Donu and Deca","floor":50,"turns":10}],"seed_played":"8961533886176081617","potions_obtained":[{"floor":4,"key":"Ancient Potion"},{"floor":7,"key":"Fire Potion"},{"floor":11,"key":"Regen Potion"},{"floor":19,"key":"LiquidBronze"},{"floor":21,"key":"LiquidBronze"},{"floor":25,"key":"LiquidBronze"},{"floor":31,"key":"Regen Potion"},{"floor":33,"key":"SteroidPotion"},{"floor":41,"key":"Block Potion"},{"floor":48,"key":"Poison Potion"}],"is_trial":false,"path_per_floor":["M","?","M","M","M","R","E","$","T","M","E","M","R","?","R","B",null,"M","M","$","M","$","R","?","E","T","M","R","$","?","E","R","B",null,"M","?","$","?","?","R","M","$","T","?","M","M","R","M","R","B",null],"character_chosen":"THE_SILENT","items_purchased":["Finisher","Sling","Well Laid Plans","Crippling Poison","PiercingWail","Snake Skull"],"campfire_rested":2,"item_purchase_floors":[8,8,20,20,22,42],"current_hp_per_floor":[70,63,61,60,50,50,37,37,37,33,17,15,36,36,36,15,70,58,56,56,43,43,43,43,28,28,28,49,49,35,36,36,37,37,39,34,34,34,34,34,36,36,36,36,39,43,43,45,45,38],"gold":141,"neow_bonus":"HUNDRED_GOLD","is_prod":false,"is_daily":false,"chose_seed":false,"campfire_upgraded":7,"win_rate":0,"timestamp":1565803611,"path_taken":["M","?","M","M","M","R","E","$","T","M","E","M","R","?","R","BOSS","M","?","$","M","?","R","?","E","T","M","R","$","?","E","R","BOSS","M","?","$","?","?","R","?","$","T","?","M","M","R","M","R","BOSS"],"build_version":"2019-07-17","purchased_purges":1,"victory":true,"max_hp_per_floor":[70,70,70,70,70,70,70,70,70,70,70,70,70,70,70,70,70,70,70,70,70,70,70,70,70,70,70,70,70,35,37,37,37,37,39,39,39,39,39,39,39,39,39,39,41,43,43,45,45,45],"card_choices":[{"not_picked":["PiercingWail","Flying Knee"],"picked":"Leg Sweep","floor":1},{"not_picked":["Prepared","Setup"],"picked":"All Out Attack","floor":3},{"not_picked":["Dodge and Roll","Prepared"],"picked":"Quick Slash","floor":4},{"not_picked":["Quick Slash","Slice"],"picked":"Deadly Poison","floor":5},{"not_picked":["Dagger Spray","Skewer"],"picked":"Blur","floor":7},{"not_picked":["Prepared","Poisoned Stab"],"picked":"Backflip","floor":10},{"not_picked":["Concentrate","Blur"],"picked":"Noxious Fumes","floor":11},{"not_picked":["Backflip","Choke","Deadly Poison"],"picked":"Footwork","floor":12},{"not_picked":["Die Die Die","After Image","Phantasmal Killer"],"picked":"Glass Knife","floor":16},{"not_picked":["Expertise"],"picked":"Acrobatics","floor":18},{"not_picked":["Caltrops"],"picked":"Bouncing Flask","floor":19},{"not_picked":["Riddle With Holes"],"picked":"Dodge and Roll","floor":21},{"not_picked":["Distraction"],"picked":"Prepared+1","floor":25},{"not_picked":["Deadly Poison"],"picked":"Blur","floor":27},{"not_picked":["Dagger Throw","PiercingWail"],"picked":"Singing Bowl","floor":31},{"not_picked":["Grand Finale"],"picked":"Wraith Form v2","floor":33},{"not_picked":["Poisoned Stab+1","Setup"],"picked":"Singing Bowl","floor":35},{"not_picked":["Jack Of All Trades"],"picked":"Apotheosis","floor":38},{"not_picked":["Eviscerate"],"picked":"Dodge and Roll+1","floor":41},{"not_picked":["Slice+1","Prepared+1"],"picked":"Singing Bowl","floor":45},{"not_picked":["Flying Knee+1","Backstab"],"picked":"Singing Bowl","floor":46},{"not_picked":["Poisoned Stab+1","Heel Hook"],"picked":"Singing Bowl","floor":48}],"player_experience":314724,"relics_obtained":[{"floor":7,"key":"Singing Bowl"},{"floor":9,"key":"Dodecahedron"},{"floor":11,"key":"Question Card"},{"floor":25,"key":"Anchor"},{"floor":26,"key":"Darkstone Periapt"},{"floor":31,"key":"Blood Vial"},{"floor":43,"key":"Toxic Egg 2"}],"event_choices":[{"cards_removed":["Defend_G"],"damage_healed":0,"gold_gain":0,"player_choice":"Card Removal","damage_taken":7,"max_hp_gain":0,"max_hp_loss":0,"event_name":"Golden Wing","floor":2,"gold_loss":0},{"damage_healed":0,"gold_gain":0,"player_choice":"Paid Gold","damage_taken":0,"relics_obtained":["Tiny Chest"],"max_hp_gain":0,"max_hp_loss":0,"event_name":"WeMeetAgain","floor":14,"gold_loss":57},{"damage_healed":0,"gold_gain":0,"player_choice":"Ignored","damage_taken":0,"max_hp_gain":0,"max_hp_loss":0,"event_name":"Vampires","floor":24,"gold_loss":0},{"damage_healed":0,"gold_gain":0,"player_choice":"Became a Ghost","damage_taken":0,"max_hp_gain":0,"max_hp_loss":35,"event_name":"Ghosts","floor":30,"gold_loss":0,"cards_obtained":["Ghostly","Ghostly","Ghostly","Ghostly","Ghostly"]},{"damage_healed":0,"gold_gain":0,"player_choice":"Embrace Madness","damage_taken":5,"max_hp_gain":0,"max_hp_loss":0,"event_name":"Winding Halls","floor":36,"gold_loss":0,"cards_obtained":["Madness","Madness"]},{"damage_healed":0,"gold_gain":0,"player_choice":"Memory 1","damage_taken":0,"max_hp_gain":0,"max_hp_loss":0,"event_name":"SensoryStone","floor":38,"gold_loss":0},{"damage_healed":0,"gold_gain":0,"cards_transformed":["Strike_G"],"player_choice":"Transformed","damage_taken":0,"max_hp_gain":0,"max_hp_loss":0,"event_name":"Transmorgrifier","floor":39,"gold_loss":0,"cards_obtained":["Blade Dance"]},{"cards_removed":["Ghostly"],"damage_healed":0,"gold_gain":0,"player_choice":"Removed Skill","damage_taken":0,"max_hp_gain":0,"max_hp_loss":0,"event_name":"Falling","floor":44,"gold_loss":0}],"is_beta":false,"boss_relics":[{"not_picked":["Empty Cage","Lizard Tail"],"picked":"Busted Crown"},{"not_picked":["Velvet Choker","Calling Bell"],"picked":"Coffee Dripper"}],"items_purged_floors":[29],"is_endless":false,"potions_floor_spawned":[4,7,11,19,21,25,31,33,41,48],"ascension_level":4}