{"gold_per_floor":[115,129,129,129,79,104,62,62,89,89,103,53,73,89,89,89],"floor_reached":16,"playtime":5084,"items_purged":["Defend_G"],"score":100,"play_id":"b332f440-879c-4027-8733-f737e367ad56","local_time":"20190817124601","is_ascension_mode":false,"campfire_choices":[{"floor":8,"key":"REST"},{"data":"Dodge and Roll","floor":10,"key":"SMITH"},{"data":"Dodge and Roll","floor":15,"key":"SMITH"}],"neow_cost":"NONE","seed_source_timestamp":288082048180200,"circlet_count":0,"master_deck":["Strike_G","Strike_G","Strike_G","Strike_G","Defend_G","Defend_G","Defend_G","Survivor+1","Neutralize","Dodge and Roll+1","Prepared","Predator","Dodge and Roll+1"],"relics":["Ring of the Snake","Orichalcum","Frozen Egg 2","Smiling Mask"],"potions_floor_usage":[6],"damage_taken":[{"damage":1,"enemies":"Jaw Worm","floor":1,"turns":7},{"damage":0,"enemies":"2 Louse","floor":2,"turns":3},{"damage":18,"enemies":"3 Sentries","floor":6,"turns":17},{"damage":0,"enemies":"Small Slimes","floor":11,"turns":5},{"damage":5,"enemies":"Exordium Wildlife","floor":13,"turns":7},{"damage":2,"enemies":"2 Fungi Beasts","floor":14,"turns":6},{"damage":59,"enemies":"Slime Boss","floor":16,"turns":13}],"seed_played":"-4456062658026656547","potions_obtained":[{"floor":2,"key":"Block Potion"}],"is_trial":false,"path_per_floor":["M","M","?","?","?","E","?","R","T","R","M","$","M","M","R","B"],"character_chosen":"THE_SILENT","items_purchased":[],"campfire_rested":1,"item_purchase_floors":[],"current_hp_per_floor":[69,69,69,62,62,44,44,65,65,65,65,65,60,58,58,0],"gold":89,"neow_bonus":"RANDOM_COMMON_RELIC","is_prod":false,"is_daily":false,"chose_seed":false,"campfire_upgraded":2,"win_rate":0.0,"timestamp":1566056761,"path_taken":["M","M","?","?","?","E","?","R","T","R","?","$","M","M","R","BOSS"],"build_version":"2019-07-17","purchased_purges":1,"victory":false,"max_hp_per_floor":[70,70,70,70,70,70,70,70,70,70,70,70,70,70,70,70],"card_choices":[{"not_picked":["Outmaneuver","Bouncing Flask","Quick Slash"],"picked":"SKIP","floor":1},{"not_picked":["Poisoned Stab","Backflip","Flying Knee"],"picked":"SKIP","floor":2},{"not_picked":["Flying Knee","Skewer"],"picked":"Dodge and Roll","floor":6},{"not_picked":["PiercingWail","Blur"],"picked":"Prepared","floor":11},{"not_picked":["Doppelganger","Backflip"],"picked":"Predator","floor":13},{"not_picked":["Escape Plan","Crippling Poison"],"picked":"Dodge and Roll","floor":14}],"player_experience":79393,"relics_obtained":[{"floor":6,"key":"Frozen Egg 2"},{"floor":9,"key":"Smiling Mask"}],"event_choices":[{"damage_healed":0,"gold_gain":0,"player_choice":"Grow","damage_taken":0,"max_hp_gain":0,"max_hp_loss":0,"event_name":"Living Wall","floor":3,"gold_loss":0,"cards_upgraded":["Survivor"]},{"cards_removed":["Strike_G"],"damage_healed":0,"gold_gain":0,"player_choice":"Card Removal","damage_taken":7,"max_hp_gain":0,"max_hp_loss":0,"event_name":"Golden Wing","floor":4,"gold_loss":0},{"cards_removed":["Defend_G"],"damage_healed":0,"gold_gain":0,"player_choice":"Card Removal","damage_taken":0,"max_hp_gain":0,"max_hp_loss":0,"event_name":"The Cleric","floor":5,"gold_loss":50},{"damage_healed":0,"gold_gain":0,"player_choice":"Left Gold","damage_taken":0,"max_hp_gain":0,"max_hp_loss":0,"event_name":"World of Goop","floor":7,"gold_loss":42}],"is_beta":false,"boss_relics":[],"items_purged_floors":[12],"is_endless":false,"potions_floor_spawned":[2],"killed_by":"Slime Boss","ascension_level":0}