{"gold_per_floor":[116,126,126,126,144,144,160,160,160,160,172,472,488,499,499,499],"floor_reached":16,"playtime":685,"items_purged":[],"score":169,"play_id":"1a9814a2-773e-43aa-bfdc-4d01928edca7","local_time":"20190818140430","is_ascension_mode":true,"campfire_choices":[{"floor":6,"key":"DIG"},{"floor":8,"key":"DIG"},{"floor":12,"key":"DIG"},{"floor":15,"key":"DIG"}],"neow_cost":"NONE","seed_source_timestamp":13114575839016,"circlet_count":0,"master_deck":["AscendersBane","Strike_R","Strike_R","Strike_R","Strike_R","Defend_R","Defend_R","Defend_R","Defend_R","Bash","Pommel Strike","Iron Wave","Shrug It Off","Sword Boomerang","Flame Barrier","Feed"],"relics":["Burning Blood","NeowsBlessing","Shovel","PreservedInsect","Ancient Tea Set","Dodecahedron","Old Coin","WingedGreaves"],"potions_floor_usage":[11,16,16],"damage_taken":[{"damage":0,"enemies":"Small Slimes","floor":1,"turns":1},{"damage":0,"enemies":"2 Louse","floor":2,"turns":1},{"damage":0,"enemies":"Cultist","floor":5,"turns":1},{"damage":21,"enemies":"Large Slime","floor":7,"turns":9},{"damage":18,"enemies":"Exordium Thugs","floor":11,"turns":5},{"damage":11,"enemies":"3 Louse","floor":13,"turns":3},{"damage":5,"enemies":"2 Fungi Beasts","floor":14,"turns":4},{"damage":49,"enemies":"Slime Boss","floor":16,"turns":8}],"seed_played":"201213696679300051","potions_obtained":[{"floor":1,"key":"EssenceOfSteel"},{"floor":5,"key":"BloodPotion"},{"floor":13,"key":"SkillPotion"}],"is_trial":false,"path_per_floor":["M","M","?","?","M","R","M","R","T","?","M","R","M","M","R","B"],"character_chosen":"IRONCLAD","items_purchased":[],"campfire_rested":0,"item_purchase_floors":[],"current_hp_per_floor":[74,75,75,49,55,55,40,40,40,40,46,46,41,42,42,0],"gold":499,"neow_bonus":"THREE_ENEMY_KILL","is_prod":false,"is_daily":false,"chose_seed":false,"campfire_upgraded":0,"win_rate":0,"timestamp":1566162270,"path_taken":["M","M","?","?","M","R","M","R","T","?","M","R","M","?","R","BOSS"],"build_version":"2019-07-17","purchased_purges":0,"victory":false,"max_hp_per_floor":[75,75,75,75,75,75,75,75,75,75,75,75,75,75,75,75],"card_choices":[{"not_picked":["Bloodletting","Entrench"],"picked":"Pommel Strike","floor":1},{"not_picked":["Headbutt","Second Wind"],"picked":"Iron Wave","floor":2},{"not_picked":["Headbutt","Sentinel"],"picked":"Shrug It Off","floor":5},{"not_picked":["Fire Breathing","Clash","Searing Blow"],"picked":"SKIP","floor":7},{"not_picked":["Disarm","Flex"],"picked":"Sword Boomerang","floor":11},{"not_picked":["Perfected Strike","Shockwave"],"picked":"Flame Barrier","floor":13},{"not_picked":["Seeing Red","Headbutt"],"picked":"Feed","floor":14}],"player_experience":677978,"relics_obtained":[{"floor":6,"key":"PreservedInsect"},{"floor":8,"key":"Ancient Tea Set"},{"floor":9,"key":"Dodecahedron"},{"floor":12,"key":"Old Coin"},{"floor":15,"key":"WingedGreaves"}],"event_choices":[{"damage_healed":0,"gold_gain":0,"player_choice":"Ignored","damage_taken":0,"max_hp_gain":0,"max_hp_loss":0,"event_name":"Golden Wing","floor":3,"gold_loss":0},{"damage_healed":0,"gold_gain":0,"player_choice":"Success","damage_taken":26,"relics_obtained":["Shovel"],"max_hp_gain":0,"max_hp_loss":0,"event_name":"Scrap Ooze","floor":4,"gold_loss":0},{"cards_removed":["Strike_R"],"damage_healed":0,"gold_gain":0,"player_choice":"Card Removal","damage_taken":0,"max_hp_gain":0,"max_hp_loss":0,"event_name":"Wheel of Change","floor":10,"gold_loss":0}],"is_beta":false,"boss_relics":[],"items_purged_floors":[],"is_endless":false,"potions_floor_spawned":[1,5,7,13,14],"killed_by":"Slime Boss","ascension_level":16}