{"gold_per_floor":[109,124,136,116,127,161,178,189,189,189,159],"floor_reached":11,"playtime":1157,"items_purged":[],"score":77,"play_id":"fde61612-c507-4005-ba7a-f9262fee22d0","local_time":"20190806041943","is_ascension_mode":false,"campfire_choices":[],"neow_cost":"","seed_source_timestamp":6600900709140,"circlet_count":0,"master_deck":["Strike_R","Strike_R","Strike_R","Strike_R","Strike_R","Defend_R","Defend_R","Defend_R","Defend_R","Bash","Headbutt","Metallicize","Intimidate","Clothesline","Uppercut","Cleave","Inflame"],"relics":["Burning Blood","Bottled Lightning","PreservedInsect","Anchor"],"potions_floor_usage":[],"damage_taken":[{"damage":5,"enemies":"2 Louse","floor":1,"turns":3},{"damage":10,"enemies":"Cultist","floor":2,"turns":4},{"damage":3,"enemies":"Jaw Worm","floor":3,"turns":4},{"damage":5,"enemies":"Exordium Wildlife","floor":5,"turns":5},{"damage":69,"enemies":"Gremlin Nob","floor":6,"turns":8},{"damage":10,"enemies":"2 Fungi Beasts","floor":7,"turns":4},{"damage":7,"enemies":"3 Louse","floor":8,"turns":3},{"damage":10,"enemies":"Exordium Thugs","floor":11,"turns":2}],"seed_played":"592586832648825424","potions_obtained":[{"floor":3,"key":"FearPotion"},{"floor":4,"key":"Explosive Potion"},{"floor":5,"key":"SpeedPotion"},{"floor":7,"key":"Regen Potion"}],"is_trial":false,"path_per_floor":["M","M","M","?","M","E","M","M","T","?","M"],"character_chosen":"IRONCLAD","items_purchased":[],"campfire_rested":0,"item_purchase_floors":[],"current_hp_per_floor":[80,76,79,79,80,17,13,12,12,5,0],"gold":159,"neow_bonus":"","is_prod":false,"is_daily":false,"chose_seed":false,"campfire_upgraded":0,"win_rate":0.0,"timestamp":1565090383,"path_taken":["M","M","M","?","?","E","M","M","T","?","M"],"build_version":"2019-07-17","purchased_purges":0,"victory":false,"max_hp_per_floor":[80,80,80,80,80,80,80,80,80,80,80],"card_choices":[{"not_picked":["True Grit","Perfected Strike"],"picked":"Headbutt","floor":1},{"not_picked":["Clash","Armaments"],"picked":"Metallicize","floor":2},{"not_picked":["Second Wind","Ghostly Armor"],"picked":"Intimidate","floor":3},{"not_picked":["Searing Blow","Flex"],"picked":"Clothesline","floor":5},{"not_picked":["Feel No Pain","Entrench"],"picked":"Uppercut","floor":6},{"not_picked":["Shockwave","Twin Strike"],"picked":"Cleave","floor":7},{"not_picked":["Cleave","Clothesline"],"picked":"Inflame","floor":8}],"player_experience":0,"relics_obtained":[{"floor":6,"key":"Bottled Lightning"},{"floor":9,"key":"PreservedInsect"}],"event_choices":[{"damage_healed":0,"gold_gain":0,"player_choice":"Bought 1 Potion","damage_taken":0,"max_hp_gain":0,"max_hp_loss":0,"event_name":"The Woman in Blue","floor":4,"gold_loss":0},{"damage_healed":0,"gold_gain":0,"player_choice":"Success","damage_taken":7,"relics_obtained":["Anchor"],"max_hp_gain":0,"max_hp_loss":0,"event_name":"Scrap Ooze","floor":10,"gold_loss":0}],"is_beta":false,"boss_relics":[],"items_purged_floors":[],"is_endless":false,"potions_floor_spawned":[3,5,7],"killed_by":"Exordium Thugs","ascension_level":0}