{"gold_per_floor":[109,184,184,184,198,198,7,32,32,67,31,31,31,44,44,44],"floor_reached":16,"playtime":604,"items_purged":[],"score":101,"play_id":"a23f2c98-d629-4551-b3d5-13efae9325ec","local_time":"20190810223450","is_ascension_mode":true,"campfire_choices":[{"data":"Entrench","floor":6,"key":"SMITH"},{"floor":13,"key":"REST"},{"floor":15,"key":"REST"}],"neow_cost":"PERCENT_DAMAGE","seed_source_timestamp":533901153744372,"circlet_count":0,"master_deck":["Strike_R","Defend_R","Defend_R+1","Defend_R","Defend_R","Bash","Wild Strike","Limit Break","Cleave+1","Entrench+1","Armaments","Cleave","Reaper","Metallicize","Clothesline"],"relics":["Burning Blood","Strange Spoon","Odd Mushroom","Mummified Hand","Bottled Lightning"],"potions_floor_usage":[10,10,10,16],"damage_taken":[{"damage":2,"enemies":"2 Louse","floor":1,"turns":3},{"damage":10,"enemies":"Small Slimes","floor":5,"turns":5},{"damage":2,"enemies":"The Mushroom Lair","floor":8,"turns":5},{"damage":41,"enemies":"Lagavulin","floor":10,"turns":12},{"damage":14,"enemies":"Jaw Worm","floor":14,"turns":6},{"damage":66,"enemies":"Slime Boss","floor":16,"turns":11}],"seed_played":"330986533370291497","potions_obtained":[{"floor":5,"key":"Regen Potion"},{"floor":8,"key":"EntropicBrew"}],"is_trial":false,"path_per_floor":["M","?","?","?","M","R","$","?","T","E","$","?","R","M","R","B"],"character_chosen":"IRONCLAD","items_purchased":["Strange Spoon","Metallicize"],"campfire_rested":2,"item_purchase_floors":[7,11],"current_hp_per_floor":[60,49,49,42,38,38,38,42,42,22,22,6,30,26,50,0],"gold":44,"neow_bonus":"TRANSFORM_TWO_CARDS","is_prod":false,"is_daily":false,"chose_seed":false,"campfire_upgraded":1,"win_rate":0,"timestamp":1565469290,"path_taken":["M","?","?","?","M","R","?","?","T","E","$","?","R","M","R","BOSS"],"build_version":"2019-07-17","purchased_purges":0,"victory":false,"max_hp_per_floor":[80,80,80,80,80,80,80,80,80,80,80,80,80,80,80,80],"card_choices":[{"not_picked":["Clothesline","Wild Strike"],"picked":"Cleave","floor":1},{"not_picked":["Havoc","True Grit"],"picked":"Armaments","floor":5},{"not_picked":["Wild Strike","Anger"],"picked":"Cleave","floor":8},{"not_picked":["Headbutt","Anger"],"picked":"Reaper","floor":10},{"not_picked":["Heavy Blade","Perfected Strike"],"picked":"Clothesline","floor":14}],"player_experience":79321,"relics_obtained":[{"floor":8,"key":"Odd Mushroom"},{"floor":9,"key":"Mummified Hand"},{"floor":10,"key":"Bottled Lightning"}],"event_choices":[{"damage_healed":0,"gold_gain":75,"player_choice":"Gather Gold","damage_taken":11,"max_hp_gain":0,"max_hp_loss":0,"event_name":"World of Goop","floor":2,"gold_loss":0},{"damage_healed":0,"gold_gain":0,"cards_transformed":["Strike_R"],"player_choice":"Change","damage_taken":0,"max_hp_gain":0,"max_hp_loss":0,"event_name":"Living Wall","floor":3,"gold_loss":0,"cards_obtained":["Entrench"]},{"cards_removed":["Strike_R"],"damage_healed":0,"gold_gain":0,"player_choice":"Card Removal","damage_taken":7,"max_hp_gain":0,"max_hp_loss":0,"event_name":"Golden Wing","floor":4,"gold_loss":0},{"damage_healed":0,"gold_gain":0,"player_choice":"Fought Mushrooms","damage_taken":0,"max_hp_gain":0,"max_hp_loss":0,"event_name":"Mushrooms","floor":8,"gold_loss":0},{"damage_healed":0,"gold_gain":0,"player_choice":"Entered Light","damage_taken":16,"max_hp_gain":0,"max_hp_loss":0,"event_name":"Shining Light","floor":12,"gold_loss":0,"cards_upgraded":["Cleave","Defend_R"]}],"is_beta":false,"boss_relics":[],"items_purged_floors":[],"is_endless":false,"potions_floor_spawned":[5,8],"killed_by":"Slime Boss","ascension_level":1}