{"gold_per_floor":[113,113,30,48,66,101,101,126,126,126,126,126],"floor_reached":12,"playtime":236,"items_purged":[],"score":108,"play_id":"06f77e21-b1cd-4a0b-a340-5cceff438a53","local_time":"20190818144207","is_ascension_mode":true,"campfire_choices":[{"data":"Sunder","floor":7,"key":"SMITH"}],"neow_cost":"NONE","seed_source_timestamp":731010787091501,"circlet_count":0,"master_deck":["Strike_B","Strike_B","Strike_B","Strike_B+1","Defend_B","Defend_B","Defend_B","Defend_B","Zap","Dualcast+1","Conserve Battery","Sunder+1","Ball Lightning","Go for the Eyes","Capacitor","Loop","Coolheaded"],"relics":["Cracked Core","NeowsBlessing","GremlinMask","Dead Branch","Torii","StoneCalendar"],"potions_floor_usage":[],"damage_taken":[{"damage":0,"enemies":"Jaw Worm","floor":1,"turns":1},{"damage":0,"enemies":"Cultist","floor":4,"turns":1},{"damage":0,"enemies":"2 Louse","floor":5,"turns":1},{"damage":29,"enemies":"Gremlin Nob","floor":6,"turns":4},{"damage":25,"enemies":"3 Sentries","floor":8,"turns":5},{"damage":9,"enemies":"2 Fungi Beasts","floor":12,"turns":2}],"seed_played":"939295746444268832","potions_obtained":[{"floor":1,"key":"Strength Potion"},{"floor":5,"key":"Poison Potion"},{"floor":8,"key":"LiquidBronze"}],"is_trial":false,"path_per_floor":["M","?","$","M","M","E","R","E","T","$","?","M"],"character_chosen":"DEFECT","items_purchased":["Sunder","Ball Lightning"],"campfire_rested":0,"item_purchase_floors":[3,3],"current_hp_per_floor":[75,75,75,75,75,46,46,21,21,21,6,0],"gold":126,"neow_bonus":"THREE_ENEMY_KILL","is_prod":false,"is_daily":false,"chose_seed":false,"campfire_upgraded":1,"win_rate":0,"timestamp":1566132127,"path_taken":["M","?","?","?","M","E","R","E","T","$","?","M"],"build_version":"2019-07-17","purchased_purges":0,"victory":false,"max_hp_per_floor":[75,75,75,75,75,75,75,75,75,75,75,75],"card_choices":[{"not_picked":["Aggregate","Stack"],"picked":"Conserve Battery","floor":1},{"not_picked":["Compile Driver","Beam Cell"],"picked":"Go for the Eyes","floor":4},{"not_picked":["Loop","Fusion"],"picked":"Capacitor","floor":5},{"not_picked":["Redo","Rip and Tear"],"picked":"Loop","floor":6},{"not_picked":["Cold Snap","Fusion"],"picked":"Coolheaded","floor":8}],"player_experience":134497,"relics_obtained":[{"floor":6,"key":"Dead Branch"},{"floor":8,"key":"Torii"},{"floor":9,"key":"StoneCalendar"}],"event_choices":[{"damage_healed":0,"gold_gain":0,"player_choice":"Trade","damage_taken":0,"relics_obtained":["GremlinMask"],"max_hp_gain":0,"max_hp_loss":0,"event_name":"FaceTrader","floor":2,"gold_loss":0},{"damage_healed":0,"gold_gain":0,"player_choice":"Entered Light","damage_taken":15,"max_hp_gain":0,"max_hp_loss":0,"event_name":"Shining Light","floor":11,"gold_loss":0,"cards_upgraded":["Strike_B","Dualcast"]}],"is_beta":false,"boss_relics":[],"items_purged_floors":[],"is_endless":false,"potions_floor_spawned":[1,5,8],"killed_by":"2 Fungi Beasts","ascension_level":5}