{"gold_per_floor":[15,115,18,32,32,32,49,1,28,28,103,116,131,165,165,260,260,276,260,292,15,15,15],"floor_reached":23,"playtime":12595,"items_purged":["Strike_G"],"score":189,"play_id":"45d50d7a-ea62-4dea-bae7-e357e7a9ea5c","local_time":"20190818100914","is_ascension_mode":false,"campfire_choices":[{"data":"Dagger Throw","floor":6,"key":"SMITH"},{"data":"Deadly Poison","floor":10,"key":"SMITH"},{"floor":15,"key":"REST"}],"neow_cost":"NO_GOLD","seed_source_timestamp":293188222842500,"circlet_count":0,"master_deck":["Strike_G","Strike_G","Strike_G","Defend_G","Defend_G","Defend_G","Defend_G","Survivor","Neutralize","Deadly Poison+1","Blade Dance","Blade Dance","Catalyst+1","Dagger Throw+1","Deadly Poison","Deadly Poison","Dagger Throw","Acrobatics","Finisher","Flechettes","Envenom","Dodge and Roll","Bane","Dodge and Roll+1","Well Laid Plans","Masterful Stab","All Out Attack"],"relics":["Ring of the Snake","Prayer Wheel","Regal Pillow","Ornamental Fan","White Beast Statue","Red Mask","Frozen Eye"],"potions_floor_usage":[12,18,18,19,20],"damage_taken":[{"damage":0,"enemies":"2 Louse","floor":1,"turns":3},{"damage":0,"enemies":"Cultist","floor":4,"turns":4},{"damage":8,"enemies":"Jaw Worm","floor":7,"turns":3},{"damage":10,"enemies":"Lots of Slimes","floor":12,"turns":5},{"damage":3,"enemies":"2 Fungi Beasts","floor":13,"turns":3},{"damage":18,"enemies":"3 Sentries","floor":14,"turns":7},{"damage":15,"enemies":"The Guardian","floor":16,"turns":8},{"damage":8,"enemies":"Shell Parasite","floor":18,"turns":5},{"damage":15,"enemies":"2 Thieves","floor":19,"turns":4},{"damage":32,"enemies":"Masked Bandits","floor":20,"turns":5},{"damage":6,"enemies":"Slavers","floor":23,"turns":2}],"seed_played":"-900418591558453662","potions_obtained":[{"floor":7,"key":"FairyPotion"},{"floor":16,"key":"GhostInAJar"},{"floor":18,"key":"Energy Potion"},{"floor":19,"key":"SpeedPotion"},{"floor":20,"key":"Strength Potion"}],"is_trial":false,"path_per_floor":["M","?","$","M","?","R","M","$","T","R","?","M","M","E","R","B",null,"M","M","?","$","?","E"],"character_chosen":"THE_SILENT","items_purchased":["Blade Dance","PowerPotion","Swift Potion","Frozen Eye"],"campfire_rested":1,"item_purchase_floors":[3,3,8,21],"current_hp_per_floor":[70,70,70,70,70,70,62,62,62,62,51,41,38,20,56,41,70,62,47,15,15,15,9],"gold":15,"neow_bonus":"ONE_RARE_RELIC","is_prod":false,"is_daily":false,"chose_seed":false,"campfire_upgraded":2,"win_rate":0.0,"timestamp":1566133754,"path_taken":["M","?","$","?","?","R","?","$","T","R","?","M","M","E","R","BOSS","M","M","?","$","?","E"],"build_version":"2019-07-17","purchased_purges":1,"victory":false,"max_hp_per_floor":[70,70,70,70,70,70,70,70,70,70,70,70,70,70,70,70,70,70,70,70,70,70,70],"card_choices":[{"not_picked":["Prepared","Choke"],"picked":"Deadly Poison","floor":1},{"not_picked":["Distraction","Outmaneuver"],"picked":"Blade Dance","floor":1},{"not_picked":["Backflip","Masterful Stab"],"picked":"Catalyst","floor":4},{"not_picked":["Deflect","Flying Knee"],"picked":"Dagger Throw","floor":4},{"not_picked":["Bane","Prepared"],"picked":"Deadly Poison","floor":7},{"not_picked":["Outmaneuver","Prepared","Slice"],"picked":"SKIP","floor":7},{"not_picked":["Wraith Form v2","Backflip"],"picked":"Deadly Poison","floor":12},{"not_picked":["Bouncing Flask","Terror"],"picked":"Dagger Throw","floor":12},{"not_picked":["Outmaneuver","PiercingWail"],"picked":"Acrobatics","floor":13},{"not_picked":["Well Laid Plans","Choke"],"picked":"Finisher","floor":13},{"not_picked":["Dagger Throw","Blade Dance"],"picked":"Flechettes","floor":14},{"not_picked":["Glass Knife","Corpse Explosion"],"picked":"Envenom","floor":16},{"not_picked":["Endless Agony","Deflect"],"picked":"Dodge and Roll","floor":18},{"not_picked":["Heel Hook","Prepared"],"picked":"Bane","floor":18},{"not_picked":["Riddle With Holes","Deflect"],"picked":"Dodge and Roll+1","floor":19},{"not_picked":["Flying Knee","Flechettes","Riddle With Holes"],"picked":"SKIP","floor":19},{"not_picked":["Acrobatics","Reflex"],"picked":"Well Laid Plans","floor":20}],"player_experience":84477,"relics_obtained":[{"floor":9,"key":"Regal Pillow"},{"floor":14,"key":"Ornamental Fan"},{"floor":20,"key":"Red Mask"}],"event_choices":[{"damage_healed":0,"gold_gain":100,"player_choice":"Pray","damage_taken":0,"max_hp_gain":0,"max_hp_loss":0,"event_name":"Golden Shrine","floor":2,"gold_loss":0},{"damage_healed":0,"gold_gain":0,"player_choice":"Upgraded","damage_taken":0,"max_hp_gain":0,"max_hp_loss":0,"event_name":"Upgrade Shrine","floor":5,"gold_loss":0,"cards_upgraded":["Catalyst"]},{"damage_healed":0,"gold_gain":75,"player_choice":"Gather Gold","damage_taken":11,"max_hp_gain":0,"max_hp_loss":0,"event_name":"World of Goop","floor":11,"gold_loss":0},{"damage_healed":0,"gold_gain":0,"player_choice":"Fought Bandits","damage_taken":0,"max_hp_gain":0,"max_hp_loss":0,"event_name":"Masked Bandits","floor":20,"gold_loss":0},{"damage_healed":0,"gold_gain":0,"cards_transformed":["Defend_G","Strike_G"],"player_choice":"Became Test Subject","damage_taken":0,"max_hp_gain":0,"max_hp_loss":0,"event_name":"Drug Dealer","floor":22,"gold_loss":0,"cards_obtained":["Masterful Stab","All Out Attack"]}],"is_beta":false,"boss_relics":[{"not_picked":["Philosopher\u0027s Stone","Busted Crown"],"picked":"White Beast Statue"}],"items_purged_floors":[21],"is_endless":false,"potions_floor_spawned":[7,16,18,19,20],"killed_by":"Slavers","ascension_level":0}