{"gold_per_floor":[366,138,153,153,176,176,192,226,279,299,48,63,80,100,100,204,204,222,294,306,306,323,351,376,409,409,409,409,81,81,91,91,186,186,198,209,7,7,7,39,56,91,91,91,101,101,121,121,121,121],"floor_reached":51,"playtime":3779,"items_purged":["Pain"],"score":1230,"play_id":"8a43dcad-23a7-4164-ae9d-e7e24d1d3ad0","local_time":"20180709172028","is_ascension_mode":true,"campfire_choices":[{"floor":6,"key":"REST"},{"data":"Fusion","floor":15,"key":"SMITH"},{"data":"Apotheosis","floor":27,"key":"SMITH"},{"floor":32,"key":"REST"},{"floor":46,"key":"REST"},{"floor":49,"key":"REST"}],"neow_cost":"TEN_PERCENT_HP_LOSS","seed_source_timestamp":13793197148809,"circlet_count":0,"master_deck":["Strike_B","Defend_B","Defend_B+1","Defend_B+1","Defend_B+1","Zap","Dualcast+1","Beam Cell","Scrape","Steam","Undo","White Noise","Apotheosis+1","Fusion+1","FTL","Sweeping Beam","FTL","Go for the Eyes","All For One","Recycle+1","Go for the Eyes+1","Force Field+1","Conserve Battery","Hologram","Leap","Electrodynamics","Ball Lightning","Loop+1","Madness","Hologram","Steam","Writhe","Ball Lightning+1","All For One","Decay","Injury","Reinforced Body","Conserve Battery","Defragment+1","Creative AI+1","Stack","Leap+1","Barrage"],"relics":["Cracked Core","Membership Card","War Paint","Lantern","Tiny Chest","Astrolabe","Darkstone Periapt","Dream Catcher","Oddly Smooth Stone","Singing Bowl","Frozen Egg 2","Vajra","Regal Pillow","Calling Bell","Centennial Puzzle","Shuriken","Thread and Needle","Happy Flower","Turnip","Bottled Lightning","DataDisk","Meat on the Bone","The Courier"],"potions_floor_usage":[12,16,20,23,23,38,40,42,48],"damage_taken":[{"damage":7,"enemies":"Jaw Worm","floor":1,"turns":3},{"damage":0,"enemies":"Small Slimes","floor":3,"turns":3},{"damage":0,"enemies":"Cultist","floor":7,"turns":2},{"damage":14,"enemies":"3 Sentries","floor":8,"turns":7},{"damage":0,"enemies":"Exordium Thugs","floor":10,"turns":4},{"damage":0,"enemies":"Blue Slaver","floor":12,"turns":1},{"damage":0,"enemies":"2 Fungi Beasts","floor":13,"turns":2},{"damage":0,"enemies":"Gremlin Gang","floor":14,"turns":1},{"damage":10,"enemies":"Slime Boss","floor":16,"turns":7},{"damage":1,"enemies":"Shell Parasite","floor":18,"turns":3},{"damage":0,"enemies":"3 Byrds","floor":20,"turns":2},{"damage":13,"enemies":"Centurion and Healer","floor":22,"turns":6},{"damage":14,"enemies":"Gremlin Leader","floor":23,"turns":6},{"damage":7,"enemies":"Book of Stabbing","floor":25,"turns":4},{"damage":22,"enemies":"Cultist and Chosen","floor":31,"turns":5},{"damage":25,"enemies":"Collector","floor":33,"turns":9},{"damage":18,"enemies":"3 Darklings","floor":35,"turns":3},{"damage":0,"enemies":"3 Shapes","floor":36,"turns":4},{"damage":4,"floor":38,"turns":7},{"damage":15,"enemies":"Nemesis","floor":40,"turns":9},{"damage":0,"enemies":"Maw","floor":41,"turns":5},{"damage":22,"enemies":"Giant Head","floor":42,"turns":8},{"damage":0,"enemies":"Sphere and 2 Shapes","floor":45,"turns":4},{"damage":7,"enemies":"3 Darklings","floor":47,"turns":4},{"damage":0,"enemies":"Maw","floor":48,"turns":2},{"damage":62,"enemies":"Time Eater","floor":50,"turns":10}],"seed_played":"598949785403828526","potions_obtained":[{"floor":8,"key":"Swift Potion"},{"floor":12,"key":"Regen Potion"},{"floor":13,"key":"LiquidBronze"},{"floor":14,"key":"Explosive Potion"},{"floor":18,"key":"Weak Potion"},{"floor":22,"key":"SneckoOil"},{"floor":23,"key":"SmokeBomb"},{"floor":31,"key":"Swift Potion"},{"floor":35,"key":"SkillPotion"},{"floor":38,"key":"Ancient Potion"},{"floor":40,"key":"FairyPotion"}],"is_trial":false,"path_per_floor":["M","$","M","?","T","R","M","E","T","M","$","M","M","M","R","B",null,"M","T","M","?","M","E","T","E","T","R","?","$","?","M","R","B",null,"M","M","$","?","?","E","M","E","T","T","M","R","M","M","R","B"],"character_chosen":"DEFECT","items_purchased":["Membership Card","Scrape","Apotheosis","Fusion","FTL","Loop+1","Vajra","Madness","Hologram","Steam","Happy Flower","Conserve Battery"],"campfire_rested":4,"item_purchase_floors":[2,2,11,11,11,29,29,29,29,29,37,37],"current_hp_per_floor":[61,61,61,47,47,67,67,53,53,53,53,53,53,53,53,50,64,63,63,63,63,50,51,51,44,44,44,44,44,50,30,67,42,86,68,70,70,68,68,55,55,33,33,33,47,92,85,85,102,52],"gold":121,"neow_bonus":"TWO_FIFTY_GOLD","is_prod":false,"is_daily":false,"chose_seed":false,"campfire_upgraded":2,"win_rate":0,"timestamp":1531182028,"path_taken":["M","$","M","?","?","R","M","E","T","M","$","?","M","M","R","BOSS","M","?","M","?","?","E","?","E","T","R","?","$","?","?","R","BOSS","M","?","$","?","?","E","M","E","T","?","M","R","M","M","R","BOSS"],"build_version":"2018-07-05","purchased_purges":1,"victory":true,"max_hp_per_floor":[68,68,68,68,68,68,68,68,68,68,68,68,68,68,68,68,68,68,68,68,68,68,68,68,68,68,68,68,68,74,76,76,76,94,94,96,96,98,98,100,100,100,100,100,102,102,102,102,102,102],"card_choices":[{"not_picked":["Chill","Lockon"],"picked":"Beam Cell","floor":1},{"not_picked":["Rebound","Gash"],"picked":"Steam","floor":3},{"not_picked":["Rip and Tear","Streamline"],"picked":"Undo","floor":7},{"not_picked":["Streamline","Recycle","Meteor Strike"],"picked":"SKIP","floor":8},{"not_picked":["Cold Snap","Redo"],"picked":"White Noise","floor":10},{"not_picked":["Darkness","Coolheaded"],"picked":"Sweeping Beam","floor":12},{"not_picked":["Gash","Compile Driver"],"picked":"FTL","floor":13},{"not_picked":["Glacier","Barrage"],"picked":"Go for the Eyes","floor":14},{"not_picked":["Hyperbeam","Biased Cognition"],"picked":"All For One","floor":16},{"not_picked":["Stack","Consume+1"],"picked":"Conserve Battery","floor":18},{"not_picked":["Compile Driver","Fusion"],"picked":"Hologram","floor":20},{"not_picked":["Sweeping Beam","Streamline"],"picked":"Leap","floor":22},{"not_picked":["Leap","Gash"],"picked":"Electrodynamics","floor":23},{"not_picked":["Barrage+1","Leap"],"picked":"Ball Lightning","floor":25},{"not_picked":["Reprogram","Redo","Electrodynamics+1"],"picked":"Singing Bowl","floor":31},{"not_picked":["Redo+1","Gash"],"picked":"Ball Lightning+1","floor":32},{"not_picked":["Thunder Strike","Electrodynamics+1"],"picked":"All For One","floor":33},{"not_picked":["Barrage","Coolheaded"],"picked":"Reinforced Body","floor":35},{"not_picked":["Storm+1","Leap","Steam"],"picked":"Singing Bowl","floor":36},{"not_picked":["Go for the Eyes","Scrape","Melter"],"picked":"Singing Bowl","floor":38},{"not_picked":["Beam Cell+1","Force Field+1","Redo"],"picked":"Singing Bowl","floor":40},{"not_picked":["Chaos+1","Fusion+1"],"picked":"Defragment+1","floor":41},{"not_picked":["Hologram+1","Turbo"],"picked":"Creative AI+1","floor":42},{"not_picked":["Coolheaded+1","Streamline+1","Compile Driver+1"],"picked":"Singing Bowl","floor":45},{"not_picked":["Hello World+1","Chaos+1"],"picked":"Stack","floor":46},{"not_picked":["Self Repair+1","Beam Cell"],"picked":"Leap+1","floor":47},{"not_picked":["Cold Snap+1","Rebound"],"picked":"Barrage","floor":49}],"player_experience":501145,"relics_obtained":[{"floor":5,"key":"War Paint"},{"floor":8,"key":"Lantern"},{"floor":9,"key":"Tiny Chest"},{"floor":19,"key":"Darkstone Periapt"},{"floor":23,"key":"Dream Catcher"},{"floor":24,"key":"Oddly Smooth Stone"},{"floor":25,"key":"Singing Bowl"},{"floor":26,"key":"Frozen Egg 2"},{"floor":34,"key":"Centennial Puzzle"},{"floor":34,"key":"Shuriken"},{"floor":34,"key":"Thread and Needle"},{"floor":38,"key":"Turnip"},{"floor":40,"key":"Bottled Lightning"},{"floor":42,"key":"DataDisk"},{"floor":43,"key":"Meat on the Bone"},{"floor":44,"key":"The Courier"}],"event_choices":[{"event_name":"Shining Light","player_choice":"Entered Light","floor":4,"damage_taken":0},{"event_name":"Drug Dealer","player_choice":"Ignored","floor":21,"damage_taken":0},{"event_name":"Vampires","player_choice":"Ignored","floor":28,"damage_taken":0},{"event_name":"The Mausoleum","player_choice":"Yes","floor":30,"damage_taken":0},{"event_name":"MindBloom","player_choice":"Fight","floor":38,"damage_taken":0},{"event_name":"Accursed Blacksmith","player_choice":"Ignore","floor":39,"damage_taken":0}],"boss_relics":[{"not_picked":["Ectoplasm","Eternal Feather"],"picked":"Astrolabe"},{"not_picked":["Snecko Eye","Inserter"],"picked":"Calling Bell"}],"items_purged_floors":[37],"is_endless":false,"potions_floor_spawned":[8,12,13,14,18,22,23,31,35,38,40,48],"ascension_level":5}