{"gold_per_floor":[110,129,142,142,152,152,30,55,55,104,104,104],"floor_reached":12,"playtime":884,"items_purged":["Regret"],"score":90,"play_id":"664a1ac3-77d0-48a7-94cb-326e79e0bdcc","local_time":"20190816095412","is_ascension_mode":true,"campfire_choices":[{"data":"Defragment","floor":6,"key":"SMITH"}],"neow_cost":"NONE","seed_source_timestamp":134090448894600,"circlet_count":0,"master_deck":["Strike_B+1","Strike_B","Strike_B+1","Strike_B","Defend_B","Defend_B","Defend_B","Defend_B","Zap","Dualcast","Turbo","Conserve Battery","BootSequence","Defragment+1","Go for the Eyes","White Noise","Injury"],"relics":["Cracked Core","Juzu Bracelet","Meat on the Bone","Whetstone","Orichalcum","Golden Idol"],"potions_floor_usage":[8,12],"damage_taken":[{"damage":11,"enemies":"Small Slimes","floor":1,"turns":3},{"damage":7,"enemies":"Jaw Worm","floor":2,"turns":3},{"damage":0,"enemies":"Cultist","floor":3,"turns":3},{"damage":10,"enemies":"2 Fungi Beasts","floor":5,"turns":4},{"damage":26,"enemies":"3 Sentries","floor":8,"turns":7},{"damage":31,"enemies":"Gremlin Nob","floor":12,"turns":4}],"seed_played":"-7681876592943673451","potions_obtained":[{"floor":0,"key":"SneckoOil"},{"floor":0,"key":"Ancient Potion"},{"floor":0,"key":"Ancient Potion"},{"floor":2,"key":"Block Potion"}],"is_trial":false,"path_per_floor":["M","M","M","?","M","R","$","E","T","T","?","E"],"character_chosen":"DEFECT","items_purchased":["Go for the Eyes"],"campfire_rested":0,"item_purchase_floors":[7],"current_hp_per_floor":[64,57,57,57,47,47,47,21,21,21,21,0],"gold":104,"neow_bonus":"THREE_SMALL_POTIONS","is_prod":false,"is_daily":false,"chose_seed":false,"campfire_upgraded":1,"win_rate":0,"timestamp":1565916852,"path_taken":["M","M","M","?","M","R","$","E","T","?","?","E"],"build_version":"2019-07-17","purchased_purges":1,"victory":false,"max_hp_per_floor":[75,75,75,75,75,75,75,75,75,75,75,75],"card_choices":[{"not_picked":["Heatsinks","Chaos"],"picked":"Turbo","floor":1},{"not_picked":["Coolheaded","Stack"],"picked":"Conserve Battery","floor":2},{"not_picked":["Cold Snap","Reinforced Body"],"picked":"BootSequence","floor":3},{"not_picked":["Ball Lightning","Doom and Gloom"],"picked":"Defragment","floor":5},{"not_picked":["Doom and Gloom","Coolheaded"],"picked":"White Noise","floor":8}],"player_experience":328334,"relics_obtained":[{"floor":8,"key":"Meat on the Bone"},{"floor":9,"key":"Whetstone"},{"floor":10,"key":"Orichalcum"}],"event_choices":[{"damage_healed":0,"gold_gain":0,"player_choice":"Box","damage_taken":0,"relics_obtained":["Juzu Bracelet"],"max_hp_gain":0,"max_hp_loss":0,"event_name":"Big Fish","floor":4,"gold_loss":0,"cards_obtained":["Regret"]},{"damage_healed":0,"gold_gain":0,"player_choice":"Take Wound","damage_taken":0,"relics_obtained":["Golden Idol"],"max_hp_gain":0,"max_hp_loss":0,"event_name":"Golden Idol","floor":11,"gold_loss":0,"cards_obtained":["Injury"]}],"is_beta":false,"boss_relics":[],"items_purged_floors":[7],"is_endless":false,"potions_floor_spawned":[2,5],"killed_by":"Gremlin Nob","ascension_level":3}