{"gold_per_floor":[414,25,200,200,214,241,241,259,259,289,15,25,25,36,36,134,134,151,11,11,21,33,67,67,67,67,67,77,77,77,89,89,191,191,202,217,233,278,326,351,351,379,379,410,426,58,58,9,9,9],"floor_reached":51,"playtime":3519,"items_purged":["Pain"],"score":1129,"play_id":"9a191a40-0de1-4589-86fb-3401fa58c21d","local_time":"20180719225309","is_ascension_mode":true,"campfire_choices":[{"floor":7.0,"key":"REST"},{"data":"Defragment","floor":13.0,"key":"SMITH"},{"data":"White Noise","floor":15.0,"key":"SMITH"},{"floor":25,"key":"REST"},{"data":"Go for the Eyes","floor":30,"key":"SMITH"},{"data":"Loop","floor":32,"key":"SMITH"},{"data":"Stack","floor":41,"key":"SMITH"},{"data":"Loop","floor":47,"key":"SMITH"},{"data":"Leap","floor":49,"key":"SMITH"}],"neow_cost":"CURSE","seed_source_timestamp":0,"circlet_count":0,"master_deck":["Defend_B","Defend_B","Defend_B","Defend_B","Zap","Dualcast","Leap+1","Self Repair","Ball Lightning","Stack+1","Defragment+1","White Noise+1","Conserve Battery+1","Finesse+1","Aggregate+1","Loop+1","Loop+1","Amplify+1","Sweeping Beam+1","Chill+1","Conserve Battery+1","Go for the Eyes+1","Storm+1","Bite","Bite","Bite","Bite","Bite","Machine Learning+1","Necronomicurse","Ball Lightning","Buffer+1","Sweeping Beam","White Noise+1","Steam+1","Sweeping Beam+1","Force Field+1","Steam Power+1","Finesse+1"],"special_seed":0,"relics":["Cracked Core","Old Coin","ClockworkSouvenir","Spirit Poop","Sundial","Toxic Egg 2","Singing Bowl","Vajra","Inserter","Dead Branch","Frozen Egg 2","Bronze Scales","Mummified Hand","Necronomicon","Busted Crown","Unceasing Top","Bag of Marbles","Lantern","Pen Nib","Symbiotic Virus","Question Card","Art of War"],"potions_floor_usage":[18,18,21,21,23,23,23,33,38,50,50,50],"damage_taken":[{"damage":3.0,"enemies":"2 Louse","floor":1.0,"turns":2.0},{"damage":7.0,"enemies":"Jaw Worm","floor":5.0,"turns":3.0},{"damage":40.0,"enemies":"Gremlin Nob","floor":6.0,"turns":5.0},{"damage":0.0,"enemies":"Cultist","floor":8.0,"turns":4.0},{"damage":30.0,"enemies":"3 Sentries","floor":10.0,"turns":7.0},{"damage":0.0,"enemies":"3 Louse","floor":12.0,"turns":2.0},{"damage":4.0,"enemies":"Red Slaver","floor":14.0,"turns":4.0},{"damage":12.0,"enemies":"Slime Boss","floor":16.0,"turns":7.0},{"damage":58,"enemies":"3 Byrds","floor":18,"turns":6},{"damage":1,"enemies":"2 Thieves","floor":21,"turns":4},{"damage":6,"enemies":"Snecko","floor":22,"turns":6},{"damage":4,"enemies":"Slavers","floor":23,"turns":9},{"damage":11,"enemies":"Centurion and Healer","floor":28,"turns":5},{"damage":9,"enemies":"3 Cultists","floor":31,"turns":4},{"damage":46,"enemies":"Collector","floor":33,"turns":5},{"damage":2,"enemies":"Flame Bruiser 1 Orb","floor":35,"turns":4},{"damage":1,"enemies":"Orb Walker","floor":36,"turns":3},{"damage":0,"enemies":"Transient","floor":37,"turns":5},{"damage":10,"floor":38,"turns":3},{"damage":0,"enemies":"Nemesis","floor":40,"turns":5},{"damage":2,"enemies":"Giant Head","floor":42,"turns":5},{"damage":0,"enemies":"2 Orb Walkers","floor":44,"turns":1},{"damage":1,"enemies":"4 Shapes","floor":45,"turns":2},{"damage":17,"enemies":"Donu and Deca","floor":50,"turns":5}],"seed_played":"4092404922275428161","potions_obtained":[{"floor":6.0,"key":"Poison Potion"},{"floor":8.0,"key":"Weak Potion"},{"floor":12.0,"key":"SpeedPotion"},{"floor":21,"key":"EssenceOfSteel"},{"floor":23,"key":"SmokeBomb"},{"floor":31,"key":"SteroidPotion"},{"floor":36,"key":"SteroidPotion"},{"floor":37,"key":"Swift Potion"},{"floor":38,"key":"Explosive Potion"},{"floor":44,"key":"SpeedPotion"}],"is_trial":false,"path_per_floor":["M","$","?","?","M","E","R","M","T","E","$","M","R","M","R","B",null,"M","$","?","M","M","E","T","R","T","?","M","?","R","M","R","B",null,"M","M","M","?","T","E","R","E","T","E","M","$","R","$","R","B"],"character_chosen":"DEFECT","items_purchased":["ClockworkSouvenir","Self Repair","Ball Lightning","Vajra","Finesse+1","Aggregate+1","EntropicBrew","Chill+1","Steam Power+1","Art of War","Strength Potion","Finesse+1","Dexterity Potion"],"campfire_rested":2,"item_purchase_floors":[2,2,2,11,11,11,19,19,46,46,46,46,48],"current_hp_per_floor":[65,65,65,65,65,32,54,61,61,38,38,45,45,48,48,43,67,16,16,16,22,23,26,26,48,48,48,51,35,35,41,41,19,44,50,54,54,54,54,54,54,56,56,58,58,58,58,58,58,52],"gold":9,"neow_bonus":"ONE_RARE_RELIC","is_prod":false,"is_daily":false,"chose_seed":false,"campfire_upgraded":7,"win_rate":0,"timestamp":1532065989,"path_taken":["M","$","?","?","?","E","R","M","T","E","$","M","R","?","R","BOSS","M","$","?","?","M","E","?","R","T","?","M","?","R","?","R","BOSS","M","M","?","?","?","E","R","E","T","E","M","$","R","?","R","BOSS"],"build_version":"2018-07-19v2","purchased_purges":1,"victory":true,"max_hp_per_floor":[75,75,75,75,75,75,75,75,75,75,75,75,75,75,75,75,75,75,75,75,75,75,75,75,75,75,52,52,52,52,52,52,52,52,52,54,54,54,54,54,54,56,56,58,58,58,58,58,58,58],"card_choices":[{"not_picked":["Undo","Beam Cell"],"picked":"Leap","floor":1.0},{"not_picked":["FTL","Rebound"],"picked":"Stack","floor":5.0},{"not_picked":["Aggregate","Barrage"],"picked":"Defragment","floor":6.0},{"not_picked":["Cold Snap","Turbo"],"picked":"White Noise","floor":8.0},{"not_picked":["Ball Lightning","Hologram+1"],"picked":"Conserve Battery+1","floor":10.0},{"not_picked":["Recycle+1","Machine Learning"],"picked":"Loop","floor":12.0},{"not_picked":["Streamline","Turbo+1"],"picked":"Loop","floor":14.0},{"not_picked":["Machine Learning","All For One"],"picked":"Amplify+1","floor":16.0},{"not_picked":["Hologram+1","Loop"],"picked":"Sweeping Beam+1","floor":18},{"not_picked":["Turbo+1","Self Repair+1"],"picked":"Conserve Battery+1","floor":21},{"not_picked":["Beam Cell","Sweeping Beam"],"picked":"Go for the Eyes","floor":22},{"not_picked":["Leap+1","Sweeping Beam+1"],"picked":"Storm","floor":23},{"not_picked":["Compile Driver","Cold Snap+1"],"picked":"Machine Learning+1","floor":28},{"not_picked":["Cold Snap+1","Barrage"],"picked":"Ball Lightning","floor":31},{"not_picked":["Fission+1","Core Surge"],"picked":"Buffer+1","floor":33},{"not_picked":[],"picked":"Sweeping Beam","floor":35},{"not_picked":["Undo+1"],"picked":"Singing Bowl","floor":36},{"not_picked":[],"picked":"White Noise+1","floor":37},{"not_picked":[],"picked":"Steam+1","floor":38},{"not_picked":[],"picked":"Sweeping Beam+1","floor":40},{"not_picked":["Gash"],"picked":"Singing Bowl","floor":42},{"not_picked":["Lockon"],"picked":"Singing Bowl","floor":44},{"not_picked":["Lockon+1"],"picked":"Force Field+1","floor":45}],"player_experience":543016,"relics_obtained":[{"floor":6.0,"key":"Sundial"},{"floor":9.0,"key":"Toxic Egg 2"},{"floor":10.0,"key":"Singing Bowl"},{"floor":23,"key":"Frozen Egg 2"},{"floor":24,"key":"Bronze Scales"},{"floor":26,"key":"Mummified Hand"},{"floor":29,"key":"Necronomicon"},{"floor":38,"key":"Unceasing Top"},{"floor":39,"key":"Bag of Marbles"},{"floor":40,"key":"Lantern"},{"floor":42,"key":"Pen Nib"},{"floor":43,"key":"Symbiotic Virus"},{"floor":44,"key":"Question Card"}],"event_choices":[{"event_name":"Liars Game","player_choice":"agreed","floor":3.0,"damage_taken":0.0},{"event_name":"Bonfire Elementals","player_choice":"CURSE","floor":4.0,"damage_taken":0.0},{"event_name":"The Mausoleum","player_choice":"Yes","floor":20,"damage_taken":0},{"event_name":"Vampires","player_choice":"Became a vampire","floor":27,"damage_taken":0},{"event_name":"Cursed Tome","player_choice":"Obtained Book","floor":29,"damage_taken":0},{"event_name":"Mysterious Sphere","player_choice":"Fight","floor":38,"damage_taken":0}],"is_beta":false,"boss_relics":[{"not_picked":["Fusion Hammer","FrozenCore"],"picked":"Inserter"},{"not_picked":["Runic Dome","Runic Pyramid"],"picked":"Busted Crown"}],"items_purged_floors":[2],"is_endless":false,"potions_floor_spawned":[6,8,12,21,23,31,36,37,38,44],"ascension_level":7}