{"gold_per_floor":[109,109,119,119,21,47,47,47,47,47,47,63,74,88,88,188,188,201,201,201,201,12,12,32,32,55,74,87,57,74,91,91,91],"floor_reached":33,"playtime":3526,"items_purged":["Pain","Regret"],"score":247,"play_id":"08799646-f870-446f-8f79-4dc2a09e4882","local_time":"20190816233351","is_ascension_mode":false,"campfire_choices":[{"floor":7,"key":"REST"},{"floor":11,"key":"REST"},{"data":"Shrug It Off","floor":15,"key":"SMITH"},{"floor":23,"key":"REST"},{"floor":25,"key":"REST"},{"floor":32,"key":"REST"}],"neow_cost":"TEN_PERCENT_HP_LOSS","seed_source_timestamp":242123544087900,"circlet_count":0,"master_deck":["Strike_R+1","Strike_R","Strike_R","Strike_R","Defend_R+1","Defend_R","Defend_R","Bash","Shrug It Off+1","Pommel Strike","Body Slam","Dropkick","Finesse","Seeing Red+1","Dual Wield","Dropkick"],"relics":["Burning Blood","WarpedTongs","Anchor","Meat on the Bone","Bottled Lightning","NlothsMask","White Beast Statue","Nilry\u0027s Codex"],"potions_floor_usage":[6,16,27,28,28,28,30,30,31,33,33],"damage_taken":[{"damage":2,"enemies":"Cultist","floor":1,"turns":5},{"damage":8,"enemies":"2 Louse","floor":3,"turns":3},{"damage":30,"enemies":"Lagavulin","floor":6,"turns":9},{"damage":0,"enemies":"Jaw Worm","floor":12,"turns":2},{"damage":3,"enemies":"Blue Slaver","floor":13,"turns":2},{"damage":0,"enemies":"2 Fungi Beasts","floor":14,"turns":2},{"damage":41,"enemies":"Slime Boss","floor":16,"turns":10},{"damage":11,"enemies":"Chosen","floor":18,"turns":5},{"damage":10,"enemies":"Shell Parasite","floor":24,"turns":5},{"damage":22,"enemies":"Cultist and Chosen","floor":27,"turns":7},{"damage":26,"enemies":"Centurion and Healer","floor":28,"turns":6},{"damage":40,"enemies":"Sentry and Sphere","floor":30,"turns":8},{"damage":13,"enemies":"Snake Plant","floor":31,"turns":3},{"damage":61,"enemies":"Champ","floor":33,"turns":9}],"seed_played":"5200718876853192374","potions_obtained":[{"floor":3,"key":"SpeedPotion"},{"floor":6,"key":"Strength Potion"},{"floor":16,"key":"Fire Potion"},{"floor":18,"key":"Regen Potion"},{"floor":24,"key":"SteroidPotion"},{"floor":27,"key":"SteroidPotion"},{"floor":28,"key":"Poison Potion"},{"floor":29,"key":"Weak Potion"},{"floor":29,"key":"SkillPotion"},{"floor":30,"key":"SteroidPotion"},{"floor":31,"key":"LiquidBronze"}],"is_trial":false,"path_per_floor":["M","?","M","?","$","E","R","?","T","?","R","M","M","M","R","B",null,"M","?","?","?","$","R","M","R","T","M","M","?","M","M","R","B"],"character_chosen":"IRONCLAD","items_purchased":["Pommel Strike","Finesse"],"campfire_rested":5,"item_purchase_floors":[5,22],"current_hp_per_floor":[72,72,70,70,70,46,67,53,53,53,72,72,72,72,72,49,72,67,54,54,38,38,61,57,77,77,61,55,55,33,38,61,0],"gold":91,"neow_bonus":"REMOVE_TWO","is_prod":false,"is_daily":false,"chose_seed":false,"campfire_upgraded":1,"win_rate":0,"timestamp":1566009231,"path_taken":["M","?","?","?","$","E","R","?","T","?","R","M","?","M","R","BOSS","M","?","?","?","?","R","?","R","T","M","M","?","M","?","R","BOSS"],"build_version":"2019-07-17","purchased_purges":2,"victory":false,"max_hp_per_floor":[72,72,72,72,72,72,72,72,72,72,72,72,72,72,72,72,72,72,77,77,77,77,77,77,77,77,77,77,77,77,77,77,77],"card_choices":[{"not_picked":["Clash","Anger","Shrug It Off"],"picked":"SKIP","floor":1},{"not_picked":["Burning Pact","Anger"],"picked":"Shrug It Off","floor":3},{"not_picked":["Double Tap","Blood for Blood"],"picked":"Body Slam","floor":6},{"not_picked":["Feel No Pain","Thunderclap","Heavy Blade"],"picked":"SKIP","floor":12},{"not_picked":["Carnage","Perfected Strike","Shockwave"],"picked":"SKIP","floor":13},{"not_picked":["Corruption","Uppercut"],"picked":"Dropkick","floor":14},{"not_picked":["Thunderclap+1","Headbutt","Clash"],"picked":"SKIP","floor":18},{"not_picked":["Sword Boomerang","Clothesline+1"],"picked":"Seeing Red+1","floor":24},{"not_picked":["Clash","Berserk","Twin Strike"],"picked":"SKIP","floor":27},{"not_picked":["Headbutt+1","Body Slam","Pommel Strike"],"picked":"SKIP","floor":28},{"not_picked":["True Grit+1","Clothesline+1"],"picked":"Dual Wield","floor":30},{"not_picked":["Heavy Blade","Clothesline"],"picked":"Dropkick","floor":31}],"player_experience":34510,"relics_obtained":[{"floor":6,"key":"Meat on the Bone"},{"floor":9,"key":"Bottled Lightning"},{"floor":21,"key":"Nilry\u0027s Codex"}],"event_choices":[{"damage_healed":0,"gold_gain":0,"player_choice":"Rummage","damage_taken":0,"relics_obtained":["WarpedTongs"],"max_hp_gain":0,"max_hp_loss":0,"event_name":"Accursed Blacksmith","floor":2,"gold_loss":0,"cards_obtained":["Pain"]},{"damage_healed":0,"gold_gain":0,"player_choice":"Box","damage_taken":0,"relics_obtained":["Anchor"],"max_hp_gain":0,"max_hp_loss":0,"event_name":"Big Fish","floor":4,"gold_loss":0,"cards_obtained":["Regret"]},{"damage_healed":0,"gold_gain":0,"player_choice":"Entered Light","damage_taken":14,"max_hp_gain":0,"max_hp_loss":0,"event_name":"Shining Light","floor":8,"gold_loss":0,"cards_upgraded":["Strike_R","Defend_R"]},{"damage_healed":0,"gold_gain":0,"player_choice":"Trade","damage_taken":0,"relics_obtained":["NlothsMask"],"max_hp_gain":0,"max_hp_loss":0,"event_name":"FaceTrader","floor":10,"gold_loss":0},{"damage_healed":0,"gold_gain":0,"player_choice":"Shed Blood","damage_taken":18,"max_hp_gain":5,"max_hp_loss":0,"event_name":"Forgotten Altar","floor":19,"gold_loss":0},{"damage_healed":0,"gold_gain":0,"player_choice":"Ignored","damage_taken":0,"max_hp_gain":0,"max_hp_loss":0,"event_name":"Vampires","floor":20,"gold_loss":0},{"damage_healed":0,"gold_gain":0,"player_choice":"Obtained Book","damage_taken":16,"max_hp_gain":0,"max_hp_loss":0,"event_name":"Cursed Tome","floor":21,"gold_loss":0},{"damage_healed":0,"gold_gain":0,"player_choice":"Bought 2 Potions","damage_taken":0,"max_hp_gain":0,"max_hp_loss":0,"event_name":"The Woman in Blue","floor":29,"gold_loss":0}],"is_beta":false,"boss_relics":[{"not_picked":["Eternal Feather","Runic Dome"],"picked":"White Beast Statue"}],"items_purged_floors":[5,22],"is_endless":false,"potions_floor_spawned":[3,6,16,18,24,27,28,30,31],"killed_by":"Champ","ascension_level":0}