{"gold_per_floor":[116,134,147,222,240,267,267,298,298,298,298,73,86,101,101,101],"floor_reached":16,"playtime":754,"items_purged":[],"score":134,"play_id":"aa54a304-14d7-472a-860d-c68901fac5a2","local_time":"20190817231550","is_ascension_mode":true,"campfire_choices":[{"floor":7,"key":"REST"},{"floor":10,"key":"REST"},{"floor":15,"key":"REST"}],"neow_cost":"NONE","seed_source_timestamp":713239196676651,"circlet_count":0,"master_deck":["Strike_G","Strike_G","Strike_G+1","Strike_G+1","Strike_G","Defend_G","Defend_G","Defend_G","Defend_G","Defend_G","Survivor","Neutralize","Dodge and Roll","Bouncing Flask","Flying Knee","Acrobatics","Envenom","Noxious Fumes","Well Laid Plans","Leg Sweep","Flash of Steel","Poisoned Stab"],"relics":["Ring of the Snake","Gremlin Horn","Whetstone","Art of War","CultistMask"],"potions_floor_usage":[8,16,16],"damage_taken":[{"damage":4,"enemies":"2 Louse","floor":1,"turns":4},{"damage":0,"enemies":"Cultist","floor":2,"turns":4},{"damage":3,"enemies":"Jaw Worm","floor":3,"turns":4},{"damage":13,"enemies":"Exordium Wildlife","floor":5,"turns":6},{"damage":24,"enemies":"Lagavulin","floor":6,"turns":7},{"damage":20,"enemies":"3 Sentries","floor":8,"turns":8},{"damage":6,"enemies":"Red Slaver","floor":13,"turns":5},{"damage":22,"enemies":"Gremlin Gang","floor":14,"turns":5},{"damage":36,"enemies":"Slime Boss","floor":16,"turns":6}],"seed_played":"-9043482745095412084","potions_obtained":[{"floor":1,"key":"AttackPotion"},{"floor":5,"key":"Strength Potion"},{"floor":6,"key":"Fire Potion"},{"floor":8,"key":"FearPotion"}],"is_trial":false,"path_per_floor":["M","M","M","?","M","E","R","E","T","R","?","$","M","M","R","B"],"character_chosen":"THE_SILENT","items_purchased":["Well Laid Plans","Leg Sweep","Flash of Steel"],"campfire_rested":3,"item_purchase_floors":[12,12,12],"current_hp_per_floor":[66,66,63,52,39,15,36,16,16,37,37,37,31,9,30,0],"gold":101,"neow_bonus":"THREE_CARDS","is_prod":false,"is_daily":false,"chose_seed":false,"campfire_upgraded":0,"win_rate":0,"timestamp":1566076550,"path_taken":["M","M","M","?","M","E","R","E","T","R","?","$","M","?","R","BOSS"],"build_version":"2019-07-17","purchased_purges":0,"victory":false,"max_hp_per_floor":[70,70,70,70,70,70,70,70,70,70,70,70,70,70,70,70],"card_choices":[{"not_picked":["Skewer","Bane"],"picked":"Dodge and Roll","floor":0},{"not_picked":["Deadly Poison","Blade Dance"],"picked":"Bouncing Flask","floor":1},{"not_picked":["Skewer","Choke"],"picked":"Flying Knee","floor":2},{"not_picked":["Accuracy","Cloak And Dagger","Outmaneuver"],"picked":"SKIP","floor":3},{"not_picked":["Dagger Spray","Flying Knee"],"picked":"Acrobatics","floor":5},{"not_picked":["Reflex","Malaise"],"picked":"Envenom","floor":6},{"not_picked":["Poisoned Stab","Riddle With Holes"],"picked":"Noxious Fumes","floor":8},{"not_picked":["Eviscerate","Heel Hook"],"picked":"Poisoned Stab","floor":13},{"not_picked":["Flying Knee","Deflect","Cloak And Dagger"],"picked":"SKIP","floor":14}],"player_experience":128073,"relics_obtained":[{"floor":6,"key":"Gremlin Horn"},{"floor":8,"key":"Whetstone"},{"floor":9,"key":"Art of War"}],"event_choices":[{"damage_healed":0,"gold_gain":75,"player_choice":"Gather Gold","damage_taken":11,"max_hp_gain":0,"max_hp_loss":0,"event_name":"World of Goop","floor":4,"gold_loss":0},{"damage_healed":0,"gold_gain":0,"player_choice":"Trade","damage_taken":0,"relics_obtained":["CultistMask"],"max_hp_gain":0,"max_hp_loss":0,"event_name":"FaceTrader","floor":11,"gold_loss":0}],"is_beta":false,"boss_relics":[],"items_purged_floors":[],"is_endless":false,"potions_floor_spawned":[1,5,6,8],"killed_by":"Slime Boss","ascension_level":4}