{"gold_per_floor":[112,187,187,213,232,232,257,257,257,131,131,157,23,40,40,112,162,179,278,298,298,314,314,326,345,415,159,82,99,99],"floor_reached":30,"playtime":1325,"items_purged":[],"score":490,"play_id":"14a453c4-1486-491c-98f9-97482e6a0978","local_time":"20190812193237","is_ascension_mode":true,"campfire_choices":[{"data":"Combust","floor":6,"key":"SMITH"},{"floor":11,"key":"REST"},{"floor":15,"key":"REST"},{"floor":23,"key":"REST"}],"neow_cost":"NONE","seed_source_timestamp":4777230755693,"circlet_count":0,"master_deck":["AscendersBane","Strike_R","Strike_R","Strike_R","Strike_R+1","Strike_R","Defend_R","Defend_R","Defend_R","Defend_R","Bash","Combust+1","Iron Wave","Headbutt","Inflame","Double Tap","Apotheosis","Sword Boomerang","Rupture","Brutality","Heavy Blade","Spot Weakness","Clothesline+1","Wild Strike","Rage","Double Tap","Rupture+1","Corruption","Shrug It Off","Pummel"],"relics":["Sozu","Pen Nib","Dream Catcher","Paper Frog","Tiny Chest","The Courier","Tiny House","Singing Bowl","Dead Branch"],"potions_floor_usage":[],"damage_taken":[{"damage":7,"enemies":"Small Slimes","floor":1,"turns":3},{"damage":0,"enemies":"2 Louse","floor":5,"turns":3},{"damage":29,"enemies":"3 Sentries","floor":7,"turns":6},{"damage":25,"enemies":"Gremlin Nob","floor":12,"turns":4},{"damage":4,"enemies":"Jaw Worm","floor":14,"turns":2},{"damage":5,"enemies":"Slime Boss","floor":16,"turns":6},{"damage":9,"enemies":"Spheric Guardian","floor":18,"turns":3},{"damage":14,"enemies":"Chosen","floor":20,"turns":3},{"damage":33,"enemies":"Sentry and Sphere","floor":22,"turns":5},{"damage":24,"enemies":"Snecko","floor":24,"turns":4},{"damage":18,"enemies":"Chosen and Byrds","floor":25,"turns":4},{"damage":0,"enemies":"3 Cultists","floor":29,"turns":4},{"damage":13,"enemies":"Book of Stabbing","floor":30,"turns":2}],"seed_played":"8072463545452688093","potions_obtained":[],"is_trial":false,"path_per_floor":["M","?","?","T","M","R","E","?","T","$","R","E","$","M","R","B",null,"M","?","M","?","M","R","M","M","T","$","$","M","E"],"character_chosen":"IRONCLAD","items_purchased":["Tiny Chest","Apotheosis","Dead Branch","Corruption","Shrug It Off","Pummel"],"campfire_rested":3,"item_purchase_floors":[10,13,27,27,28,28],"current_hp_per_floor":[61,50,55,55,55,55,26,26,26,26,50,25,25,21,45,40,75,66,66,52,52,19,44,20,2,2,2,2,4,0],"gold":99,"neow_bonus":"BOSS_RELIC","is_prod":false,"is_daily":false,"chose_seed":false,"campfire_upgraded":1,"win_rate":0,"timestamp":1565663557,"path_taken":["M","?","?","?","M","R","E","?","T","$","R","E","$","M","R","BOSS","M","?","M","?","?","R","M","M","T","?","$","?","E"],"build_version":"2019-07-17","purchased_purges":0,"victory":false,"max_hp_per_floor":[75,75,80,80,80,80,80,80,80,80,80,80,80,80,80,80,85,85,85,85,85,85,85,85,85,85,85,85,87,87],"card_choices":[{"not_picked":["Reckless Charge","Anger"],"picked":"Combust","floor":1},{"not_picked":["Heavy Blade","True Grit"],"picked":"Iron Wave","floor":5},{"not_picked":["Body Slam","Clash"],"picked":"Headbutt","floor":7},{"not_picked":["Shockwave","Anger"],"picked":"Inflame","floor":11},{"not_picked":["Sword Boomerang","Headbutt"],"picked":"Double Tap","floor":12},{"not_picked":["Sentinel","Shockwave"],"picked":"Sword Boomerang","floor":14},{"not_picked":["Shockwave","Entrench"],"picked":"Rupture","floor":15},{"not_picked":["Impervious","Exhume"],"picked":"Brutality","floor":16},{"not_picked":["True Grit","Clothesline"],"picked":"Heavy Blade","floor":17},{"not_picked":["Headbutt","Anger"],"picked":"Spot Weakness","floor":18},{"not_picked":["Reckless Charge","Cleave"],"picked":"Clothesline+1","floor":20},{"not_picked":["Bludgeon","Anger"],"picked":"Wild Strike","floor":22},{"not_picked":["Havoc","Headbutt"],"picked":"Rage","floor":23},{"not_picked":["Spot Weakness","Sentinel"],"picked":"Double Tap","floor":24},{"not_picked":["Pommel Strike","Clash"],"picked":"Rupture+1","floor":25},{"not_picked":["Clothesline","Evolve+1","Heavy Blade"],"picked":"Singing Bowl","floor":29}],"player_experience":669406,"relics_obtained":[{"floor":4,"key":"Pen Nib"},{"floor":7,"key":"Dream Catcher"},{"floor":9,"key":"Paper Frog"},{"floor":12,"key":"The Courier"},{"floor":26,"key":"Singing Bowl"}],"event_choices":[{"damage_healed":0,"gold_gain":75,"player_choice":"Gather Gold","damage_taken":11,"max_hp_gain":0,"max_hp_loss":0,"event_name":"World of Goop","floor":2,"gold_loss":0},{"damage_healed":0,"gold_gain":0,"player_choice":"Donut","damage_taken":0,"max_hp_gain":5,"max_hp_loss":0,"event_name":"Big Fish","floor":3,"gold_loss":0},{"damage_healed":0,"gold_gain":0,"player_choice":"Ignored","damage_taken":0,"max_hp_gain":0,"max_hp_loss":0,"event_name":"Shining Light","floor":8,"gold_loss":0},{"damage_healed":0,"gold_gain":99,"player_choice":"Stole From Cult","damage_taken":0,"max_hp_gain":0,"max_hp_loss":0,"event_name":"Nest","floor":19,"gold_loss":0},{"damage_healed":0,"gold_gain":0,"player_choice":"Ignored","damage_taken":0,"max_hp_gain":0,"max_hp_loss":0,"event_name":"N\u0027loth","floor":21,"gold_loss":0}],"is_beta":false,"boss_relics":[{"not_picked":["Calling Bell","Astrolabe"],"picked":"Tiny House"}],"items_purged_floors":[],"is_endless":false,"potions_floor_spawned":[1,14,20,22,25,29],"killed_by":"Book of Stabbing","ascension_level":14}