{"gold_per_floor":[112,112,24,37,52,52,86,106,106,120,295,329,348,378,378,455,455,466,381,381,13,27,59,59,91,91,91,191,206,220,234,234,308,308,324,324,324,340,385,414,414,447,447,460,57,76,93,103,103,103],"floor_reached":51,"playtime":3810,"items_purged":["Doubt"],"score":1315,"play_id":"85a709fb-e2af-4fa0-a88c-71ef17de1349","local_time":"20190818113531","is_ascension_mode":true,"campfire_choices":[{"data":"Dramatic Entrance","floor":6,"key":"SMITH"},{"data":"Demon Form","floor":15,"key":"SMITH"},{"data":"Berserk","floor":24,"key":"SMITH"},{"floor":27,"key":"REST"},{"floor":32,"key":"REST"},{"data":"True Grit","floor":41,"key":"SMITH"},{"floor":49,"key":"REST"}],"neow_cost":"NONE","seed_source_timestamp":945688082455,"circlet_count":0,"master_deck":["AscendersBane","Strike_R+1","Strike_R","Strike_R","Strike_R","Strike_R","Defend_R","Defend_R","Defend_R","Bash","Uppercut+1","Dramatic Entrance+1","Pummel","Clothesline","Disarm","Disarm","Heavy Blade","Demon Form+1","Twin Strike","Berserk+1","Demon Form","True Grit+1","Twin Strike+1","Metallicize","Shrug It Off","Disarm+1","Power Through+1","Warcry+1","True Grit+1","Armaments+1","Feed","Writhe","Reaper","Battle Trance+1","Seeing Red+1","Uppercut+1","Corruption+1","Feel No Pain+1","Dark Shackles+1","Warcry+1","Armaments+1","The Bomb+1","Iron Wave","Pommel Strike","Dropkick"],"relics":["Black Blood","NeowsBlessing","Bag of Marbles","Bag of Preparation","Sundial","Ancient Tea Set","Mark of Pain","Potion Belt","Darkstone Periapt","Vajra","Membership Card","Strawberry","Toxic Egg 2","Bottled Lightning","Dead Branch","Paper Frog","Torii","StoneCalendar","PreservedInsect","Whetstone","HandDrill"],"potions_floor_usage":[7,12,14,25,31,46,46,50,50,50,50],"damage_taken":[{"damage":0,"enemies":"2 Louse","floor":1,"turns":1},{"damage":0,"enemies":"Cultist","floor":4,"turns":1},{"damage":0,"enemies":"Small Slimes","floor":5,"turns":1},{"damage":18,"enemies":"Lagavulin","floor":7,"turns":6},{"damage":4,"enemies":"Blue Slaver","floor":8,"turns":3},{"damage":5,"enemies":"Red Slaver","floor":10,"turns":2},{"damage":4,"enemies":"Gremlin Nob","floor":12,"turns":3},{"damage":6,"enemies":"2 Fungi Beasts","floor":13,"turns":3},{"damage":25,"enemies":"3 Sentries","floor":14,"turns":5},{"damage":20,"enemies":"Hexaghost","floor":16,"turns":6},{"damage":23,"enemies":"Spheric Guardian","floor":18,"turns":5},{"damage":10,"enemies":"2 Thieves","floor":22,"turns":4},{"damage":12,"enemies":"Gremlin Leader","floor":23,"turns":7},{"damage":33,"enemies":"Book of Stabbing","floor":25,"turns":5},{"damage":1,"enemies":"Colosseum Slavers","floor":28,"turns":3},{"damage":39,"enemies":"Colosseum Nobs","floor":28,"turns":6},{"damage":3,"enemies":"Snake Plant","floor":29,"turns":5},{"damage":4,"enemies":"Shelled Parasite and Fungi","floor":30,"turns":5},{"damage":2,"enemies":"Centurion and Healer","floor":31,"turns":4},{"damage":42,"enemies":"Automaton","floor":33,"turns":7},{"damage":24,"enemies":"3 Darklings","floor":35,"turns":8},{"damage":0,"enemies":"3 Shapes","floor":38,"turns":1},{"damage":44,"enemies":"2 Orb Walkers","floor":39,"turns":6},{"damage":19,"enemies":"Nemesis","floor":40,"turns":7},{"damage":26,"enemies":"Reptomancer","floor":42,"turns":6},{"damage":34,"enemies":"Sphere and 2 Shapes","floor":44,"turns":4},{"damage":27,"enemies":"Spire Growth","floor":46,"turns":4},{"damage":0,"enemies":"3 Darklings","floor":47,"turns":2},{"damage":6,"enemies":"Sphere and 2 Shapes","floor":48,"turns":3},{"damage":27,"enemies":"Awakened One","floor":50,"turns":8}],"seed_played":"-9038350644463293956","potions_obtained":[{"floor":1,"key":"EssenceOfSteel"},{"floor":7,"key":"GamblersBrew"},{"floor":8,"key":"Weak Potion"},{"floor":10,"key":"Strength Potion"},{"floor":13,"key":"AttackPotion"},{"floor":22,"key":"GamblersBrew"},{"floor":29,"key":"Block Potion"},{"floor":42,"key":"Strength Potion"},{"floor":46,"key":"Weak Potion"},{"floor":48,"key":"SteroidPotion"}],"is_trial":false,"path_per_floor":["M","?","$","M","M","R","E","M","T","M","?","E","M","E","R","B",null,"M","?","?","$","M","E","R","E","T","R","?","M","M","M","R","B",null,"M","?","?","M","?","E","R","E","T","M","$","M","M","M","R","B",null],"character_chosen":"IRONCLAD","items_purchased":["Dramatic Entrance","Vajra","Membership Card","Twin Strike","Dark Shackles+1","HandDrill","Warcry+1","Armaments+1","SkillPotion","FearPotion","Swift Potion","The Bomb+1"],"campfire_rested":3,"item_purchase_floors":[3,21,21,21,45,45,45,45,45,45,45,45],"current_hp_per_floor":[74,74,74,75,75,75,63,65,65,66,66,68,68,49,49,35,65,48,48,48,48,44,45,45,18,18,42,14,17,19,23,47,11,64,50,77,77,87,58,61,61,73,73,52,52,35,45,49,77,82],"gold":103,"neow_bonus":"THREE_ENEMY_KILL","is_prod":false,"is_daily":false,"chose_seed":false,"campfire_upgraded":4,"win_rate":0,"timestamp":1566153331,"path_taken":["M","?","?","M","?","R","E","M","T","M","?","E","M","E","R","BOSS","M","?","?","$","?","E","R","E","T","R","?","M","M","M","R","BOSS","M","?","?","?","?","E","R","E","T","M","$","M","M","M","R","BOSS"],"build_version":"2019-07-17","purchased_purges":1,"victory":true,"max_hp_per_floor":[75,75,75,75,75,75,75,75,75,75,75,75,75,75,75,75,75,75,75,75,75,75,82,82,82,82,82,82,82,82,82,82,82,82,82,88,88,88,88,88,88,92,92,95,95,95,95,95,95,95],"card_choices":[{"not_picked":["Sentinel","Sever Soul"],"picked":"Uppercut","floor":1},{"not_picked":["Ghostly Armor","Perfected Strike"],"picked":"Pummel","floor":4},{"not_picked":["Thunderclap","Carnage"],"picked":"Clothesline","floor":5},{"not_picked":["Anger","Double Tap"],"picked":"Disarm","floor":7},{"not_picked":["Searing Blow","Shockwave"],"picked":"Disarm","floor":8},{"not_picked":["Clash","Havoc"],"picked":"Heavy Blade","floor":10},{"not_picked":["Headbutt","Armaments"],"picked":"Demon Form","floor":12},{"not_picked":["Wild Strike","Havoc"],"picked":"Twin Strike","floor":13},{"not_picked":["Fire Breathing","Second Wind"],"picked":"Berserk","floor":14},{"not_picked":["Dark Embrace","Feed"],"picked":"Demon Form","floor":16},{"not_picked":["Burning Pact","Body Slam"],"picked":"True Grit","floor":18},{"not_picked":["Warcry","Clash"],"picked":"Metallicize","floor":22},{"not_picked":["Body Slam","Fire Breathing"],"picked":"Shrug It Off","floor":23},{"not_picked":["Dual Wield","Combust"],"picked":"Disarm","floor":25},{"not_picked":["Anger","Clash"],"picked":"Power Through+1","floor":28},{"not_picked":["Bloodletting+1","Reckless Charge"],"picked":"Warcry+1","floor":29},{"not_picked":["Fire Breathing","Sword Boomerang"],"picked":"True Grit+1","floor":30},{"not_picked":["Carnage","Twin Strike"],"picked":"Armaments+1","floor":31},{"not_picked":["Brutality","Limit Break+1"],"picked":"Feed","floor":33},{"not_picked":["Clash+1","Searing Blow+1","Anger+1"],"picked":"SKIP","floor":35},{"not_picked":["Anger","Searing Blow"],"picked":"Battle Trance+1","floor":38},{"not_picked":["Iron Wave","Twin Strike"],"picked":"Seeing Red+1","floor":39},{"not_picked":["Anger","Headbutt+1"],"picked":"Uppercut+1","floor":40},{"not_picked":["Warcry+1","Infernal Blade+1"],"picked":"Corruption+1","floor":42},{"not_picked":["Demon Form","Carnage"],"picked":"Feel No Pain+1","floor":44},{"not_picked":["Metallicize+1","Anger"],"picked":"Iron Wave","floor":46},{"not_picked":["Second Wind+1","Dual Wield+1"],"picked":"Pommel Strike","floor":47},{"not_picked":["Corruption","Headbutt+1"],"picked":"Dropkick","floor":48}],"player_experience":670731,"relics_obtained":[{"floor":7,"key":"Bag of Marbles"},{"floor":9,"key":"Bag of Preparation"},{"floor":12,"key":"Sundial"},{"floor":14,"key":"Ancient Tea Set"},{"floor":23,"key":"Strawberry"},{"floor":25,"key":"Toxic Egg 2"},{"floor":26,"key":"Bottled Lightning"},{"floor":28,"key":"Dead Branch"},{"floor":28,"key":"Paper Frog"},{"floor":39,"key":"Torii"},{"floor":40,"key":"StoneCalendar"},{"floor":42,"key":"PreservedInsect"},{"floor":43,"key":"Whetstone"}],"event_choices":[{"damage_healed":0,"gold_gain":0,"player_choice":"Upgraded","damage_taken":0,"max_hp_gain":0,"max_hp_loss":0,"event_name":"Upgrade Shrine","floor":2,"gold_loss":0,"cards_upgraded":["Uppercut"]},{"damage_healed":0,"gold_gain":175,"player_choice":"AGREE","damage_taken":0,"max_hp_gain":0,"max_hp_loss":0,"event_name":"Liars Game","floor":11,"gold_loss":0,"cards_obtained":["Doubt"]},{"damage_healed":0,"gold_gain":0,"player_choice":"Obtained Relic","damage_taken":0,"relics_obtained":["Potion Belt"],"max_hp_gain":0,"max_hp_loss":0,"event_name":"Addict","floor":19,"gold_loss":85},{"damage_healed":0,"gold_gain":0,"player_choice":"Gave Potion","damage_taken":0,"relics_obtained":["Darkstone Periapt"],"max_hp_gain":0,"max_hp_loss":0,"event_name":"WeMeetAgain","floor":20,"gold_loss":0},{"damage_healed":0,"gold_gain":0,"player_choice":"Fight","damage_taken":0,"max_hp_gain":0,"max_hp_loss":0,"event_name":"Colosseum","floor":28,"gold_loss":0},{"damage_healed":0,"gold_gain":0,"player_choice":"Fought Nobs","damage_taken":0,"max_hp_gain":0,"max_hp_loss":0,"event_name":"Colosseum","floor":28,"gold_loss":0},{"damage_healed":21,"gold_gain":0,"player_choice":"Writhe","damage_taken":0,"max_hp_gain":0,"max_hp_loss":0,"event_name":"Winding Halls","floor":36,"gold_loss":0,"cards_obtained":["Writhe"]},{"damage_healed":0,"gold_gain":0,"cards_transformed":["Defend_R"],"player_choice":"Transformed","damage_taken":0,"max_hp_gain":0,"max_hp_loss":0,"event_name":"Transmorgrifier","floor":37,"gold_loss":0,"cards_obtained":["Reaper"]},{"damage_healed":0,"gold_gain":0,"player_choice":"Fight","damage_taken":0,"max_hp_gain":0,"max_hp_loss":0,"event_name":"Mysterious Sphere","floor":39,"gold_loss":0}],"is_beta":false,"boss_relics":[{"not_picked":["Philosopher\u0027s Stone","Ectoplasm"],"picked":"Mark of Pain"},{"not_picked":["Snecko Eye","Fusion Hammer"],"picked":"Black Blood"}],"items_purged_floors":[45],"is_endless":false,"potions_floor_spawned":[1,7,8,10,13,22,28,29,42,46,48],"ascension_level":14}