{"gold_per_floor":[119,119,138,148,168,200,213,224,224,224,249,4,29,29,29,100,100,119,299,316,336,336,336,41,71,71,71,83,83,117,117,117,117],"floor_reached":33,"playtime":1821,"items_purged":[],"score":519,"play_id":"02f2f81c-5b61-4a2a-bcbb-5e95b55a9a96","local_time":"20190808145937","is_ascension_mode":true,"campfire_choices":[{"floor":10,"key":"REST"},{"data":"Echo Form","floor":15,"key":"SMITH"},{"floor":23,"key":"REST"},{"floor":27,"key":"REST"},{"floor":29,"key":"REST"},{"floor":32,"key":"REST"}],"neow_cost":"NONE","seed_source_timestamp":15333824279995,"circlet_count":0,"master_deck":["AscendersBane","Strike_B+1","Strike_B+1","Strike_B+1","Strike_B+1","Defend_B+1","Defend_B+1","Defend_B+1","Defend_B+1","Zap","Dualcast","Rebound","Lockon","Dark Shackles","Ball Lightning","Coolheaded","BootSequence","Melter","Undo","Barrage","Echo Form+1","Tempest","Defragment","Static Discharge","Fission","Cold Snap+1","Compile Driver","Seek","Defragment","Conserve Battery","Sweeping Beam","Reboot","Hologram+1","Stack"],"relics":["Cracked Core","NeowsBlessing","Orichalcum","Bottled Flame","Juzu Bracelet","Runic Capacitor","Symbiotic Virus","Velvet Choker","DataDisk","Molten Egg 2","Darkstone Periapt","Strawberry"],"potions_floor_usage":[5,6,13,16,33],"damage_taken":[{"damage":0,"enemies":"2 Louse","floor":1,"turns":1},{"damage":0,"enemies":"Cultist","floor":3,"turns":1},{"damage":0,"enemies":"Jaw Worm","floor":4,"turns":1},{"damage":15,"enemies":"Exordium Wildlife","floor":5,"turns":5},{"damage":16,"enemies":"Gremlin Nob","floor":6,"turns":3},{"damage":13,"enemies":"Large Slime","floor":7,"turns":3},{"damage":3,"enemies":"Blue Slaver","floor":8,"turns":3},{"damage":15,"enemies":"3 Sentries","floor":11,"turns":7},{"damage":7,"enemies":"Gremlin Nob","floor":13,"turns":3},{"damage":32,"enemies":"Slime Boss","floor":16,"turns":5},{"damage":0,"enemies":"Chosen","floor":18,"turns":3},{"damage":13,"enemies":"2 Thieves","floor":20,"turns":4},{"damage":17,"enemies":"3 Cultists","floor":21,"turns":5},{"damage":45,"enemies":"Book of Stabbing","floor":25,"turns":8},{"damage":9,"enemies":"Chosen and Byrds","floor":28,"turns":4},{"damage":26,"enemies":"Slavers","floor":30,"turns":5},{"damage":64,"enemies":"Collector","floor":33,"turns":6}],"seed_played":"-8130585216015381731","potions_obtained":[{"floor":3,"key":"Weak Potion"},{"floor":5,"key":"AttackPotion"},{"floor":7,"key":"FairyPotion"},{"floor":11,"key":"Regen Potion"},{"floor":13,"key":"AttackPotion"},{"floor":21,"key":"SteroidPotion"},{"floor":25,"key":"Energy Potion"},{"floor":30,"key":"AttackPotion"}],"is_trial":false,"path_per_floor":["M","?","M","M","M","E","M","M","T","R","E","$","E","?","R","B",null,"M","?","M","M","?","R","$","E","T","R","M","R","E","?","R","B"],"character_chosen":"DEFECT","items_purchased":["Defragment","Runic Capacitor","Defragment","DataDisk","Conserve Battery","Sweeping Beam"],"campfire_rested":5,"item_purchase_floors":[12,12,24,24,24,24],"current_hp_per_floor":[64,64,64,64,49,33,20,17,17,38,23,23,25,25,25,7,55,55,34,21,4,27,48,48,3,3,24,15,36,17,17,40,0],"gold":117,"neow_bonus":"THREE_ENEMY_KILL","is_prod":false,"is_daily":false,"chose_seed":false,"campfire_upgraded":1,"win_rate":0,"timestamp":1565301577,"path_taken":["M","?","?","?","M","E","?","M","T","R","E","$","E","?","R","BOSS","M","?","M","M","?","R","$","E","T","R","M","R","E","?","R","BOSS"],"build_version":"2019-07-17","purchased_purges":0,"victory":false,"max_hp_per_floor":[71,71,71,71,71,71,71,71,71,71,71,71,71,71,71,71,71,71,71,71,71,71,71,71,71,71,71,71,71,78,78,78,78],"card_choices":[{"not_picked":["Hologram","Gash"],"picked":"Rebound","floor":1},{"not_picked":["Hologram","Redo"],"picked":"Coolheaded","floor":3},{"not_picked":["Go for the Eyes","Reinforced Body"],"picked":"BootSequence","floor":4},{"not_picked":["Gash","Auto Shields"],"picked":"Melter","floor":5},{"not_picked":["Compile Driver","Darkness"],"picked":"Undo","floor":6},{"not_picked":["BootSequence","Redo"],"picked":"Barrage","floor":7},{"not_picked":["Rebound","Turbo"],"picked":"Echo Form","floor":8},{"not_picked":["Genetic Algorithm","Turbo"],"picked":"Tempest","floor":11},{"not_picked":["Heatsinks","Gash"],"picked":"Static Discharge","floor":13},{"not_picked":["Biased Cognition","Reboot"],"picked":"Fission","floor":16},{"not_picked":["Redo+1","Ball Lightning"],"picked":"Cold Snap+1","floor":18},{"not_picked":["Leap","Coolheaded"],"picked":"Compile Driver","floor":20},{"not_picked":["Go for the Eyes+1","Skim+1"],"picked":"Seek","floor":21},{"not_picked":["Rebound+1","Sweeping Beam"],"picked":"Reboot","floor":25},{"not_picked":["Turbo","Barrage+1"],"picked":"Hologram+1","floor":28},{"not_picked":["Redo","Hello World"],"picked":"Stack","floor":30}],"player_experience":664484,"relics_obtained":[{"floor":6,"key":"Orichalcum"},{"floor":9,"key":"Bottled Flame"},{"floor":11,"key":"Juzu Bracelet"},{"floor":13,"key":"Symbiotic Virus"},{"floor":25,"key":"Molten Egg 2"},{"floor":26,"key":"Darkstone Periapt"},{"floor":30,"key":"Strawberry"}],"event_choices":[{"damage_healed":0,"gold_gain":0,"player_choice":"3 cards matched","damage_taken":0,"max_hp_gain":0,"max_hp_loss":0,"event_name":"Match and Keep!","floor":2,"gold_loss":0,"cards_obtained":["Lockon","Dark Shackles","Ball Lightning"]},{"damage_healed":0,"gold_gain":0,"player_choice":"Fled","damage_taken":0,"max_hp_gain":0,"max_hp_loss":0,"event_name":"Scrap Ooze","floor":14,"gold_loss":0},{"damage_healed":0,"gold_gain":180,"player_choice":"GOLD GOLD ","damage_taken":21,"max_hp_gain":0,"max_hp_loss":0,"event_name":"Knowing Skull","floor":19,"potions_obtained":[],"gold_loss":0,"cards_obtained":[]},{"damage_healed":23,"gold_gain":0,"player_choice":"Heal","damage_taken":0,"max_hp_gain":0,"max_hp_loss":0,"event_name":"The Library","floor":22,"gold_loss":0},{"damage_healed":0,"gold_gain":0,"player_choice":"Simplicity","damage_taken":0,"max_hp_gain":0,"max_hp_loss":0,"event_name":"Back to Basics","floor":31,"gold_loss":0,"cards_upgraded":["Strike_B","Strike_B","Strike_B","Strike_B","Defend_B","Defend_B","Defend_B","Defend_B"]}],"is_beta":false,"boss_relics":[{"not_picked":["Philosopher\u0027s Stone","Coffee Dripper"],"picked":"Velvet Choker"}],"items_purged_floors":[],"is_endless":false,"potions_floor_spawned":[3,5,7,11,13,21,25,30],"killed_by":"Collector","ascension_level":14}