{"gold_per_floor":[12,12,12,29,40,40,72,86,109,109,124,142,2,35,35,110,110,127,138,138,158,172,172,83,83,83,83,100,100],"floor_reached":29,"playtime":1481,"items_purged":[],"score":403,"play_id":"3caae004-4730-4d47-ad49-538745c3ea5f","local_time":"20180725132618","is_ascension_mode":true,"campfire_choices":[{"data":"Zap","floor":6,"key":"SMITH"},{"floor":10,"key":"REST"},{"data":"Beam Cell","floor":15,"key":"SMITH"},{"data":"Defragment","floor":23,"key":"SMITH"},{"data":"Defragment","floor":25,"key":"SMITH"}],"neow_cost":"NO_GOLD","seed_source_timestamp":10528037701265,"circlet_count":0,"master_deck":["Strike_B","Defend_B+1","Defend_B","Defend_B+1","Defend_B","Zap+1","Dualcast","AscendersBane","All For One","BootSequence","Sunder","Steam","Force Field","Beam Cell+1","Conserve Battery","Auto Shields","Swift Strike","Loop","Rip and Tear","Thunder Strike","Fusion+1","Glacier+1","Scrape+1","Scrape","Defragment+1","Compile Driver","Leap+1","Defragment+1","Ball Lightning","Hologram"],"relics":["Cracked Core","Vajra","Strawberry","Bag of Marbles","Astrolabe","Gambling Chip"],"potions_floor_usage":[7,8,16,16,22,22,28,29],"damage_taken":[{"damage":3,"enemies":"2 Louse","floor":1,"turns":2},{"damage":2,"enemies":"Jaw Worm","floor":4,"turns":3},{"damage":0,"enemies":"Cultist","floor":5,"turns":3},{"damage":12,"enemies":"Gremlin Nob","floor":7,"turns":3},{"damage":3,"enemies":"3 Louse","floor":8,"turns":3},{"damage":1,"enemies":"Exordium Wildlife","floor":11,"turns":3},{"damage":1,"enemies":"Looter","floor":12,"turns":2},{"damage":2,"enemies":"3 Sentries","floor":14,"turns":6},{"damage":32,"enemies":"Hexaghost","floor":16,"turns":9},{"damage":22,"enemies":"3 Byrds","floor":18,"turns":4},{"damage":0,"enemies":"Spheric Guardian","floor":19,"turns":3},{"damage":1,"enemies":"Cultist and Chosen","floor":21,"turns":6},{"damage":6,"enemies":"Snake Plant","floor":22,"turns":6},{"damage":35,"enemies":"Centurion and Healer","floor":28,"turns":4},{"damage":8,"enemies":"Cultist and Chosen","floor":29,"turns":4}],"seed_played":"-8943404907084960467","potions_obtained":[{"floor":1,"key":"SkillPotion"},{"floor":4,"key":"Strength Potion"},{"floor":11,"key":"Poison Potion"},{"floor":14,"key":"Strength Potion"},{"floor":18,"key":"Weak Potion"},{"floor":19,"key":"Swift Potion"},{"floor":27,"key":"Explosive Potion"},{"floor":27,"key":"EssenceOfSteel"},{"floor":28,"key":"SteroidPotion"}],"is_trial":false,"path_per_floor":["M","?","$","M","M","R","E","M","T","R","M","M","$","E","R","B",null,"M","M","?","M","M","R","$","R","T","?","M"],"character_chosen":"DEFECT","items_purchased":["Swift Strike","Loop","Defragment","Ball Lightning"],"campfire_rested":1,"item_purchase_floors":[13,13,24,24],"current_hp_per_floor":[61,47,47,45,45,45,33,30,37,60,59,58,58,56,56,24,65,43,43,43,42,36,36,36,36,36,36,1,0],"gold":100,"neow_bonus":"THREE_RARE_CARDS","is_prod":false,"is_daily":false,"chose_seed":false,"campfire_upgraded":4,"win_rate":0,"timestamp":1532550378,"path_taken":["M","?","?","M","M","R","E","M","T","R","M","M","$","E","R","BOSS","M","M","?","?","M","R","$","R","T","?","M","M"],"build_version":"2018-07-19v2","purchased_purges":0,"victory":false,"max_hp_per_floor":[71,71,71,71,71,71,71,71,78,78,78,78,78,78,78,78,78,78,78,78,78,78,78,78,78,78,78,78,78],"card_choices":[{"not_picked":["Machine Learning","Buffer"],"picked":"All For One","floor":0},{"not_picked":["Compile Driver","Lockon"],"picked":"BootSequence","floor":1},{"not_picked":["Skim","Stack"],"picked":"Sunder","floor":4},{"not_picked":["Hologram","Recycle"],"picked":"Steam","floor":5},{"not_picked":["Hologram","Amplify"],"picked":"Force Field","floor":7},{"not_picked":["Force Field","Sunder"],"picked":"Beam Cell","floor":8},{"not_picked":["Coolheaded","Tempest"],"picked":"Conserve Battery","floor":11},{"not_picked":["Compile Driver","Cold Snap"],"picked":"Auto Shields","floor":12},{"not_picked":["Darkness","Double Energy"],"picked":"Rip and Tear","floor":14},{"not_picked":["Multi-Cast","Machine Learning"],"picked":"Thunder Strike","floor":16},{"not_picked":["Steam","Darkness"],"picked":"Scrape","floor":18},{"not_picked":["Hello World","Barrage"],"picked":"Defragment","floor":19},{"not_picked":["Darkness","Streamline"],"picked":"Compile Driver","floor":21},{"not_picked":["Undo","Stack"],"picked":"Leap+1","floor":22},{"not_picked":["Barrage","Redo"],"picked":"Hologram","floor":28}],"player_experience":580247,"relics_obtained":[{"floor":7,"key":"Vajra"},{"floor":9,"key":"Strawberry"},{"floor":14,"key":"Bag of Marbles"},{"floor":26,"key":"Gambling Chip"}],"event_choices":[{"event_name":"Shining Light","player_choice":"Entered Light","floor":2,"damage_taken":0},{"event_name":"Vampires","player_choice":"Ignored","floor":20,"damage_taken":0},{"event_name":"The Lab","player_choice":"Got Potions","floor":27,"damage_taken":0}],"is_beta":false,"boss_relics":[{"not_picked":["Lizard Tail","Inserter"],"picked":"Astrolabe"}],"items_purged_floors":[],"is_endless":false,"potions_floor_spawned":[1,4,11,14,18,19,28],"killed_by":"Cultist and Chosen","ascension_level":14}