{"gold_per_floor":[118,118,118,118,2,45,45,59,59,59,79,115,115,130,130,250,250,275,298,298,162,162,162,261,261,334,334,1,17,61,76,76,199,199,214,214,436,436,125,125,160,160,160,173,192,192,213,15,15,15],"floor_reached":51,"playtime":2493,"items_purged":["Normality"],"score":729,"play_id":"f1af50e6-dee5-4a86-8292-b9fcad1eb1c4","local_time":"20180721205730","is_ascension_mode":false,"campfire_choices":[{"data":"Stack","floor":7,"key":"SMITH"},{"data":"Defragment","floor":10,"key":"SMITH"},{"floor":13,"key":"REST"},{"data":"Thunder Strike","floor":15,"key":"SMITH"},{"data":"White Noise","floor":23,"key":"SMITH"},{"data":"Tempest","floor":25,"key":"SMITH"},{"floor":32,"key":"REST"},{"floor":40,"key":"REST"},{"floor":42,"key":"REST"},{"floor":46,"key":"REST"},{"floor":49,"key":"REST"}],"neow_cost":"","seed_source_timestamp":1922324318349,"circlet_count":0,"master_deck":["Zap+1","Dualcast","Ball Lightning","Defragment+1","Stack+1","Thunder Strike+1","Tempest+1","Genetic Algorithm","Conserve Battery","Reboot+1","Sunder","Ball Lightning","Hologram+1","Rebound","Glacier","Genetic Algorithm","Sunder","Stack","Chill","White Noise+1","Sweeping Beam","Defragment","Thunder Strike+1","Stack","Go for the Eyes","Sweeping Beam","Heatsinks","Creative AI","Creative AI","Defragment+1","Panacea","Blind","Transmutation","Loop","Amplify","Auto Shields+1","Lockon+1","Leap+1","Coolheaded"],"relics":["Cracked Core","The Courier","Golden Idol","Boot","Meat on the Bone","Cables","Pandora\u0027s Box","Juzu Bracelet","Bottled Lightning","DollysMirror","War Paint","Red Mask","Fusion Hammer","Orichalcum","Darkstone Periapt","Shuriken","Lee\u0027s Waffle"],"potions_floor_usage":[6,12,12,12,14,16,30,33,33,50],"damage_taken":[{"damage":0,"enemies":"Small Slimes","floor":1,"turns":2},{"damage":22,"enemies":"3 Sentries","floor":6,"turns":6},{"damage":5,"enemies":"2 Louse","floor":8,"turns":2},{"damage":6,"enemies":"Jaw Worm","floor":11,"turns":2},{"damage":21,"enemies":"Lagavulin","floor":12,"turns":4},{"damage":10,"enemies":"Exordium Thugs","floor":14,"turns":3},{"damage":20,"enemies":"Hexaghost","floor":16,"turns":8},{"damage":4,"enemies":"Shell Parasite","floor":18,"turns":3},{"damage":0,"enemies":"Spheric Guardian","floor":19,"turns":3},{"damage":12,"enemies":"Centurion and Healer","floor":29,"turns":4},{"damage":0,"floor":30,"turns":2},{"damage":15,"enemies":"Snecko","floor":31,"turns":3},{"damage":48,"enemies":"Automaton","floor":33,"turns":8},{"damage":6,"enemies":"3 Shapes","floor":35,"turns":4},{"damage":60,"enemies":"Nemesis","floor":41,"turns":5},{"damage":21,"enemies":"3 Darklings","floor":44,"turns":4},{"damage":26,"enemies":"Transient","floor":45,"turns":5},{"damage":8,"enemies":"Maw","floor":47,"turns":6},{"damage":17,"enemies":"Time Eater","floor":50,"turns":7}],"seed_played":"3784144916481820048","potions_obtained":[{"floor":1,"key":"AttackPotion"},{"floor":6,"key":"EntropicBrew"},{"floor":11,"key":"PowerPotion"},{"floor":29,"key":"Explosive Potion"},{"floor":30,"key":"Explosive Potion"},{"floor":31,"key":"SkillPotion"},{"floor":38,"key":"Dexterity Potion"},{"floor":38,"key":"FearPotion"},{"floor":38,"key":"FairyPotion"},{"floor":45,"key":"Block Potion"}],"is_trial":false,"path_per_floor":["M","?","?","?","$","E","R","M","T","R","M","E","R","M","R","B",null,"M","M","?","$","?","R","?","R","T","?","$","M","?","M","R","B",null,"M","?","?","?","$","R","E","R","T","M","M","R","M","$","R","B"],"character_chosen":"DEFECT","items_purchased":["Defragment","Juzu Bracelet","Sweeping Beam","DollysMirror","War Paint","Stack","Go for the Eyes","Loop","Amplify","Orichalcum","Lee\u0027s Waffle","Coolheaded"],"campfire_rested":6,"item_purchase_floors":[5,21,21,28,28,28,28,39,39,39,48,48],"current_hp_per_floor":[75,75,75,69,69,47,47,42,42,42,36,27,47,37,37,29,69,65,65,65,65,65,65,65,65,65,65,65,53,53,38,58,22,69,63,53,53,53,53,69,21,41,41,32,18,38,42,76,76,59],"gold":15,"neow_bonus":"","is_prod":false,"is_daily":false,"chose_seed":false,"campfire_upgraded":5,"win_rate":0,"timestamp":1532231850,"path_taken":["M","?","?","?","$","E","R","?","T","R","M","E","R","M","R","BOSS","M","M","?","$","?","R","?","R","T","?","?","M","?","M","R","BOSS","M","?","?","?","?","R","E","R","T","M","M","R","M","$","R","BOSS"],"build_version":"2018-07-19v2","purchased_purges":1,"victory":true,"max_hp_per_floor":[75,75,75,69,69,69,69,69,69,69,69,69,69,69,69,69,69,69,69,69,69,69,69,69,69,69,69,69,69,69,69,69,69,69,69,69,69,69,69,69,69,69,69,69,69,69,69,76,76,76],"card_choices":[{"not_picked":["Chaos","Conserve Battery"],"picked":"Ball Lightning","floor":1},{"not_picked":["Streamline","Rebound"],"picked":"Stack","floor":6},{"not_picked":["Barrage","Gash"],"picked":"Thunder Strike","floor":8},{"not_picked":["Sunder","Force Field"],"picked":"Tempest","floor":11},{"not_picked":["Redo","Reinforced Body"],"picked":"Genetic Algorithm","floor":12},{"not_picked":["Rebound","Tempest"],"picked":"Conserve Battery","floor":14},{"not_picked":["Multi-Cast","Meteor Strike"],"picked":"Reboot","floor":16},{"not_picked":["Hologram+1","Steam"],"picked":"Chill","floor":18},{"not_picked":["Leap","Capacitor"],"picked":"White Noise","floor":19},{"not_picked":["Go for the Eyes","Turbo+1"],"picked":"Sweeping Beam","floor":29},{"not_picked":["Stack+1","Redo"],"picked":"Heatsinks","floor":30},{"not_picked":["Stack+1","Hello World"],"picked":"Creative AI","floor":31},{"not_picked":["Fission","Hyperbeam"],"picked":"Creative AI","floor":33},{"not_picked":["Steam","Barrage"],"picked":"Defragment+1","floor":35},{"not_picked":["Purity","Bandage Up"],"picked":"Panacea","floor":36},{"not_picked":["Trip","Transmutation"],"picked":"Blind","floor":36},{"not_picked":["Blind","Good Instincts"],"picked":"Transmutation","floor":36},{"not_picked":["Rebound+1","Gash","Turbo"],"picked":"SKIP","floor":41},{"not_picked":["Capacitor","Melter"],"picked":"Auto Shields+1","floor":44},{"not_picked":["Genetic Algorithm+1","Melter"],"picked":"Lockon+1","floor":45},{"not_picked":["Coolheaded","Redo+1"],"picked":"Leap+1","floor":47}],"player_experience":551988,"relics_obtained":[{"floor":6,"key":"Boot"},{"floor":9,"key":"Meat on the Bone"},{"floor":12,"key":"Cables"},{"floor":26,"key":"Bottled Lightning"},{"floor":30,"key":"Red Mask"},{"floor":41,"key":"Darkstone Periapt"},{"floor":43,"key":"Shuriken"}],"event_choices":[{"event_name":"Living Wall","player_choice":"Grow","floor":2,"damage_taken":0},{"event_name":"Accursed Blacksmith","player_choice":"Rummage","floor":3,"damage_taken":0},{"event_name":"Golden Idol","player_choice":"Lose Max HP","floor":4,"damage_taken":0},{"event_name":"Vampires","player_choice":"Ignored","floor":20,"damage_taken":0},{"event_name":"Beggar","player_choice":"Ignored","floor":22,"damage_taken":0},{"event_name":"Nest","player_choice":"Stole From Cult","floor":24,"damage_taken":0},{"event_name":"The Library","player_choice":"Read","floor":27,"damage_taken":0},{"event_name":"Masked Bandits","player_choice":"Fought over 17 gold","floor":30,"damage_taken":0},{"event_name":"SensoryStone","player_choice":"Memory 3","floor":36,"damage_taken":0},{"event_name":"Tomb of Lord Red Mask","player_choice":"Wore Mask","floor":37,"damage_taken":0},{"event_name":"The Lab","player_choice":"Got Potions","floor":38,"damage_taken":0}],"is_beta":false,"boss_relics":[{"not_picked":["Busted Crown","Philosopher\u0027s Stone"],"picked":"Pandora\u0027s Box"},{"not_picked":["Astrolabe","Black Star"],"picked":"Fusion Hammer"}],"items_purged_floors":[5],"is_endless":false,"potions_floor_spawned":[1,6,11,29,30,31,45],"ascension_level":0}