{"gold_per_floor":[115,38,55,75,75,75,75,75,145,176,176,21,38,67,67,163,163,174,96,96,96,108,108,136,136,136,162,162,123,139,154,154,154],"floor_reached":33,"playtime":1720,"items_purged":[],"score":490,"play_id":"8055e4dc-649e-411e-a806-0beee305df74","local_time":"20181030231133","is_ascension_mode":true,"campfire_choices":[{"data":"Corruption","floor":6.0,"key":"SMITH"},{"data":"Cleave","floor":8.0,"key":"SMITH"},{"floor":15.0,"key":"DIG"},{"data":"Dark Embrace","floor":23.0,"key":"SMITH"},{"data":"Demon Form","floor":25.0,"key":"SMITH"},{"floor":32.0,"key":"REST"}],"neow_cost":"NONE","seed_source_timestamp":0,"circlet_count":0,"master_deck":["Strike_R","Strike_R","Strike_R","Strike_R","Defend_R","Defend_R","Defend_R","Defend_R","Bash+1","AscendersBane","Headbutt","Corruption+1","Infernal Blade","Cleave+1","Pommel Strike","Pommel Strike","Dark Embrace+1","Impervious","Cleave","Feel No Pain","Twin Strike","Demon Form+1","Perfected Strike","Impervious","Power Through","Spot Weakness","Twin Strike+1","Clothesline"],"special_seed":0,"relics":["Black Blood","Ornamental Fan","Matryoshka","Shovel","Bag of Marbles","PreservedInsect","Blue Candle","MutagenicStrength","Gremlin Horn","Regal Pillow","Ancient Tea Set","Dream Catcher"],"potions_floor_usage":[33],"damage_taken":[{"damage":1.0,"enemies":"Cultist","floor":1.0,"turns":3.0},{"damage":13.0,"enemies":"2 Louse","floor":3.0,"turns":3.0},{"damage":2.0,"enemies":"Jaw Worm","floor":4.0,"turns":2.0},{"damage":35.0,"enemies":"3 Sentries","floor":10.0,"turns":6.0},{"damage":10.0,"enemies":"2 Fungi Beasts","floor":13.0,"turns":3.0},{"damage":17.0,"enemies":"3 Sentries","floor":14.0,"turns":5.0},{"damage":36.0,"enemies":"Slime Boss","floor":16.0,"turns":12.0},{"damage":14.0,"enemies":"Chosen","floor":18.0,"turns":6.0},{"damage":0.0,"enemies":"3 Byrds","floor":22.0,"turns":3.0},{"damage":11.0,"enemies":"Slavers","floor":24.0,"turns":4.0},{"damage":0.0,"enemies":"Gremlin Leader","floor":27.0,"turns":2.0},{"damage":37.0,"enemies":"Snake Plant","floor":30.0,"turns":5.0},{"damage":40.0,"enemies":"Shelled Parasite and Fungi","floor":31.0,"turns":8.0},{"damage":76,"enemies":"Collector","floor":33,"turns":7}],"seed_played":"-6384430615240349791","potions_obtained":[{"floor":1.0,"key":"Regen Potion"},{"floor":3.0,"key":"BloodPotion"},{"floor":13.0,"key":"EssenceOfSteel"},{"floor":16.0,"key":"Strength Potion"},{"floor":18.0,"key":"LiquidBronze"},{"floor":22.0,"key":"Block Potion"},{"floor":31.0,"key":"AttackPotion"}],"is_trial":false,"path_per_floor":["M","$","M","M","?","R","?","R","T","?","$","$","M","E","R","B",null,"M","$","?","?","M","R","E","R","T","E","?","$","M","M","R"],"character_chosen":"IRONCLAD","items_purchased":["Corruption","Bag of Marbles","Feel No Pain","Power Through"],"campfire_rested":1,"item_purchase_floors":[2,12,19,29],"current_hp_per_floor":[77,77,70,74,74,74,74,74,74,45,45,45,41,44,44,14,64,60,60,60,60,70,70,69,69,69,79,79,79,52,22,61,0],"gold":154,"neow_bonus":"UPGRADE_CARD","is_prod":false,"is_daily":false,"chose_seed":false,"campfire_upgraded":4,"win_rate":0,"timestamp":1540966293,"path_taken":["M","$","M","?","?","R","?","R","T","?","?","$","M","E","R","BOSS","M","?","?","?","M","R","E","R","T","E","?","$","M","M","R","BOSS"],"build_version":"2018-10-25v2","purchased_purges":0,"victory":false,"max_hp_per_floor":[80,80,80,80,80,80,80,80,80,80,80,80,80,80,80,80,80,80,80,80,80,80,80,80,80,80,80,80,80,80,80,80,80],"card_choices":[{"not_picked":["True Grit","Evolve"],"picked":"Headbutt","floor":1.0},{"not_picked":["Pommel Strike","Warcry"],"picked":"Infernal Blade","floor":3.0},{"not_picked":["Headbutt","Evolve"],"picked":"Cleave","floor":4.0},{"not_picked":["Clash","Iron Wave"],"picked":"Pommel Strike","floor":10.0},{"not_picked":["Headbutt","Perfected Strike"],"picked":"Pommel Strike","floor":13.0},{"not_picked":["Sentinel","Searing Blow"],"picked":"Dark Embrace","floor":14.0},{"not_picked":["Limit Break","Offering"],"picked":"Impervious","floor":16.0},{"not_picked":["True Grit","Heavy Blade"],"picked":"Cleave","floor":18.0},{"not_picked":["Body Slam","Power Through"],"picked":"Twin Strike","floor":22.0},{"not_picked":["Flex","Combust"],"picked":"Demon Form","floor":24.0},{"not_picked":["Havoc","Battle Trance"],"picked":"Perfected Strike","floor":27.0},{"not_picked":["Sword Boomerang","Clash"],"picked":"Spot Weakness","floor":30.0},{"not_picked":["Body Slam","Iron Wave+1"],"picked":"Twin Strike+1","floor":31.0},{"not_picked":["Warcry","Combust+1"],"picked":"Clothesline","floor":32.0}],"player_experience":616191,"relics_obtained":[{"floor":9.0,"key":"Matryoshka"},{"floor":10.0,"key":"Shovel"},{"floor":14.0,"key":"PreservedInsect"},{"floor":15.0,"key":"Blue Candle"},{"floor":24.0,"key":"Gremlin Horn"},{"floor":26.0,"key":"Regal Pillow"},{"floor":26.0,"key":"Ancient Tea Set"},{"floor":27.0,"key":"Dream Catcher"}],"event_choices":[{"damage_healed":0.0,"max_hp_gain":0.0,"max_hp_loss":0.0,"gold_gain":0.0,"event_name":"WeMeetAgain","player_choice":"Gave Potion","floor":5.0,"gold_loss":0.0,"damage_taken":0.0,"relics_obtained":["Ornamental Fan"]},{"cards_removed":["Strike_R"],"damage_healed":0.0,"max_hp_gain":0.0,"max_hp_loss":0.0,"gold_gain":0.0,"event_name":"Bonfire Elementals","player_choice":"Offered Basic","floor":7.0,"gold_loss":0.0,"damage_taken":0.0},{"damage_healed":0.0,"max_hp_gain":0.0,"max_hp_loss":0.0,"gold_gain":30.0,"event_name":"Dead Adventurer","player_choice":"Searched \u00273\u0027 times","floor":10.0,"gold_loss":0.0,"damage_taken":0.0},{"damage_healed":0.0,"max_hp_gain":0.0,"max_hp_loss":0.0,"gold_gain":0.0,"event_name":"Drug Dealer","player_choice":"Inject Mutagens","floor":20.0,"gold_loss":0.0,"damage_taken":0.0,"relics_obtained":["MutagenicStrength"]},{"damage_healed":0.0,"max_hp_gain":0.0,"max_hp_loss":0.0,"gold_gain":0.0,"event_name":"Beggar","player_choice":"Ignored","floor":21.0,"gold_loss":0.0,"damage_taken":0.0},{"damage_healed":0.0,"max_hp_gain":0.0,"max_hp_loss":0.0,"gold_gain":0.0,"event_name":"Duplicator","player_choice":"Copied","floor":28.0,"gold_loss":0.0,"damage_taken":0.0,"cards_obtained":["Impervious"]}],"is_beta":false,"boss_relics":[{"not_picked":["Runic Pyramid","Astrolabe"],"picked":"Black Blood"}],"items_purged_floors":[],"is_endless":false,"potions_floor_spawned":[1,3,13,16,18,22,31],"killed_by":"Collector","ascension_level":12}