{"gold_per_floor":[112,86,99,119,132,132,132,132,158,158,192,211,211,211,211,335,335,358,9,9,27,27,42,73,93,118,118,137,137,157,157],"floor_reached":31,"playtime":3281,"items_purged":[],"score":282,"play_id":"4e1403f6-bc5a-4ee7-8e79-e0aece29f971","local_time":"20190816205455","is_ascension_mode":false,"campfire_choices":[{"data":"Armaments","floor":6,"key":"SMITH"},{"floor":8,"key":"REST"},{"data":"Rage","floor":15,"key":"SMITH"},{"floor":27,"key":"REST"},{"data":"Double Tap","floor":29,"key":"SMITH"}],"neow_cost":"PERCENT_DAMAGE","seed_source_timestamp":232832049115500,"circlet_count":0,"master_deck":["Defend_R+1","Bash","Rage+1","Armaments+1","Flame Barrier","Flex","Clothesline","Carnage","Headbutt","Double Tap+1","Headbutt","Discovery+1","Anger","Demon Form","Bite","Bite","Bite","Bite","Bite","Sever Soul","Pommel Strike","Warcry"],"relics":["Burning Blood","Oddly Smooth Stone","Bag of Marbles","Golden Idol","Bronze Scales","War Paint","Boot","Lantern"],"potions_floor_usage":[16,16,16,24,24,28,31,31],"damage_taken":[{"damage":6,"enemies":"Jaw Worm","floor":1,"turns":3},{"damage":1,"enemies":"Cultist","floor":3,"turns":3},{"damage":0,"enemies":"Small Slimes","floor":4,"turns":4},{"damage":5,"enemies":"Exordium Thugs","floor":5,"turns":8},{"damage":12,"enemies":"Gremlin Nob","floor":11,"turns":4},{"damage":14,"enemies":"Large Slime","floor":12,"turns":6},{"damage":59,"enemies":"Slime Boss","floor":16,"turns":16},{"damage":0,"enemies":"Chosen","floor":18,"turns":4},{"damage":16,"enemies":"2 Thieves","floor":21,"turns":3},{"damage":21,"enemies":"Snake Plant","floor":23,"turns":3},{"damage":46,"enemies":"Gremlin Leader","floor":24,"turns":6},{"damage":24,"enemies":"Centurion and Healer","floor":25,"turns":9},{"damage":19,"enemies":"Cultist and Chosen","floor":28,"turns":5},{"damage":24,"enemies":"Shelled Parasite and Fungi","floor":30,"turns":5},{"damage":52,"enemies":"Centurion and Healer","floor":31,"turns":5}],"seed_played":"7433058844183324054","potions_obtained":[{"floor":1,"key":"Fire Potion"},{"floor":3,"key":"Poison Potion"},{"floor":12,"key":"SpeedPotion"},{"floor":16,"key":"BloodPotion"},{"floor":21,"key":"Strength Potion"},{"floor":23,"key":"Swift Potion"},{"floor":24,"key":"Ancient Potion"},{"floor":25,"key":"SpeedPotion"}],"is_trial":false,"path_per_floor":["M","$","M","M","M","R","?","R","T","?","E","M","?","?","R","B",null,"M","$","?","M","?","M","E","M","T","R","M","R","M","M"],"character_chosen":"IRONCLAD","items_purchased":["Armaments","Discovery","Anger","Demon Form","Bronze Scales"],"campfire_rested":2,"item_purchase_floors":[2,19,19,19,19],"current_hp_per_floor":[56,56,61,67,68,68,52,76,76,76,70,62,62,62,62,9,80,80,80,80,70,56,41,39,33,33,49,40,40,32,0],"gold":157,"neow_bonus":"REMOVE_TWO","is_prod":false,"is_daily":false,"chose_seed":false,"campfire_upgraded":3,"win_rate":0,"timestamp":1565999695,"path_taken":["M","$","M","M","M","R","?","R","T","?","E","?","?","?","R","BOSS","M","$","?","M","?","?","E","M","T","R","M","R","M","M"],"build_version":"2019-07-17","purchased_purges":0,"victory":false,"max_hp_per_floor":[80,80,80,80,80,80,80,80,80,80,80,80,80,80,80,80,80,80,80,80,80,56,56,56,56,56,56,56,56,56,56],"card_choices":[{"not_picked":["Shockwave","Disarm"],"picked":"Rage","floor":1},{"not_picked":["Rupture","Warcry"],"picked":"Flame Barrier","floor":3},{"not_picked":["Whirlwind","Shockwave"],"picked":"Flex","floor":4},{"not_picked":["Combust","Rupture"],"picked":"Clothesline","floor":5},{"not_picked":["Entrench","Reckless Charge"],"picked":"Carnage","floor":11},{"not_picked":["Sword Boomerang","Rupture"],"picked":"Headbutt","floor":12},{"not_picked":["Fiend Fire","Feed"],"picked":"Double Tap","floor":16},{"not_picked":["Heavy Blade+1","Cleave+1"],"picked":"Headbutt","floor":18},{"not_picked":["Clash+1","Hemokinesis","Feel No Pain"],"picked":"SKIP","floor":21},{"not_picked":["Shrug It Off","Corruption","Rampage"],"picked":"SKIP","floor":23},{"not_picked":["Clothesline","Power Through"],"picked":"Sever Soul","floor":24},{"not_picked":["Second Wind","Rupture"],"picked":"Pommel Strike","floor":25},{"not_picked":["Second Wind","Metallicize"],"picked":"Warcry","floor":28},{"not_picked":["Whirlwind+1","Heavy Blade","Intimidate"],"picked":"SKIP","floor":30}],"player_experience":26659,"relics_obtained":[{"floor":9,"key":"Oddly Smooth Stone"},{"floor":11,"key":"Bag of Marbles"},{"floor":24,"key":"Boot"},{"floor":26,"key":"Lantern"}],"event_choices":[{"damage_healed":0,"gold_gain":0,"player_choice":"Entered Light","damage_taken":16,"max_hp_gain":0,"max_hp_loss":0,"event_name":"Shining Light","floor":7,"gold_loss":0,"cards_upgraded":["Strike_R","Strike_R"]},{"cards_removed":["Defend_R"],"damage_healed":0,"gold_gain":0,"player_choice":"Purged","damage_taken":0,"max_hp_gain":0,"max_hp_loss":0,"event_name":"Purifier","floor":10,"gold_loss":0},{"damage_healed":0,"gold_gain":0,"player_choice":"Take Wound","damage_taken":0,"relics_obtained":["Golden Idol"],"max_hp_gain":0,"max_hp_loss":0,"event_name":"Golden Idol","floor":13,"gold_loss":0,"cards_obtained":["Injury"]},{"cards_removed":["Injury"],"damage_healed":0,"gold_gain":0,"player_choice":"Forget","damage_taken":0,"max_hp_gain":0,"max_hp_loss":0,"event_name":"Living Wall","floor":14,"gold_loss":0},{"damage_healed":0,"gold_gain":0,"player_choice":"Opened","damage_taken":0,"relics_obtained":["War Paint"],"max_hp_gain":0,"max_hp_loss":0,"event_name":"The Mausoleum","floor":20,"gold_loss":0},{"damage_healed":0,"gold_gain":0,"player_choice":"Became a vampire","damage_taken":0,"max_hp_gain":0,"max_hp_loss":24,"event_name":"Vampires","floor":22,"gold_loss":0,"cards_obtained":["Bite","Bite","Bite","Bite","Bite"]}],"is_beta":false,"boss_relics":[{"not_picked":["Runic Pyramid","Philosopher\u0027s Stone","Mark of Pain"]}],"items_purged_floors":[],"is_endless":false,"potions_floor_spawned":[1,3,12,16,21,23,24,25],"killed_by":"Centurion and Healer","ascension_level":0}