{"gold_per_floor":[119,129,129,148,7,33,33,33,59,77,96,96,121,185,185,263,263,281,281,281,292,292,292,182,208,255,272,301,315,10,23,23,23],"floor_reached":33,"playtime":1496,"items_purged":[],"score":546,"play_id":"a07db868-a0bf-4842-9e1f-cae21263e56f","local_time":"20190818172322","is_ascension_mode":true,"campfire_choices":[{"data":"Inflame","floor":7,"key":"SMITH"},{"data":"Evolve","floor":12,"key":"SMITH"},{"data":"Clothesline","floor":15,"key":"SMITH"},{"floor":23,"key":"REST"},{"floor":32,"key":"REST"}],"neow_cost":"NONE","seed_source_timestamp":24211358918222,"circlet_count":0,"master_deck":["AscendersBane","Strike_R","Strike_R+1","Strike_R+1","Strike_R+1","Strike_R","Defend_R","Defend_R","Defend_R+1","Defend_R+1","Bash","Twin Strike","Inflame+1","Clothesline+1","Flash of Steel+1","Evolve+1","Dual Wield+1","Spot Weakness+1","Reckless Charge","Sentinel+1","Immolate","Sword Boomerang","Infernal Blade+1","Evolve","Warcry+1","Wild Strike","Clothesline","Chrysalis+1","Flash of Steel","Armaments+1"],"relics":["Burning Blood","NeowsBlessing","Toxic Egg 2","Ginger","Anchor","Bag of Preparation","Mark of Pain","Nilry\u0027s Codex","Whetstone","PreservedInsect","War Paint"],"potions_floor_usage":[6,10,13,21,28],"damage_taken":[{"damage":0,"enemies":"Cultist","floor":1,"turns":1},{"damage":0,"enemies":"Jaw Worm","floor":2,"turns":1},{"damage":0,"enemies":"Small Slimes","floor":4,"turns":1},{"damage":8,"enemies":"Gremlin Nob","floor":6,"turns":4},{"damage":0,"enemies":"2 Fungi Beasts","floor":10,"turns":2},{"damage":0,"enemies":"3 Louse","floor":11,"turns":3},{"damage":25,"enemies":"Lagavulin","floor":13,"turns":6},{"damage":35,"enemies":"The Guardian","floor":16,"turns":9},{"damage":17,"enemies":"Spheric Guardian","floor":18,"turns":4},{"damage":10,"enemies":"2 Thieves","floor":21,"turns":3},{"damage":11,"enemies":"Gremlin Leader","floor":25,"turns":6},{"damage":15,"enemies":"Snecko","floor":27,"turns":4},{"damage":18,"enemies":"Book of Stabbing","floor":28,"turns":4},{"damage":0,"enemies":"Centurion and Healer","floor":29,"turns":2},{"damage":20,"enemies":"Chosen and Byrds","floor":31,"turns":4},{"damage":42,"enemies":"Collector","floor":33,"turns":3}],"seed_played":"6670310698718507134","potions_obtained":[{"floor":1,"key":"EssenceOfSteel"},{"floor":6,"key":"AttackPotion"},{"floor":11,"key":"Poison Potion"},{"floor":18,"key":"Explosive Potion"},{"floor":27,"key":"Weak Potion"}],"is_trial":false,"path_per_floor":["M","M","T","M","$","E","R","?","T","M","M","R","E","?","R","B",null,"M","?","?","M","?","R","?","E","T","M","E","M","$","M","R","B"],"character_chosen":"IRONCLAD","items_purchased":["Flash of Steel","Evolve","Chrysalis+1","Flash of Steel"],"campfire_rested":2,"item_purchase_floors":[5,5,30,30],"current_hp_per_floor":[74,75,75,75,75,73,73,73,73,75,75,75,56,56,56,27,63,52,52,31,27,27,49,49,44,44,35,23,29,29,15,37,0],"gold":23,"neow_bonus":"THREE_ENEMY_KILL","is_prod":false,"is_daily":false,"chose_seed":false,"campfire_upgraded":3,"win_rate":0,"timestamp":1566174202,"path_taken":["M","M","?","M","$","E","R","?","T","M","M","R","E","?","R","BOSS","M","?","?","M","?","R","?","E","T","M","E","M","$","?","R","BOSS"],"build_version":"2019-07-17","purchased_purges":0,"victory":false,"max_hp_per_floor":[75,75,75,75,75,75,75,75,75,75,75,75,75,75,75,75,75,75,75,75,75,75,75,75,75,75,75,75,75,75,75,75,75],"card_choices":[{"not_picked":["Shockwave","True Grit"],"picked":"Twin Strike","floor":1},{"not_picked":["Cleave","Power Through"],"picked":"Inflame","floor":2},{"not_picked":["Warcry+1","Burning Pact+1"],"picked":"Clothesline","floor":4},{"not_picked":["Sword Boomerang","Havoc+1"],"picked":"Dual Wield+1","floor":6},{"not_picked":["Entrench+1","Carnage"],"picked":"Spot Weakness+1","floor":10},{"not_picked":["Iron Wave","Heavy Blade"],"picked":"Reckless Charge","floor":11},{"not_picked":["Flex+1","Rupture"],"picked":"Sentinel+1","floor":13},{"not_picked":["Juggernaut","Fiend Fire"],"picked":"Immolate","floor":16},{"not_picked":["Headbutt","Metallicize"],"picked":"Sword Boomerang","floor":18},{"not_picked":["Clothesline","Carnage"],"picked":"Infernal Blade+1","floor":21},{"not_picked":["Heavy Blade","Thunderclap"],"picked":"Evolve","floor":25},{"not_picked":["Heavy Blade","Rampage+1"],"picked":"Warcry+1","floor":27},{"not_picked":["Rampage","Disarm+1"],"picked":"Wild Strike","floor":28},{"not_picked":["Brutality","Body Slam"],"picked":"Clothesline","floor":29},{"not_picked":["Body Slam","Headbutt"],"picked":"Armaments+1","floor":31}],"player_experience":685562,"relics_obtained":[{"floor":3,"key":"Toxic Egg 2"},{"floor":6,"key":"Ginger"},{"floor":9,"key":"Anchor"},{"floor":13,"key":"Bag of Preparation"},{"floor":20,"key":"Nilry\u0027s Codex"},{"floor":25,"key":"Whetstone"},{"floor":26,"key":"PreservedInsect"},{"floor":28,"key":"War Paint"}],"event_choices":[{"damage_healed":0,"gold_gain":0,"player_choice":"Grow","damage_taken":0,"max_hp_gain":0,"max_hp_loss":0,"event_name":"Living Wall","floor":8,"gold_loss":0,"cards_upgraded":["Flash of Steel"]},{"damage_healed":0,"gold_gain":64,"player_choice":"Gained Gold","damage_taken":0,"max_hp_gain":0,"max_hp_loss":0,"event_name":"Golden Wing","floor":14,"gold_loss":0},{"damage_healed":0,"gold_gain":0,"player_choice":"Ignored","damage_taken":0,"max_hp_gain":0,"max_hp_loss":0,"event_name":"Vampires","floor":19,"gold_loss":0},{"damage_healed":0,"gold_gain":0,"player_choice":"Obtained Book","damage_taken":21,"max_hp_gain":0,"max_hp_loss":0,"event_name":"Cursed Tome","floor":20,"gold_loss":0},{"damage_healed":0,"gold_gain":0,"player_choice":"Smashed Altar","damage_taken":0,"max_hp_gain":0,"max_hp_loss":0,"event_name":"Forgotten Altar","floor":22,"gold_loss":0,"cards_obtained":["Decay"]},{"cards_removed":["Decay"],"damage_healed":0,"gold_gain":0,"player_choice":"Upgrade and Remove","damage_taken":0,"max_hp_gain":0,"max_hp_loss":0,"event_name":"Designer","floor":24,"gold_loss":110,"cards_upgraded":["Strike_R"]}],"is_beta":false,"boss_relics":[{"not_picked":["Sozu","Fusion Hammer"],"picked":"Mark of Pain"}],"items_purged_floors":[],"is_endless":false,"potions_floor_spawned":[1,6,11,18,27],"killed_by":"Collector","ascension_level":17}