{"gold_per_floor":[118,138,24,40,56,56,87,87,87,105,118,293,293,313,313,412,412,425,625,636,649,662,662],"floor_reached":23,"playtime":1529,"items_purged":[],"score":246,"play_id":"88785f8a-2dc0-4246-bbce-43e761b31df0","local_time":"20180706182237","is_ascension_mode":true,"campfire_choices":[{"data":"Go for the Eyes","floor":6,"key":"SMITH"},{"floor":8,"key":"REST"},{"floor":15,"key":"REST"}],"neow_cost":"CURSE","seed_source_timestamp":69340236259959,"circlet_count":0,"master_deck":["Strike_B","Strike_B","Strike_B","Strike_B","Defend_B","Defend_B","Defend_B","Defend_B+1","Zap","Dualcast","Decay","Genetic Algorithm","Beam Cell","Defragment+1","Melter","Conserve Battery","Go for the Eyes+1","Rebound","Hologram","Sweeping Beam","Doubt","Cold Snap","All For One","Beam Cell","Chill","Undo","Defragment+1"],"relics":["Cracked Core","Thread and Needle","Boot","Smiling Mask","Sozu"],"potions_floor_usage":[5,10,11],"damage_taken":[{"damage":2,"enemies":"Small Slimes","floor":1,"turns":3},{"damage":6,"enemies":"Jaw Worm","floor":2,"turns":3},{"damage":0,"enemies":"2 Louse","floor":4,"turns":2},{"damage":0,"enemies":"2 Fungi Beasts","floor":5,"turns":3},{"damage":42,"enemies":"3 Sentries","floor":7,"turns":7},{"damage":0,"enemies":"Red Slaver","floor":10,"turns":2},{"damage":3,"enemies":"Gremlin Gang","floor":11,"turns":5},{"damage":1,"enemies":"Blue Slaver","floor":14,"turns":3},{"damage":38,"enemies":"Hexaghost","floor":16,"turns":10},{"damage":0,"enemies":"Spheric Guardian","floor":18,"turns":1},{"damage":25,"enemies":"2 Thieves","floor":20,"turns":4},{"damage":6,"enemies":"Snecko","floor":21,"turns":4},{"damage":18,"enemies":"Slaver and Parasite","floor":22,"turns":9},{"damage":17,"enemies":"Snake Plant","floor":23,"turns":2}],"seed_played":"-7108840325293547768","potions_obtained":[{"floor":2,"key":"AttackPotion"},{"floor":7,"key":"Swift Potion"},{"floor":10,"key":"Block Potion"}],"is_trial":false,"path_per_floor":["M","M","$","M","M","R","E","R","T","M","M","?","?","M","R","B",null,"M","?","M","M","M"],"character_chosen":"DEFECT","items_purchased":["Defragment","Melter"],"campfire_rested":2,"item_purchase_floors":[3,3],"current_hp_per_floor":[73,67,67,67,67,67,25,47,47,47,44,44,29,28,50,12,59,59,59,34,28,10,0],"gold":662,"neow_bonus":"ONE_RARE_RELIC","is_prod":false,"is_daily":false,"chose_seed":false,"campfire_upgraded":1,"win_rate":0,"timestamp":1530926557,"path_taken":["M","M","$","M","M","R","E","R","T","M","M","?","?","M","R","BOSS","M","?","?","M","M","M"],"build_version":"2018-07-05","purchased_purges":0,"victory":false,"max_hp_per_floor":[75,75,75,75,75,75,75,75,75,75,75,75,75,75,75,75,75,75,75,75,75,75,75],"card_choices":[{"not_picked":["Rip and Tear","Redo"],"picked":"Genetic Algorithm","floor":1},{"not_picked":["Gash","Rip and Tear"],"picked":"Beam Cell","floor":2},{"not_picked":["Beam Cell","Chaos"],"picked":"Conserve Battery","floor":4},{"not_picked":["Scrape","Rebound"],"picked":"Go for the Eyes","floor":5},{"not_picked":["Gash","Blizzard"],"picked":"Rebound","floor":7},{"not_picked":["Streamline","Steam"],"picked":"Hologram","floor":10},{"not_picked":["Sunder","Skim"],"picked":"Sweeping Beam","floor":11},{"not_picked":["Barrage","BootSequence"],"picked":"Cold Snap","floor":14},{"not_picked":["Meteor Strike","Multi-Cast"],"picked":"All For One","floor":16},{"not_picked":["Sunder","Turbo"],"picked":"Beam Cell","floor":18},{"not_picked":["Redo","Streamline"],"picked":"Chill","floor":20},{"not_picked":["Capacitor","Steam"],"picked":"Undo","floor":21},{"not_picked":["Stack","Aggregate"],"picked":"Defragment+1","floor":22}],"player_experience":487965,"relics_obtained":[{"floor":7,"key":"Boot"},{"floor":9,"key":"Smiling Mask"}],"event_choices":[{"event_name":"Liars Game","player_choice":"agreed","floor":12,"damage_taken":0},{"event_name":"Shining Light","player_choice":"Entered Light","floor":13,"damage_taken":0},{"event_name":"The Joust","player_choice":"Bet on Owner","floor":19,"damage_taken":0}],"boss_relics":[{"not_picked":["Orrery","Empty Cage"],"picked":"Sozu"}],"items_purged_floors":[],"is_endless":false,"potions_floor_spawned":[2,7,10],"killed_by":"Snake Plant","ascension_level":5}