{"gold_per_floor":[110,110,110,30,30,65,65,75,100,132,36,62,81,106,106,184,184,203,118,118,11,22,57,70,98,98,58,58,83,93,104,104,180,180,198,213,213,313,85,118,118,151,151,151,151,151,1,1,1,1],"floor_reached":50,"playtime":2752,"items_purged":["Pain","Doubt"],"score":1131,"play_id":"a484e35d-10ff-4180-9a15-8c2f8b3db276","local_time":"20190509174658","is_ascension_mode":true,"campfire_choices":[{"data":"Sword Boomerang","floor":7.0,"key":"SMITH"},{"data":"Armaments","floor":15.0,"key":"SMITH"},{"floor":32.0,"key":"REST"},{"floor":41.0,"key":"REST"},{"floor":44.0,"key":"REST"},{"floor":46.0,"key":"DIG"},{"floor":49.0,"key":"REST"}],"neow_cost":"NONE","seed_source_timestamp":0,"circlet_count":0,"master_deck":["AscendersBane","Strike_R+1","Strike_R+1","Strike_R+1","Strike_R+1","Defend_R+1","Defend_R+1","Defend_R+1","Defend_R+1","Bash+1","Pummel","Whirlwind+1","Sword Boomerang+1","Iron Wave","Uppercut","Flex","Armaments+1","Inflame","Inflame","Whirlwind","Limit Break+1","Havoc+1","Disarm","Reckless Charge","Cleave","Feed","Flame Barrier","Twin Strike","Flex","Inflame","Impervious","Writhe","Shrug It Off","Iron Wave+1","Corruption+1","Cleave+1","Spot Weakness","Bandage Up","Discovery","Deep Breath"],"special_seed":0,"relics":["Black Blood","NeowsBlessing","Whetstone","Red Skull","Bag of Marbles","Regal Pillow","Ancient Tea Set","Juzu Bracelet","Lantern","Centennial Puzzle","Strawberry","Orichalcum","Anchor","Calling Bell","Bag of Preparation","Pear","Shovel","WingedGreaves","PreservedInsect","Charon\u0027s Ashes","Vajra","Kunai","Paper Frog"],"potions_floor_usage":[50],"damage_taken":[{"damage":0.0,"enemies":"Small Slimes","floor":1.0,"turns":1.0},{"damage":0.0,"enemies":"Lagavulin","floor":6.0,"turns":1.0},{"damage":0.0,"enemies":"Jaw Worm","floor":8.0,"turns":1.0},{"damage":20.0,"enemies":"3 Sentries","floor":10.0,"turns":4.0},{"damage":23.0,"enemies":"Lagavulin","floor":12.0,"turns":6.0},{"damage":0.0,"enemies":"2 Louse","floor":13.0,"turns":1.0},{"damage":20.0,"enemies":"3 Sentries","floor":14.0,"turns":4.0},{"damage":0.0,"enemies":"Slime Boss","floor":16.0,"turns":5.0},{"damage":11.0,"enemies":"Spheric Guardian","floor":18.0,"turns":3.0},{"damage":4.0,"enemies":"Chosen","floor":22.0,"turns":3.0},{"damage":24.0,"enemies":"Gremlin Leader","floor":23.0,"turns":5.0},{"damage":0.0,"enemies":"3 Cultists","floor":24.0,"turns":2.0},{"damage":44.0,"enemies":"Slavers","floor":25.0,"turns":4.0},{"damage":15.0,"enemies":"Book of Stabbing","floor":29.0,"turns":4.0},{"damage":10.0,"enemies":"Snecko","floor":30.0,"turns":3.0},{"damage":4.0,"enemies":"Centurion and Healer","floor":31.0,"turns":3.0},{"damage":92.0,"enemies":"Collector","floor":33.0,"turns":8.0},{"damage":29.0,"enemies":"3 Shapes","floor":35.0,"turns":5.0},{"damage":43.0,"enemies":"3 Darklings","floor":36.0,"turns":7.0},{"damage":5.0,"enemies":"Mind Bloom Boss Battle","floor":38.0,"turns":2.0},{"damage":22.0,"enemies":"Nemesis","floor":40.0,"turns":7.0},{"damage":70.0,"enemies":"Giant Head","floor":42.0,"turns":7.0},{"damage":116,"enemies":"Time Eater","floor":50,"turns":8}],"seed_played":"-427599582025047132","potions_obtained":[{"floor":6.0,"key":"SpeedPotion"},{"floor":12.0,"key":"EntropicBrew"},{"floor":30.0,"key":"SpeedPotion"},{"floor":35.0,"key":"Dexterity Potion"},{"floor":36.0,"key":"Block Potion"}],"is_trial":false,"path_per_floor":["M","?","?","$","?","E","R","M","T","E","$","E","M","E","R","B",null,"M","?","?","$","M","E","M","E","T","?","?","E","M","M","R","B",null,"M","M","?","?","$","E","R","E","T","R","?","R","$","?","R","B"],"character_chosen":"IRONCLAD","items_purchased":["Whirlwind","Flex","Armaments","Disarm","Reckless Charge","PreservedInsect","Energy Potion"],"campfire_rested":4,"item_purchase_floors":[4,11,11,21,21,39,47],"current_hp_per_floor":[78,71,71,71,71,77,77,80,80,66,66,49,55,41,41,47,72,71,71,71,71,77,63,73,42,49,49,49,44,44,53,93,15,87,71,38,38,43,43,31,79,19,19,67,57,57,57,57,103,0],"gold":1,"neow_bonus":"THREE_ENEMY_KILL","is_prod":false,"is_daily":false,"chose_seed":false,"campfire_upgraded":2,"win_rate":0,"timestamp":1557449218,"path_taken":["M","?","?","$","?","E","R","M","T","E","$","E","M","E","R","BOSS","M","?","?","$","M","E","M","E","T","?","?","E","M","M","R","BOSS","M","M","?","?","$","E","R","E","T","R","?","R","$","?","R","BOSS"],"build_version":"2018-12-13","purchased_purges":2,"victory":false,"max_hp_per_floor":[80,80,80,80,80,80,80,80,80,80,80,80,80,80,80,80,80,80,80,80,80,80,80,80,83,90,90,90,90,90,93,93,97,107,110,110,110,110,110,110,110,110,110,110,110,110,110,104,104,104],"card_choices":[{"not_picked":["Perfected Strike","Heavy Blade"],"picked":"Pummel","floor":1.0},{"not_picked":["Fire Breathing","Sever Soul"],"picked":"Sword Boomerang","floor":6.0},{"not_picked":["Evolve","Uppercut"],"picked":"Iron Wave","floor":8.0},{"not_picked":["Second Wind","Body Slam"],"picked":"Uppercut","floor":10.0},{"not_picked":["Armaments","Flex"],"picked":"Inflame","floor":12.0},{"not_picked":["Corruption","Heavy Blade"],"picked":"Inflame","floor":13.0},{"not_picked":["Feel No Pain","Power Through"],"picked":"Whirlwind","floor":14.0},{"not_picked":["Reaper","Offering"],"picked":"Limit Break","floor":16.0},{"not_picked":["Perfected Strike","Rampage"],"picked":"Havoc+1","floor":18.0},{"not_picked":["Searing Blow+1","Iron Wave"],"picked":"Cleave","floor":22.0},{"not_picked":["Bloodletting+1","Second Wind"],"picked":"Feed","floor":23.0},{"not_picked":["Wild Strike","Dual Wield"],"picked":"Flame Barrier","floor":24.0},{"not_picked":["Armaments","Corruption+1"],"picked":"Twin Strike","floor":25.0},{"not_picked":["Clash","Armaments","Clothesline"],"picked":"SKIP","floor":29.0},{"not_picked":["Body Slam","Cleave"],"picked":"Flex","floor":30.0},{"not_picked":["Anger","Power Through"],"picked":"Inflame","floor":31.0},{"not_picked":["Feed","Dark Embrace"],"picked":"Impervious","floor":33.0},{"not_picked":["Clash","Flex"],"picked":"Shrug It Off","floor":35.0},{"not_picked":["Warcry","Wild Strike+1"],"picked":"Iron Wave+1","floor":36.0},{"not_picked":["Feed","Wild Strike"],"picked":"Corruption+1","floor":38.0},{"not_picked":["Flex","Reckless Charge"],"picked":"Cleave+1","floor":40.0},{"not_picked":["Exhume","Burning Pact+1"],"picked":"Spot Weakness","floor":42.0},{"not_picked":["PanicButton","Purity"],"picked":"Bandage Up","floor":45.0},{"not_picked":["Dramatic Entrance","Bandage Up"],"picked":"Discovery","floor":45.0},{"not_picked":["Panache","Sadistic Nature"],"picked":"Deep Breath","floor":45.0}],"player_experience":640351,"relics_obtained":[{"floor":6.0,"key":"Whetstone"},{"floor":9.0,"key":"Red Skull"},{"floor":10.0,"key":"Bag of Marbles"},{"floor":12.0,"key":"Regal Pillow"},{"floor":14.0,"key":"Ancient Tea Set"},{"floor":23.0,"key":"Lantern"},{"floor":25.0,"key":"Centennial Puzzle"},{"floor":26.0,"key":"Strawberry"},{"floor":29.0,"key":"Anchor"},{"floor":34.0,"key":"Bag of Preparation"},{"floor":34.0,"key":"Pear"},{"floor":34.0,"key":"Shovel"},{"floor":38.0,"key":"WingedGreaves"},{"floor":40.0,"key":"Charon\u0027s Ashes"},{"floor":42.0,"key":"Vajra"},{"floor":43.0,"key":"Kunai"},{"floor":46.0,"key":"Paper Frog"}],"event_choices":[{"cards_removed":["Strike_R"],"damage_healed":0.0,"max_hp_gain":0.0,"max_hp_loss":0.0,"gold_gain":0.0,"event_name":"Golden Wing","player_choice":"Card Removal","floor":2.0,"gold_loss":0.0,"damage_taken":7.0},{"damage_healed":0.0,"max_hp_gain":0.0,"max_hp_loss":0.0,"gold_gain":0.0,"event_name":"The Cleric","player_choice":"Leave","floor":3.0,"gold_loss":0.0,"damage_taken":0.0},{"damage_healed":0.0,"max_hp_gain":0.0,"max_hp_loss":0.0,"gold_gain":0.0,"event_name":"Living Wall","player_choice":"Grow","floor":5.0,"gold_loss":0.0,"damage_taken":0.0,"cards_upgraded":["Whirlwind"]},{"damage_healed":0.0,"max_hp_gain":0.0,"max_hp_loss":0.0,"gold_gain":0.0,"event_name":"Addict","player_choice":"Obtained Relic","floor":19.0,"gold_loss":85.0,"damage_taken":0.0,"relics_obtained":["Juzu Bracelet"]},{"damage_healed":0.0,"max_hp_gain":0.0,"max_hp_loss":0.0,"gold_gain":0.0,"event_name":"Back to Basics","player_choice":"Simplicity","floor":20.0,"gold_loss":0.0,"damage_taken":0.0,"cards_upgraded":["Strike_R","Strike_R","Strike_R","Defend_R","Defend_R","Defend_R","Defend_R"]},{"damage_healed":0.0,"max_hp_gain":0.0,"max_hp_loss":0.0,"gold_gain":0.0,"event_name":"Designer","player_choice":"Upgrade","floor":27.0,"gold_loss":40.0,"damage_taken":0.0,"cards_upgraded":["Limit Break"]},{"damage_healed":0.0,"max_hp_gain":0.0,"max_hp_loss":0.0,"gold_gain":0.0,"event_name":"The Mausoleum","player_choice":"Opened","floor":28.0,"gold_loss":0.0,"damage_taken":0.0,"relics_obtained":["Orichalcum"]},{"damage_healed":0.0,"max_hp_gain":0.0,"max_hp_loss":0.0,"gold_gain":0.0,"event_name":"Tomb of Lord Red Mask","player_choice":"Ignored","floor":37.0,"gold_loss":0.0,"damage_taken":0.0},{"damage_healed":0.0,"max_hp_gain":0.0,"max_hp_loss":0.0,"gold_gain":0.0,"event_name":"MindBloom","player_choice":"Fight","floor":38.0,"gold_loss":0.0,"damage_taken":0.0},{"damage_healed":0.0,"max_hp_gain":0.0,"max_hp_loss":0.0,"gold_gain":0.0,"event_name":"SensoryStone","player_choice":"Memory 3","floor":45.0,"gold_loss":0.0,"damage_taken":10.0},{"damage_healed":0.0,"max_hp_gain":0.0,"max_hp_loss":6.0,"gold_gain":0.0,"event_name":"Winding Halls","player_choice":"Max HP","floor":48.0,"gold_loss":0.0,"damage_taken":0.0}],"is_beta":false,"boss_relics":[{"not_picked":["Runic Pyramid","Coffee Dripper"],"picked":"Black Blood"},{"not_picked":["Runic Dome","Orrery"],"picked":"Calling Bell"}],"items_purged_floors":[39,47],"is_endless":false,"potions_floor_spawned":[6,12,13,22,23,24,25,30,35,36],"killed_by":"Time Eater","ascension_level":13}