{"gold_per_floor":[19,35,35,51,71,71,112,112,112,137,208,208,233,246,246,246],"floor_reached":16,"playtime":918,"items_purged":[],"score":163,"play_id":"7558d2a6-fd9f-4ddc-ba4f-917b4ebe7e42","local_time":"20181030222540","is_ascension_mode":true,"campfire_choices":[{"data":"Armaments","floor":6,"key":"SMITH"},{"floor":8,"key":"REST"},{"floor":12,"key":"REST"},{"data":"Limit Break","floor":15,"key":"SMITH"}],"neow_cost":"NO_GOLD","seed_source_timestamp":6431189126912,"circlet_count":0,"master_deck":["Strike_R","Strike_R","Strike_R","Strike_R","Strike_R","Defend_R","Defend_R","Defend_R","Defend_R","Bash","AscendersBane","Limit Break+1","Dropkick","Pummel","Injury","Twin Strike","Armaments+1","Seeing Red","Wild Strike","Heavy Blade","Flex"],"relics":["Burning Blood","Golden Idol","Potion Belt","Smiling Mask","Self Forming Clay","Orichalcum"],"potions_floor_usage":[4,5,11,14],"damage_taken":[{"damage":11,"enemies":"Cultist","floor":1,"turns":4},{"damage":0,"enemies":"2 Louse","floor":2,"turns":4},{"damage":2,"enemies":"Jaw Worm","floor":4,"turns":4},{"damage":32,"enemies":"Gremlin Gang","floor":5,"turns":6},{"damage":36,"enemies":"Gremlin Nob","floor":7,"turns":5},{"damage":6,"enemies":"3 Louse","floor":10,"turns":3},{"damage":40,"enemies":"3 Sentries","floor":11,"turns":9},{"damage":0,"enemies":"2 Fungi Beasts","floor":14,"turns":1},{"damage":41,"enemies":"The Guardian","floor":16,"turns":5}],"seed_played":"9117641799229449812","potions_obtained":[{"floor":1,"key":"Block Potion"},{"floor":4,"key":"Poison Potion"},{"floor":7,"key":"Poison Potion"},{"floor":11,"key":"SteroidPotion"}],"is_trial":false,"path_per_floor":["M","M","?","M","M","R","E","R","T","M","?","R","T","M","R"],"character_chosen":"IRONCLAD","items_purchased":[],"campfire_rested":2,"item_purchase_floors":[],"current_hp_per_floor":[67,73,73,77,51,51,21,45,45,45,11,35,35,41,41,0],"gold":246,"neow_bonus":"THREE_RARE_CARDS","is_prod":false,"is_daily":false,"chose_seed":false,"campfire_upgraded":2,"win_rate":0,"timestamp":1540963540,"path_taken":["M","?","?","M","M","R","E","R","T","M","?","R","?","M","R","BOSS"],"build_version":"2018-10-25v2","purchased_purges":0,"victory":false,"max_hp_per_floor":[80,80,80,80,80,80,80,80,80,80,80,80,80,80,80,80],"card_choices":[{"not_picked":["Impervious","Fiend Fire"],"picked":"Limit Break","floor":0},{"not_picked":["Perfected Strike","Battle Trance"],"picked":"Dropkick","floor":1},{"not_picked":["Twin Strike","Rage"],"picked":"Pummel","floor":2},{"not_picked":["Hemokinesis","Clash"],"picked":"Twin Strike","floor":4},{"not_picked":["Anger","Dropkick"],"picked":"Armaments","floor":5},{"not_picked":["Fire Breathing","Clash"],"picked":"Seeing Red","floor":7},{"not_picked":["Entrench","Havoc"],"picked":"Wild Strike","floor":10},{"not_picked":["Combust","Pommel Strike"],"picked":"Heavy Blade","floor":11},{"not_picked":["Offering","Clash"],"picked":"Flex","floor":14}],"player_experience":615273,"relics_obtained":[{"floor":7,"key":"Potion Belt"},{"floor":9,"key":"Smiling Mask"},{"floor":11,"key":"Self Forming Clay"},{"floor":13,"key":"Orichalcum"}],"event_choices":[{"damage_healed":0,"gold_gain":0,"player_choice":"Take Wound","damage_taken":0,"relics_obtained":["Golden Idol"],"max_hp_gain":0,"max_hp_loss":0,"event_name":"Golden Idol","floor":3,"gold_loss":0,"cards_obtained":["Injury"]},{"damage_healed":0,"gold_gain":0,"player_choice":"Searched \u00272\u0027 times","damage_taken":0,"max_hp_gain":0,"max_hp_loss":0,"event_name":"Dead Adventurer","floor":11,"gold_loss":0}],"is_beta":false,"boss_relics":[],"items_purged_floors":[],"is_endless":false,"potions_floor_spawned":[1,4,7,11],"killed_by":"The Guardian","ascension_level":12}