{"gold_per_floor":[115,115,14,14,14,14,30,30,30,60,60,60,60,85,85,156,156,156,156,156,14,14,14],"floor_reached":23,"playtime":1291,"items_purged":[],"score":347,"play_id":"dd6776f1-c19a-464a-a370-d95dc02ca91c","local_time":"20190731183634","is_ascension_mode":true,"campfire_choices":[{"floor":6,"key":"REST"},{"data":"Neutralize","floor":8,"key":"SMITH"},{"floor":13,"key":"REST"},{"floor":15,"key":"REST"}],"neow_cost":"NONE","seed_source_timestamp":4563927289595,"circlet_count":0,"master_deck":["AscendersBane","Strike_G","Strike_G","Strike_G","Strike_G","Strike_G","Defend_G","Defend_G","Defend_G","Defend_G","Defend_G","Survivor","Neutralize+1","Accuracy","Leg Sweep+1","Quick Slash","Predator","Quick Slash+1","Skewer+1","Bullet Time","Terror+1","Cloak And Dagger","Backflip"],"relics":["White Beast Statue","Potion Belt","Molten Egg 2","Ancient Tea Set","Tough Bandages","Ectoplasm","Nilry\u0027s Codex"],"potions_floor_usage":[10,10,16,20,23,23,23],"damage_taken":[{"damage":8,"enemies":"Small Slimes","floor":1,"turns":6},{"damage":0,"enemies":"Cultist","floor":7,"turns":5},{"damage":25,"enemies":"3 Sentries","floor":10,"turns":11},{"damage":27,"enemies":"Lagavulin","floor":14,"turns":8},{"damage":22,"enemies":"The Guardian","floor":16,"turns":16},{"damage":12,"enemies":"Shell Parasite","floor":18,"turns":6},{"damage":11,"enemies":"3 Byrds","floor":20,"turns":5},{"damage":30,"enemies":"Gremlin Leader","floor":23,"turns":2}],"seed_played":"-6627441866060539769","potions_obtained":[{"floor":1,"key":"Energy Potion"},{"floor":7,"key":"Energy Potion"},{"floor":10,"key":"LiquidBronze"},{"floor":14,"key":"Explosive Potion"},{"floor":16,"key":"Weak Potion"},{"floor":18,"key":"Energy Potion"},{"floor":20,"key":"EssenceOfSteel"}],"is_trial":false,"path_per_floor":["M","?","$","?","$","R","M","R","T","E","?","?","R","E","R","B",null,"M","?","M","$","?","E"],"character_chosen":"THE_SILENT","items_purchased":["Leg Sweep","Quick Slash","Backflip","Regen Potion"],"campfire_rested":3,"item_purchase_floors":[3,3,21,21],"current_hp_per_floor":[51,33,33,38,38,59,59,59,59,34,34,34,55,28,49,27,60,48,48,37,37,16,0],"gold":14,"neow_bonus":"BOSS_RELIC","is_prod":false,"is_daily":false,"chose_seed":false,"campfire_upgraded":1,"win_rate":0,"timestamp":1564623394,"path_taken":["M","?","$","?","$","R","M","R","T","E","?","?","R","E","R","BOSS","M","?","?","$","?","E"],"build_version":"2019-07-17","purchased_purges":0,"victory":false,"max_hp_per_floor":[66,66,66,71,71,71,71,71,71,71,71,71,71,71,71,71,71,71,71,71,71,71,71],"card_choices":[{"not_picked":["Dagger Throw","Slice"],"picked":"Accuracy","floor":1},{"not_picked":["Calculated Gamble","Backflip"],"picked":"Predator","floor":7},{"not_picked":["Dagger Throw+1","Venomology"],"picked":"Quick Slash+1","floor":10},{"not_picked":["Noxious Fumes","Underhanded Strike+1"],"picked":"Skewer+1","floor":14},{"not_picked":["Corpse Explosion","Night Terror"],"picked":"Bullet Time","floor":16},{"not_picked":["Outmaneuver","Dagger Throw+1"],"picked":"Terror+1","floor":18},{"not_picked":["Accuracy","Blade Dance"],"picked":"Cloak And Dagger","floor":20}],"player_experience":646252,"relics_obtained":[{"floor":9,"key":"Molten Egg 2"},{"floor":10,"key":"Ancient Tea Set"},{"floor":14,"key":"Tough Bandages"},{"floor":22,"key":"Nilry\u0027s Codex"}],"event_choices":[{"damage_healed":0,"gold_gain":0,"player_choice":"Success","damage_taken":18,"relics_obtained":["Potion Belt"],"max_hp_gain":0,"max_hp_loss":0,"event_name":"Scrap Ooze","floor":2,"gold_loss":0},{"damage_healed":0,"gold_gain":0,"player_choice":"Donut","damage_taken":0,"max_hp_gain":5,"max_hp_loss":0,"event_name":"Big Fish","floor":4,"gold_loss":0},{"damage_healed":0,"gold_gain":0,"player_choice":"Grow","damage_taken":0,"max_hp_gain":0,"max_hp_loss":0,"event_name":"Living Wall","floor":11,"gold_loss":0,"cards_upgraded":["Leg Sweep"]},{"damage_healed":0,"gold_gain":0,"player_choice":"Searched \u00270\u0027 times","damage_taken":0,"max_hp_gain":0,"max_hp_loss":0,"event_name":"Dead Adventurer","floor":12,"gold_loss":0},{"damage_healed":0,"gold_gain":0,"player_choice":"Ignored","damage_taken":0,"max_hp_gain":0,"max_hp_loss":0,"event_name":"N\u0027loth","floor":19,"gold_loss":0},{"damage_healed":0,"gold_gain":0,"player_choice":"Obtained Book","damage_taken":21,"max_hp_gain":0,"max_hp_loss":0,"event_name":"Cursed Tome","floor":22,"gold_loss":0}],"is_beta":false,"boss_relics":[{"not_picked":["Philosopher\u0027s Stone","Coffee Dripper"],"picked":"Ectoplasm"}],"items_purged_floors":[],"is_endless":false,"potions_floor_spawned":[1,7,10,14,16,18,20],"killed_by":"Gremlin Leader","ascension_level":16}