{"gold_per_floor":[113,113,125,125,135,135,168,168,168,168,195,97,114,146,146,223,223,239,253,265,265],"floor_reached":21,"playtime":1542,"items_purged":[],"score":358,"play_id":"d2356da6-d26f-48a8-9624-fc2235b72dce","local_time":"20190201024357","is_ascension_mode":true,"campfire_choices":[{"data":"Noxious Fumes","floor":6,"key":"SMITH"},{"data":"Neutralize","floor":8,"key":"SMITH"},{"floor":10,"key":"REST"},{"data":"Envenom","floor":15,"key":"SMITH"}],"neow_cost":"NONE","seed_source_timestamp":680600512423,"circlet_count":0,"master_deck":["AscendersBane","Defend_G","Defend_G","Defend_G","Defend_G","Defend_G","Strike_G","Strike_G","Strike_G","Strike_G","Survivor","Neutralize+1","Backflip","Noxious Fumes+1","Footwork","Flying Knee","Parasite","Envenom+1","Noxious Fumes","Dagger Spray","Bane","Noxious Fumes","Glass Knife","Bane","Footwork","Predator"],"relics":["Cursed Key","Lantern","Kunai","Dead Branch","Smiling Mask","Sozu"],"potions_floor_usage":[7,16,16,16],"damage_taken":[{"damage":4,"enemies":"Small Slimes","floor":1,"turns":5},{"damage":0,"enemies":"2 Louse","floor":3,"turns":4},{"damage":0,"enemies":"Cultist","floor":5,"turns":5},{"damage":19,"enemies":"3 Sentries","floor":7,"turns":8},{"damage":16,"enemies":"Gremlin Nob","floor":11,"turns":6},{"damage":0,"enemies":"Exordium Thugs","floor":13,"turns":4},{"damage":6,"enemies":"Lagavulin","floor":14,"turns":7},{"damage":17,"enemies":"Slime Boss","floor":16,"turns":9},{"damage":7,"enemies":"Shell Parasite","floor":18,"turns":5},{"damage":26,"enemies":"Spheric Guardian","floor":19,"turns":6},{"damage":16,"enemies":"Chosen and Byrds","floor":20,"turns":5},{"damage":10,"enemies":"Snecko","floor":21,"turns":3}],"seed_played":"-4449116233665221774","potions_obtained":[{"floor":1,"key":"Swift Potion"},{"floor":11,"key":"Dexterity Potion"},{"floor":13,"key":"SmokeBomb"},{"floor":14,"key":"EntropicBrew"}],"is_trial":false,"path_per_floor":["M","?","M","?","M","R","E","R","T","R","E","$","M","E","R","B",null,"M","M","M","M"],"character_chosen":"THE_SILENT","items_purchased":["Noxious Fumes","Dagger Spray"],"campfire_rested":1,"item_purchase_floors":[12,12],"current_hp_per_floor":[55,60,60,60,60,60,41,41,41,62,46,46,46,40,40,23,59,52,26,10,0],"gold":265,"neow_bonus":"BOSS_RELIC","is_prod":false,"is_daily":false,"chose_seed":false,"campfire_upgraded":3,"win_rate":0,"timestamp":1549017837,"path_taken":["M","?","M","?","M","R","E","R","T","R","E","$","M","E","R","BOSS","M","M","?","M"],"build_version":"2018-12-13","purchased_purges":0,"victory":false,"max_hp_per_floor":[66,71,71,71,71,71,71,71,71,71,71,71,71,71,71,71,71,71,71,71,71],"card_choices":[{"not_picked":["Bouncing Flask","Outmaneuver"],"picked":"Backflip","floor":1},{"not_picked":["Prepared","Backflip"],"picked":"Noxious Fumes","floor":3},{"not_picked":["Dodge and Roll","Outmaneuver"],"picked":"Footwork","floor":5},{"not_picked":["Escape Plan","Deflect"],"picked":"Flying Knee","floor":7},{"not_picked":["Sucker Punch","Flechettes"],"picked":"Envenom","floor":11},{"not_picked":["Deadly Poison","Sucker Punch"],"picked":"Bane","floor":13},{"not_picked":["Caltrops","Masterful Stab"],"picked":"Noxious Fumes","floor":14},{"not_picked":["Grand Finale","Night Terror"],"picked":"Glass Knife","floor":16},{"not_picked":["Setup","Cloak And Dagger"],"picked":"Bane","floor":18},{"not_picked":["PiercingWail","Deadly Poison"],"picked":"Footwork","floor":19},{"not_picked":["Prepared","Well Laid Plans"],"picked":"Predator","floor":20}],"player_experience":636551,"relics_obtained":[{"floor":7,"key":"Lantern"},{"floor":9,"key":"Kunai"},{"floor":11,"key":"Dead Branch"},{"floor":14,"key":"Smiling Mask"}],"event_choices":[{"damage_healed":0,"gold_gain":0,"player_choice":"Donut","damage_taken":0,"max_hp_gain":5,"max_hp_loss":0,"event_name":"Big Fish","floor":2,"gold_loss":0},{"cards_removed":["Strike_G"],"damage_healed":0,"gold_gain":0,"player_choice":"Offered Basic","damage_taken":0,"max_hp_gain":0,"max_hp_loss":0,"event_name":"Bonfire Elementals","floor":4,"gold_loss":0}],"is_beta":false,"boss_relics":[{"not_picked":["Runic Dome","Coffee Dripper"],"picked":"Sozu"}],"items_purged_floors":[],"is_endless":false,"potions_floor_spawned":[1,11,13,14,20],"killed_by":"Snecko","ascension_level":16}