{"gold_per_floor":[118,118,128,148,148,148,209,209,232,232,232,232,263,282,282,358,358,371,388,388],"floor_reached":20,"playtime":975,"items_purged":[],"score":394,"play_id":"87dcbdbb-8315-4ab7-9114-df602761ae17","local_time":"20180911202937","is_ascension_mode":true,"campfire_choices":[{"floor":6,"key":"REST"},{"floor":8,"key":"REST"},{"data":"Static Discharge","floor":10,"key":"SMITH"},{"floor":12,"key":"REST"},{"floor":15,"key":"DIG"}],"neow_cost":"TEN_PERCENT_HP_LOSS","seed_source_timestamp":4071196857910,"circlet_count":0,"master_deck":["Strike_B+1","Strike_B","Strike_B","Defend_B","Defend_B+1","Defend_B","Defend_B","Zap","Dualcast","AscendersBane","Loop+1","Ball Lightning","Rip and Tear","Static Discharge+1","Conserve Battery","Sweeping Beam","Thunder Strike","Go for the Eyes","Stack"],"relics":["Cracked Core","Turnip","Tiny Chest","Oddly Smooth Stone","Shovel","Mercury Hourglass","Sozu"],"potions_floor_usage":[7,7],"damage_taken":[{"damage":6,"enemies":"2 Louse","floor":1,"turns":3},{"damage":4,"enemies":"Jaw Worm","floor":3,"turns":3},{"damage":8,"enemies":"Small Slimes","floor":4,"turns":2},{"damage":27,"enemies":"3 Sentries","floor":7,"turns":4},{"damage":16,"enemies":"Gremlin Nob","floor":13,"turns":3},{"damage":21,"enemies":"Exordium Wildlife","floor":14,"turns":3},{"damage":0,"enemies":"Slime Boss","floor":16,"turns":8},{"damage":13,"enemies":"Shell Parasite","floor":18,"turns":4},{"damage":6,"enemies":"Chosen","floor":19,"turns":3},{"damage":38,"enemies":"Masked Bandits","floor":20,"turns":3}],"seed_played":"2627647475804571033","potions_obtained":[{"floor":1,"key":"Explosive Potion"},{"floor":3,"key":"Energy Potion"}],"is_trial":false,"path_per_floor":["M","?","M","M","?","R","E","R","T","R","?","R","E","M","R","B",null,"M","M"],"character_chosen":"DEFECT","items_purchased":[],"campfire_rested":3,"item_purchase_floors":[],"current_hp_per_floor":[58,58,54,46,33,52,25,44,44,44,37,56,40,19,19,19,53,40,34,0],"gold":388,"neow_bonus":"ONE_RARE_RELIC","is_prod":false,"is_daily":false,"chose_seed":false,"campfire_upgraded":1,"win_rate":0,"timestamp":1536722977,"path_taken":["M","?","?","M","?","R","E","R","T","R","?","R","E","M","R","BOSS","M","M","?"],"build_version":"2018-09-06","purchased_purges":0,"victory":false,"max_hp_per_floor":[64,64,64,64,64,64,64,64,64,64,64,64,64,64,64,64,64,64,64,64],"card_choices":[{"not_picked":["Consume","Capacitor"],"picked":"Loop","floor":1},{"not_picked":["Turbo","Streamline"],"picked":"Ball Lightning","floor":3},{"not_picked":["Hologram","Coolheaded"],"picked":"Rip and Tear","floor":4},{"not_picked":["Stack","Capacitor"],"picked":"Static Discharge","floor":7},{"not_picked":["Rip and Tear","Coolheaded"],"picked":"Conserve Battery","floor":13},{"not_picked":["Compile Driver","BootSequence"],"picked":"Sweeping Beam","floor":14},{"not_picked":["Fission","Machine Learning"],"picked":"Thunder Strike","floor":16},{"not_picked":["Streamline","Cold Snap"],"picked":"Go for the Eyes","floor":18},{"not_picked":["Beam Cell","Redo"],"picked":"Stack","floor":19}],"player_experience":603225,"relics_obtained":[{"floor":7,"key":"Tiny Chest"},{"floor":9,"key":"Oddly Smooth Stone"},{"floor":13,"key":"Shovel"},{"floor":15,"key":"Mercury Hourglass"}],"event_choices":[{"event_name":"Living Wall","player_choice":"Grow","floor":2,"damage_taken":0},{"event_name":"Shining Light","player_choice":"Entered Light","floor":5,"damage_taken":0},{"event_name":"Golden Wing","player_choice":"Card Removal","floor":11,"damage_taken":0},{"event_name":"Masked Bandits","player_choice":"Fought Bandits","floor":20,"damage_taken":0}],"is_beta":false,"boss_relics":[{"not_picked":["Eternal Feather","Snecko Eye"],"picked":"Sozu"}],"items_purged_floors":[],"is_endless":false,"potions_floor_spawned":[1,3],"killed_by":"Masked Bandits","ascension_level":14}