{"gold_per_floor":[110,110,18,33,33,33,33,67,67,100,120,120,120,134,134,224,224,239,57,71,85,85,85,124,124],"floor_reached":25,"playtime":986,"items_purged":["Strike_B"],"score":389,"play_id":"0ee8f2aa-b7b8-42c0-bdc7-c50206ac1474","local_time":"20190817203724","is_ascension_mode":true,"campfire_choices":[{"data":"Loop","floor":6.0,"key":"SMITH"},{"data":"Zap","floor":12.0,"key":"SMITH"},{"data":"Go for the Eyes","floor":15.0,"key":"SMITH"},{"data":"Defragment","floor":23.0,"key":"SMITH"}],"neow_cost":"NONE","seed_source_timestamp":79908422167412,"circlet_count":0,"master_deck":["AscendersBane","Strike_B","Strike_B","Defend_B","Defend_B","Defend_B","Defend_B","Zap+1","Dualcast+1","Auto Shields","Melter","Ball Lightning","Loop+1","Cold Snap","Cold Snap","Ball Lightning","Darkness","Go for the Eyes+1","Core Surge","Coolheaded","Defragment+1","Leap","Gash+1"],"special_seed":0,"relics":["Cracked Core","Strawberry","Juzu Bracelet","Smiling Mask","Golden Idol","Velvet Choker","Omamori"],"potions_floor_usage":[25],"damage_taken":[{"damage":1.0,"enemies":"Small Slimes","floor":1.0,"turns":3.0},{"damage":0.0,"enemies":"Cultist","floor":4.0,"turns":3.0},{"damage":22.0,"enemies":"3 Sentries","floor":8.0,"turns":7.0},{"damage":10.0,"enemies":"Lagavulin","floor":10.0,"turns":6.0},{"damage":0.0,"enemies":"2 Louse","floor":11.0,"turns":2.0},{"damage":7.0,"enemies":"Looter","floor":14.0,"turns":3.0},{"damage":7.0,"enemies":"Hexaghost","floor":16.0,"turns":9.0},{"damage":8.0,"enemies":"3 Byrds","floor":18.0,"turns":5.0},{"damage":4.0,"enemies":"Shell Parasite","floor":20.0,"turns":4.0},{"damage":6.0,"enemies":"Sentry and Sphere","floor":21.0,"turns":4.0},{"damage":36.0,"enemies":"Book of Stabbing","floor":24.0,"turns":5.0},{"damage":20,"enemies":"Chosen and Byrds","floor":25,"turns":4}],"seed_played":"-5310234531079546117","potions_obtained":[{"floor":1.0,"key":"EssenceOfSteel"},{"floor":11.0,"key":"FearPotion"},{"floor":24.0,"key":"Poison Potion"}],"is_trial":false,"path_per_floor":["M","?","$","M","?","R","?","E","T","E","M","R","?","M","R","B",null,"M","$","M","M","?","R","E","M"],"character_chosen":"DEFECT","items_purchased":["Ball Lightning","Loop","Defragment","Leap"],"campfire_rested":0,"item_purchase_floors":[3,3,19,19],"current_hp_per_floor":[63,63,63,63,56,56,56,41,41,31,31,31,31,24,24,17,58,50,50,46,40,40,40,4,0],"gold":124,"neow_bonus":"THREE_CARDS","is_prod":false,"is_daily":false,"chose_seed":false,"campfire_upgraded":4,"win_rate":0,"timestamp":1566092244,"path_taken":["M","?","?","M","?","R","?","E","T","E","M","R","?","M","R","BOSS","M","$","M","M","?","R","E","M"],"build_version":"2019-07-17","purchased_purges":1,"victory":false,"max_hp_per_floor":[71,71,71,71,71,71,71,78,78,78,78,78,72,72,72,72,72,72,72,72,72,72,72,72,72],"card_choices":[{"not_picked":["Hello World","Compile Driver"],"picked":"Auto Shields","floor":0.0},{"not_picked":["Steam Power","Compile Driver"],"picked":"Melter","floor":1.0},{"not_picked":["Rebound","Barrage"],"picked":"Cold Snap","floor":4.0},{"not_picked":["Streamline","Force Field"],"picked":"Cold Snap","floor":8.0},{"not_picked":["Echo Form","Rebound"],"picked":"Ball Lightning","floor":10.0},{"not_picked":["Consume","Redo"],"picked":"Darkness","floor":11.0},{"not_picked":["Reinforced Body","Stack"],"picked":"Go for the Eyes","floor":14.0},{"not_picked":["Rainbow","Multi-Cast"],"picked":"Core Surge","floor":16.0},{"not_picked":["Stack","Go for the Eyes"],"picked":"Coolheaded","floor":18.0},{"not_picked":["Darkness","Streamline","Turbo"],"picked":"SKIP","floor":20.0},{"not_picked":["Stack","Ball Lightning","Force Field"],"picked":"SKIP","floor":21.0},{"not_picked":["Conserve Battery","Blizzard"],"picked":"Gash+1","floor":24.0}],"player_experience":274351,"relics_obtained":[{"floor":8.0,"key":"Strawberry"},{"floor":9.0,"key":"Juzu Bracelet"},{"floor":10.0,"key":"Smiling Mask"},{"floor":24.0,"key":"Omamori"}],"event_choices":[{"damage_healed":0.0,"max_hp_gain":0.0,"max_hp_loss":0.0,"gold_gain":0.0,"event_name":"Accursed Blacksmith","player_choice":"Forge","floor":2.0,"gold_loss":0.0,"damage_taken":0.0,"cards_upgraded":["Dualcast"]},{"cards_removed":["Strike_B"],"damage_healed":0.0,"max_hp_gain":0.0,"max_hp_loss":0.0,"gold_gain":0.0,"event_name":"Golden Wing","player_choice":"Card Removal","floor":5.0,"gold_loss":0.0,"damage_taken":7.0},{"damage_healed":0.0,"max_hp_gain":0.0,"max_hp_loss":0.0,"gold_gain":0.0,"event_name":"Liars Game","player_choice":"Ignored","floor":7.0,"gold_loss":0.0,"damage_taken":0.0},{"damage_healed":0.0,"max_hp_gain":0.0,"max_hp_loss":6.0,"gold_gain":0.0,"event_name":"Golden Idol","player_choice":"Lose Max HP","floor":13.0,"gold_loss":0.0,"damage_taken":0.0,"relics_obtained":["Golden Idol"]},{"damage_healed":0.0,"max_hp_gain":0.0,"max_hp_loss":0.0,"gold_gain":0.0,"event_name":"The Mausoleum","player_choice":"Ignored","floor":22.0,"gold_loss":0.0,"damage_taken":0.0}],"is_beta":false,"boss_relics":[{"not_picked":["Runic Dome","Black Star"],"picked":"Velvet Choker"}],"items_purged_floors":[19],"is_endless":false,"potions_floor_spawned":[1,11,24],"killed_by":"Chosen and Byrds","ascension_level":14}