{"gold_per_floor":[109,129,143,159,124,139,139,71,124,124,153,2,2,37,37,132,132,143,143,143,157,36,36,0,18,18,47,47,47,247,264,264,366,366,383,396,97,108,58,58,93,93,116,0,12,29,29,41,41,41],"floor_reached":51,"playtime":5132,"items_purged":["Strike_R","Defend_R"],"score":705,"play_id":"8b39a23a-3656-4e1c-8e17-fd0c2d2807e5","local_time":"20190816051301","is_ascension_mode":false,"campfire_choices":[{"data":"Seeing Red","floor":10,"key":"SMITH"},{"data":"Pommel Strike","floor":13,"key":"SMITH"},{"data":"Perfected Strike","floor":15,"key":"SMITH"},{"floor":23,"key":"REST"},{"floor":28,"key":"REST"},{"data":"Limit Break","floor":32,"key":"SMITH"},{"floor":40,"key":"REST"},{"floor":47,"key":"REST"},{"floor":49,"key":"REST"}],"neow_cost":"PERCENT_DAMAGE","seed_source_timestamp":174415874199900,"circlet_count":0,"master_deck":["Strike_R","Strike_R","Strike_R+1","Strike_R","Defend_R","Defend_R","Defend_R","Bash","Impervious","Perfected Strike+1","Spot Weakness","Pommel Strike+1","Seeing Red+1","Headbutt","Heavy Blade+1","Reaper","Limit Break+1","Headbutt","Ghostly Armor","Armaments","Iron Wave","Seeing Red+1","Armaments+1","Offering+1","Armaments+1","Warcry+1","Warcry+1","Parasite","Flame Barrier+1","Perfected Strike+1","Infernal Blade+1"],"relics":["Burning Blood","Regal Pillow","Pear","Vajra","Lantern","Mark of Pain","Enchiridion","Juzu Bracelet","Toxic Egg 2","Velvet Choker","Toolbox","Bag of Preparation","Whetstone","Red Mask"],"potions_floor_usage":[25,27,27,33,41,45,50,50,50],"damage_taken":[{"damage":15,"enemies":"Cultist","floor":1,"turns":6},{"damage":0,"enemies":"Small Slimes","floor":2,"turns":5},{"damage":0,"enemies":"2 Louse","floor":3,"turns":3},{"damage":7,"enemies":"Exordium Wildlife","floor":4,"turns":3},{"damage":7,"enemies":"Blue Slaver","floor":6,"turns":3},{"damage":9,"enemies":"Gremlin Nob","floor":11,"turns":4},{"damage":17,"enemies":"3 Sentries","floor":14,"turns":6},{"damage":11,"enemies":"Slime Boss","floor":16,"turns":8},{"damage":5,"enemies":"2 Thieves","floor":18,"turns":3},{"damage":17,"enemies":"Shell Parasite","floor":21,"turns":4},{"damage":21,"enemies":"Snake Plant","floor":25,"turns":3},{"damage":44,"enemies":"Book of Stabbing","floor":27,"turns":6},{"damage":17,"enemies":"Sentry and Sphere","floor":31,"turns":5},{"damage":61,"enemies":"Champ","floor":33,"turns":8},{"damage":55,"enemies":"3 Darklings","floor":35,"turns":7},{"damage":43,"enemies":"3 Shapes","floor":36,"turns":5},{"damage":11,"enemies":"Transient","floor":38,"turns":5},{"damage":18,"enemies":"Giant Head","floor":41,"turns":6},{"damage":52,"enemies":"Writhing Mass","floor":45,"turns":7},{"damage":17,"enemies":"Sphere and 2 Shapes","floor":46,"turns":5},{"damage":18,"enemies":"3 Darklings","floor":48,"turns":3},{"damage":105,"enemies":"Awakened One","floor":50,"turns":13}],"seed_played":"7035159650196580483","potions_obtained":[{"floor":2,"key":"EssenceOfSteel"},{"floor":4,"key":"BloodPotion"},{"floor":6,"key":"Poison Potion"},{"floor":14,"key":"FearPotion"},{"floor":31,"key":"SpeedPotion"},{"floor":35,"key":"SkillPotion"},{"floor":38,"key":"Poison Potion"},{"floor":41,"key":"FearPotion"},{"floor":46,"key":"AttackPotion"}],"is_trial":false,"path_per_floor":["M","M","M","M","?","M","?","$","T","R","E","$","R","E","R","B",null,"M","?","?","M","$","R","?","M","T","E","R","$","?","M","R","B",null,"M","M","$","M","$","R","E","?","T","?","M","M","R","M","R","B",null],"character_chosen":"IRONCLAD","items_purchased":["Reaper","Vajra","Armaments","Toolbox","SkillPotion"],"campfire_rested":5,"item_purchase_floors":[8,12,22,37,39],"current_hp_per_floor":[47,53,59,58,78,77,77,77,77,77,84,84,84,73,73,90,90,90,74,56,50,50,93,93,78,78,63,95,95,95,84,84,54,95,69,56,56,60,60,95,83,83,83,83,37,40,83,83,95,9],"gold":41,"neow_bonus":"THREE_RARE_CARDS","is_prod":false,"is_daily":false,"chose_seed":false,"campfire_upgraded":4,"win_rate":0.0,"timestamp":1565943181,"path_taken":["M","M","M","?","?","M","?","?","T","R","E","?","R","E","R","BOSS","M","?","?","M","$","R","?","M","T","E","R","$","?","M","R","BOSS","M","M","$","M","$","R","E","?","T","?","M","M","R","M","R","BOSS"],"build_version":"2019-07-17","purchased_purges":2,"victory":true,"max_hp_per_floor":[80,80,80,80,80,80,80,80,80,80,90,90,90,90,90,90,90,90,90,95,95,95,95,95,95,95,95,95,95,95,95,95,95,95,95,95,95,95,95,95,95,95,95,95,95,95,95,95,95,95],"card_choices":[{"not_picked":["Limit Break","Feed"],"picked":"Impervious","floor":0},{"not_picked":["Sword Boomerang","Pommel Strike"],"picked":"Perfected Strike","floor":1},{"not_picked":["Thunderclap","Ghostly Armor"],"picked":"Spot Weakness","floor":2},{"not_picked":["True Grit","Hemokinesis"],"picked":"Pommel Strike","floor":3},{"not_picked":["Pommel Strike","Cleave"],"picked":"Seeing Red","floor":4},{"not_picked":["Warcry","Reckless Charge"],"picked":"Flex","floor":6},{"not_picked":["Cleave","Ghostly Armor"],"picked":"Heavy Blade","floor":11},{"not_picked":["Clothesline","Dual Wield"],"picked":"Reaper","floor":14},{"not_picked":["Impervious","Offering"],"picked":"Limit Break","floor":16},{"not_picked":["Entrench","Clash"],"picked":"Headbutt","floor":18},{"not_picked":["Cleave","Anger"],"picked":"Ghostly Armor","floor":21},{"not_picked":["Feel No Pain+1","Sword Boomerang+1"],"picked":"Iron Wave","floor":25},{"not_picked":["Rupture+1","Hemokinesis"],"picked":"Seeing Red","floor":27},{"not_picked":["Bloodletting+1","Disarm+1"],"picked":"Armaments+1","floor":31},{"not_picked":["Limit Break+1","Reaper"],"picked":"Offering+1","floor":33},{"not_picked":["Flex+1","Searing Blow"],"picked":"Armaments+1","floor":35},{"not_picked":["Sword Boomerang","Pommel Strike+1","Thunderclap"],"picked":"SKIP","floor":36},{"not_picked":["Sword Boomerang","Heavy Blade"],"picked":"Warcry+1","floor":38},{"not_picked":["Fiend Fire","Bloodletting+1"],"picked":"Warcry+1","floor":41},{"not_picked":["Clash","Headbutt"],"picked":"Flame Barrier+1","floor":45},{"not_picked":["Sword Boomerang+1","Bloodletting+1"],"picked":"Perfected Strike+1","floor":46},{"not_picked":["Headbutt+1","Clash"],"picked":"Infernal Blade+1","floor":48}],"player_experience":6765,"relics_obtained":[{"floor":9,"key":"Regal Pillow"},{"floor":11,"key":"Pear"},{"floor":14,"key":"Lantern"},{"floor":19,"key":"Enchiridion"},{"floor":26,"key":"Juzu Bracelet"},{"floor":27,"key":"Toxic Egg 2"},{"floor":41,"key":"Bag of Preparation"},{"floor":43,"key":"Whetstone"}],"event_choices":[{"damage_healed":20,"gold_gain":0,"player_choice":"Healed","damage_taken":0,"max_hp_gain":0,"max_hp_loss":0,"event_name":"The Cleric","floor":5,"gold_loss":35},{"damage_healed":0,"gold_gain":0,"cards_transformed":["Flex"],"player_choice":"Change","damage_taken":0,"max_hp_gain":0,"max_hp_loss":0,"event_name":"Living Wall","floor":7,"gold_loss":0,"cards_obtained":["Headbutt"]},{"damage_healed":0,"gold_gain":0,"player_choice":"Obtained Book","damage_taken":16,"max_hp_gain":0,"max_hp_loss":0,"event_name":"Cursed Tome","floor":19,"gold_loss":0},{"damage_healed":0,"gold_gain":0,"player_choice":"Shed Blood","damage_taken":23,"max_hp_gain":5,"max_hp_loss":0,"event_name":"Forgotten Altar","floor":20,"gold_loss":0},{"damage_healed":0,"gold_gain":0,"player_choice":"Paid Fearfully","damage_taken":0,"max_hp_gain":0,"max_hp_loss":0,"event_name":"Masked Bandits","floor":24,"gold_loss":36},{"damage_healed":0,"gold_gain":200,"player_choice":"Gold","damage_taken":0,"max_hp_gain":0,"max_hp_loss":0,"event_name":"Wheel of Change","floor":30,"gold_loss":0},{"cards_removed":["Reaper"],"damage_healed":0,"gold_gain":0,"player_choice":"Removed Attack","damage_taken":0,"max_hp_gain":0,"max_hp_loss":0,"event_name":"Falling","floor":42,"gold_loss":0},{"damage_healed":0,"gold_gain":0,"player_choice":"Paid","damage_taken":0,"relics_obtained":["Red Mask"],"max_hp_gain":0,"max_hp_loss":0,"event_name":"Tomb of Lord Red Mask","floor":44,"gold_loss":116}],"is_beta":false,"boss_relics":[{"not_picked":["Tiny House","Empty Cage"],"picked":"Mark of Pain"},{"not_picked":["Sozu","Runic Cube"],"picked":"Velvet Choker"}],"items_purged_floors":[22,37],"is_endless":false,"potions_floor_spawned":[2,4,6,14,31,35,38,41,46],"ascension_level":0}