{"gold_per_floor":[116,116,131,131,131,157,157,11,69,81,124,151,163,187,199,287,299,327,339,366,378,390,427,439,477,489,536,4,54,54,84,84,84],"floor_reached":33,"playtime":1514,"items_purged":[],"score":584,"play_id":"0d0996fe-fd86-4e5e-831e-343a0a389a4c","local_time":"20181031153734","is_ascension_mode":true,"campfire_choices":[{"data":"Spot Weakness","floor":7.0,"key":"SMITH"},{"floor":10.0,"key":"REST"},{"data":"Blood for Blood","floor":13.0,"key":"SMITH"},{"floor":15.0,"key":"REST"},{"floor":24.0,"key":"REST"},{"data":"Armaments","floor":30.0,"key":"SMITH"},{"floor":32.0,"key":"REST"}],"neow_cost":"PERCENT_DAMAGE","seed_source_timestamp":0,"circlet_count":0,"master_deck":["Strike_R","Strike_R","Strike_R+1","Strike_R","Strike_R","Defend_R","Defend_R","Defend_R","Defend_R+1","Bash","AscendersBane","Spot Weakness+1","Sword Boomerang","Blood for Blood+1","Cleave","Clothesline","Disarm","Feed","Heavy Blade+1","Wild Strike","Whirlwind","Uppercut","Hemokinesis","Impervious","HandOfGreed","Armaments+1","Shrug It Off","Rage"],"special_seed":0,"relics":["Black Blood","Peace Pipe","PreservedInsect","Bird Faced Urn","MawBank","Bronze Scales","Smiling Mask","MutagenicStrength","Omamori","Regal Pillow","Bag of Preparation","Centennial Puzzle","Torii","Lantern"],"potions_floor_usage":[33],"damage_taken":[{"damage":8.0,"enemies":"Jaw Worm","floor":1.0,"turns":5.0},{"damage":1.0,"enemies":"2 Louse","floor":3.0,"turns":3.0},{"damage":12.0,"enemies":"3 Sentries","floor":6.0,"turns":4.0},{"damage":28.0,"enemies":"Gremlin Nob","floor":11.0,"turns":4.0},{"damage":0.0,"enemies":"Small Slimes","floor":12.0,"turns":3.0},{"damage":10.0,"enemies":"3 Louse","floor":14.0,"turns":3.0},{"damage":44.0,"enemies":"Hexaghost","floor":16.0,"turns":9.0},{"damage":22.0,"enemies":"Spheric Guardian","floor":18.0,"turns":4.0},{"damage":18.0,"enemies":"3 Byrds","floor":20.0,"turns":3.0},{"damage":41.0,"enemies":"Book of Stabbing","floor":23.0,"turns":5.0},{"damage":0.0,"enemies":"Gremlin Leader","floor":25.0,"turns":5.0},{"damage":36.0,"enemies":"Book of Stabbing","floor":27.0,"turns":4.0},{"damage":13.0,"enemies":"Gremlin Leader","floor":29.0,"turns":5.0},{"damage":13.0,"enemies":"Centurion and Healer","floor":31.0,"turns":4.0},{"damage":92,"enemies":"Collector","floor":33,"turns":8}],"seed_played":"8361101394713572451","potions_obtained":[{"floor":1.0,"key":"Regen Potion"},{"floor":3.0,"key":"Explosive Potion"},{"floor":14.0,"key":"SteroidPotion"},{"floor":18.0,"key":"Regen Potion"},{"floor":27.0,"key":"Strength Potion"},{"floor":29.0,"key":"SteroidPotion"}],"is_trial":false,"path_per_floor":["M","?","M","?","?","E","R","$","T","R","E","M","R","M","R","B",null,"M","?","M","?","$","E","R","E","T","E","$","E","R","M","R"],"character_chosen":"IRONCLAD","items_purchased":["MawBank","HandOfGreed","Torii","Armaments"],"campfire_rested":4,"item_purchase_floors":[8,28,28,28],"current_hp_per_floor":[49,33,38,43,31,25,25,25,25,50,28,34,34,30,55,32,72,60,60,52,52,52,21,46,70,70,44,44,41,41,38,78,0],"gold":84,"neow_bonus":"ONE_RARE_RELIC","is_prod":false,"is_daily":false,"chose_seed":false,"campfire_upgraded":3,"win_rate":0,"timestamp":1541025454,"path_taken":["M","?","M","?","?","E","R","$","T","R","E","M","R","M","R","BOSS","M","?","M","?","?","E","R","E","T","E","?","E","R","M","R","BOSS"],"build_version":"2018-10-25v2","purchased_purges":0,"victory":false,"max_hp_per_floor":[80,80,80,85,85,85,85,85,85,85,85,85,85,85,85,85,85,85,85,85,85,85,85,85,85,85,85,85,85,85,85,85,85],"card_choices":[{"not_picked":["Heavy Blade","Power Through"],"picked":"Spot Weakness","floor":1.0},{"not_picked":["Metallicize","Armaments"],"picked":"Sword Boomerang","floor":3.0},{"not_picked":["Clothesline","Body Slam"],"picked":"Blood for Blood","floor":6.0},{"not_picked":["Iron Wave","Thunderclap"],"picked":"Cleave","floor":11.0},{"not_picked":["Iron Wave","Pommel Strike"],"picked":"Clothesline","floor":12.0},{"not_picked":["Clothesline","Perfected Strike"],"picked":"Disarm","floor":14.0},{"not_picked":["Immolate","Double Tap"],"picked":"Feed","floor":16.0},{"not_picked":["Clash","Shrug It Off"],"picked":"Heavy Blade+1","floor":18.0},{"not_picked":["Evolve","Anger"],"picked":"Wild Strike","floor":20.0},{"not_picked":["Clothesline","Sentinel"],"picked":"Uppercut","floor":23.0},{"not_picked":["Rupture","True Grit"],"picked":"Hemokinesis","floor":25.0},{"not_picked":["Clothesline","Sentinel"],"picked":"Impervious","floor":27.0},{"not_picked":["Headbutt","Body Slam"],"picked":"Shrug It Off","floor":29.0},{"not_picked":["Whirlwind","Warcry"],"picked":"Rage","floor":31.0}],"player_experience":621134,"relics_obtained":[{"floor":6.0,"key":"Bird Faced Urn"},{"floor":9.0,"key":"Bronze Scales"},{"floor":11.0,"key":"Smiling Mask"},{"floor":23.0,"key":"Omamori"},{"floor":25.0,"key":"Regal Pillow"},{"floor":26.0,"key":"Bag of Preparation"},{"floor":27.0,"key":"Centennial Puzzle"},{"floor":29.0,"key":"Lantern"}],"event_choices":[{"damage_healed":0.0,"max_hp_gain":0.0,"max_hp_loss":0.0,"gold_gain":0.0,"event_name":"Shining Light","player_choice":"Entered Light","floor":2.0,"gold_loss":0.0,"damage_taken":16.0,"cards_upgraded":["Defend_R","Strike_R"]},{"damage_healed":0.0,"max_hp_gain":5.0,"max_hp_loss":0.0,"gold_gain":0.0,"event_name":"Big Fish","player_choice":"Donut","floor":4.0,"gold_loss":0.0,"damage_taken":0.0},{"damage_healed":0.0,"max_hp_gain":0.0,"max_hp_loss":0.0,"gold_gain":0.0,"event_name":"Scrap Ooze","player_choice":"Success","floor":5.0,"gold_loss":0.0,"damage_taken":12.0,"relics_obtained":["PreservedInsect"]},{"damage_healed":0.0,"max_hp_gain":0.0,"max_hp_loss":0.0,"gold_gain":0.0,"event_name":"Drug Dealer","player_choice":"Inject Mutagens","floor":19.0,"gold_loss":0.0,"damage_taken":0.0,"relics_obtained":["MutagenicStrength"]},{"damage_healed":0.0,"max_hp_gain":0.0,"max_hp_loss":0.0,"gold_gain":0.0,"event_name":"The Library","player_choice":"Read","floor":21.0,"gold_loss":0.0,"damage_taken":0.0,"cards_obtained":["Whirlwind"]}],"is_beta":false,"boss_relics":[{"not_picked":["Snecko Eye","Velvet Choker"],"picked":"Black Blood"}],"items_purged_floors":[],"is_endless":false,"potions_floor_spawned":[1,3,14,18,27,29],"killed_by":"Collector","ascension_level":13}