{"gold_per_floor":[119,136,136,149,166,198,24,24,51,62,62,162,194,209,209,313,313,333,352,364,194,194,223,223,253,253,253],"floor_reached":27,"playtime":1263,"items_purged":["Strike_B","Strike_B"],"score":316,"play_id":"13de1928-70ab-4835-9cde-4c40f86954e2","local_time":"20190728180210","is_ascension_mode":true,"campfire_choices":[{"floor":8.0,"key":"REST"},{"data":"Defragment","floor":15.0,"key":"SMITH"},{"data":"Defragment","floor":24.0,"key":"SMITH"}],"neow_cost":"NONE","seed_source_timestamp":1303028462819646,"circlet_count":0,"master_deck":["Strike_B","Defend_B","Defend_B","Defend_B","Defend_B","Zap","Dualcast","Chill","Capacitor","Hologram","Core Surge","Cold Snap","Defragment+1","Gash","Biased Cognition","Defragment+1","Ball Lightning+1","Chill","Defragment","Cold Snap+1","Gash+1"],"special_seed":0,"relics":["Cracked Core","NeowsBlessing","Pen Nib","PreservedInsect","Boot","Nuclear Battery","Molten Egg 2","Lantern","Mummified Hand"],"potions_floor_usage":[27],"damage_taken":[{"damage":0.0,"enemies":"Jaw Worm","floor":1.0,"turns":1.0},{"damage":0.0,"enemies":"Small Slimes","floor":2.0,"turns":1.0},{"damage":0.0,"enemies":"2 Louse","floor":4.0,"turns":1.0},{"damage":16.0,"enemies":"Lots of Slimes","floor":5.0,"turns":4.0},{"damage":46.0,"enemies":"Gremlin Nob","floor":6.0,"turns":5.0},{"damage":11.0,"enemies":"Exordium Wildlife","floor":10.0,"turns":5.0},{"damage":2.0,"enemies":"3 Sentries","floor":13.0,"turns":7.0},{"damage":0.0,"enemies":"Large Slime","floor":14.0,"turns":5.0},{"damage":3.0,"enemies":"The Guardian","floor":16.0,"turns":12.0},{"damage":6.0,"enemies":"Shell Parasite","floor":18.0,"turns":8.0},{"damage":7.0,"enemies":"Chosen","floor":19.0,"turns":5.0},{"damage":0.0,"enemies":"Sentry and Sphere","floor":20.0,"turns":4.0},{"damage":4.0,"enemies":"Gremlin Leader","floor":23.0,"turns":8.0},{"damage":22.0,"enemies":"Slavers","floor":25.0,"turns":5.0},{"damage":43,"enemies":"Book of Stabbing","floor":27,"turns":3}],"seed_played":"-4112191058429503476","potions_obtained":[{"floor":2.0,"key":"PowerPotion"},{"floor":5.0,"key":"Ancient Potion"},{"floor":6.0,"key":"Swift Potion"},{"floor":13.0,"key":"EntropicBrew"},{"floor":18.0,"key":"PowerPotion"},{"floor":20.0,"key":"GamblersBrew"}],"is_trial":false,"path_per_floor":["M","M","?","M","M","E","$","R","T","M","?","?","E","M","R","B",null,"M","M","M","$","?","E","R","E","T","E"],"character_chosen":"DEFECT","items_purchased":["Cold Snap","Explosive Potion","Defragment"],"campfire_rested":1,"item_purchase_floors":[7,7,21],"current_hp_per_floor":[75,75,75,75,59,13,13,35,35,24,49,49,47,47,47,44,75,69,62,62,62,62,58,58,36,36,0],"gold":253,"neow_bonus":"THREE_ENEMY_KILL","is_prod":false,"is_daily":false,"chose_seed":false,"campfire_upgraded":2,"win_rate":0,"timestamp":1564354930,"path_taken":["M","M","?","M","M","E","$","R","T","M","?","?","E","M","R","BOSS","M","M","?","$","?","E","R","E","T","E"],"build_version":"2019-07-17","purchased_purges":2,"victory":false,"max_hp_per_floor":[75,75,75,75,75,75,75,75,75,75,75,75,75,75,75,75,75,75,75,75,75,75,75,75,75,75,75],"card_choices":[{"not_picked":["Compile Driver","Sunder"],"picked":"Chill","floor":1.0},{"not_picked":["Compile Driver","Steam","Sweeping Beam"],"picked":"SKIP","floor":2.0},{"not_picked":["Streamline","Gash"],"picked":"Capacitor","floor":4.0},{"not_picked":["Sweeping Beam","Heatsinks"],"picked":"Hologram","floor":5.0},{"not_picked":["Conserve Battery","Go for the Eyes"],"picked":"Core Surge","floor":6.0},{"not_picked":["Rebound","Stack"],"picked":"Defragment","floor":10.0},{"not_picked":["Thunder Strike","Sweeping Beam"],"picked":"Gash","floor":13.0},{"not_picked":["Streamline","Barrage","Cold Snap"],"picked":"SKIP","floor":14.0},{"not_picked":["Machine Learning","Seek"],"picked":"Biased Cognition","floor":16.0},{"not_picked":["Rebound","Steam"],"picked":"Defragment","floor":18.0},{"not_picked":["Hologram","Beam Cell"],"picked":"Ball Lightning+1","floor":19.0},{"not_picked":["Storm","Amplify"],"picked":"Chill","floor":20.0},{"not_picked":["Darkness+1","Static Discharge"],"picked":"Cold Snap+1","floor":23.0},{"not_picked":["Hello World","Consume+1"],"picked":"Gash+1","floor":25.0}],"player_experience":231011,"relics_obtained":[{"floor":6.0,"key":"Pen Nib"},{"floor":9.0,"key":"PreservedInsect"},{"floor":13.0,"key":"Boot"},{"floor":23.0,"key":"Molten Egg 2"},{"floor":25.0,"key":"Lantern"},{"floor":26.0,"key":"Mummified Hand"}],"event_choices":[{"cards_removed":["Strike_B"],"damage_healed":0.0,"max_hp_gain":0.0,"max_hp_loss":0.0,"gold_gain":0.0,"event_name":"Living Wall","player_choice":"Forget","floor":3.0,"gold_loss":0.0,"damage_taken":0.0},{"damage_healed":25.0,"max_hp_gain":0.0,"max_hp_loss":0.0,"gold_gain":0.0,"event_name":"Big Fish","player_choice":"Banana","floor":11.0,"gold_loss":0.0,"damage_taken":0.0},{"damage_healed":0.0,"max_hp_gain":0.0,"max_hp_loss":0.0,"gold_gain":100.0,"event_name":"Golden Shrine","player_choice":"Pray","floor":12.0,"gold_loss":0.0,"damage_taken":0.0},{"damage_healed":0.0,"max_hp_gain":0.0,"max_hp_loss":0.0,"gold_gain":0.0,"event_name":"The Mausoleum","player_choice":"Ignored","floor":22.0,"gold_loss":0.0,"damage_taken":0.0}],"is_beta":false,"boss_relics":[{"not_picked":["Orrery","Eternal Feather"],"picked":"Nuclear Battery"}],"items_purged_floors":[7,21],"is_endless":false,"potions_floor_spawned":[2,5,6,13,18,20,23],"killed_by":"Book of Stabbing","ascension_level":4}