{"gold_per_floor":[13,13,13,28,46,77,100,100,100,120,120,120,120,159,159,288,288,312,312,437,437,53,53],"floor_reached":23,"playtime":1472,"items_purged":["Pain"],"score":340,"play_id":"2d110c47-6b42-42b1-b67b-f388acde8b6f","local_time":"20181030220817","is_ascension_mode":true,"campfire_choices":[{"floor":8.0,"key":"REST"},{"floor":12.0,"key":"REST"},{"data":"Disarm","floor":15.0,"key":"SMITH"}],"neow_cost":"NO_GOLD","seed_source_timestamp":0,"circlet_count":0,"master_deck":["Strike_R","Strike_R","Strike_R","Strike_R","Defend_R","Defend_R","Defend_R","Defend_R","Bash","AscendersBane","Heavy Blade","Inflame","Armaments","Body Slam","Heavy Blade","Disarm+1","Disarm","Dark Embrace+1","Shrug It Off","Sword Boomerang","Spot Weakness","Juggernaut+1","Clothesline"],"special_seed":0,"relics":["Burning Blood","Golden Idol","WarpedTongs","Matryoshka","Anchor","Question Card","Bottled Lightning","Frozen Egg 2","PreservedInsect","Black Star","Shovel","Letter Opener","Vajra"],"potions_floor_usage":[23,23],"damage_taken":[{"damage":7.0,"enemies":"2 Louse","floor":1.0,"turns":3.0},{"damage":2.0,"enemies":"Small Slimes","floor":4.0,"turns":3.0},{"damage":4.0,"enemies":"Jaw Worm","floor":5.0,"turns":3.0},{"damage":39.0,"enemies":"Gremlin Nob","floor":6.0,"turns":5.0},{"damage":30.0,"enemies":"Large Slime","floor":7.0,"turns":6.0},{"damage":12.0,"enemies":"Lots of Slimes","floor":10.0,"turns":4.0},{"damage":4.0,"enemies":"Lagavulin","floor":14.0,"turns":5.0},{"damage":16.0,"enemies":"Hexaghost","floor":16.0,"turns":10.0},{"damage":20.0,"enemies":"Chosen","floor":18.0,"turns":6.0},{"damage":26.0,"enemies":"Colosseum Slavers","floor":20.0,"turns":7.0},{"damage":50.0,"enemies":"Colosseum Nobs","floor":20.0,"turns":6.0},{"damage":14,"enemies":"Gremlin Leader","floor":23,"turns":4}],"seed_played":"-941330733788111229","potions_obtained":[{"floor":4.0,"key":"Block Potion"},{"floor":7.0,"key":"Fire Potion"},{"floor":13.0,"key":"PowerPotion"},{"floor":13.0,"key":"Regen Potion"},{"floor":16.0,"key":"Swift Potion"},{"floor":18.0,"key":"Poison Potion"}],"is_trial":false,"path_per_floor":["M","?","?","M","M","E","M","R","T","M","T","R","?","E","R","B",null,"M","?","?","?","$"],"character_chosen":"IRONCLAD","items_purchased":["Vajra","Dexterity Potion","SkillPotion","Clothesline"],"campfire_rested":2,"item_purchase_floors":[22,22,22,22],"current_hp_per_floor":[87,63,63,67,69,36,12,40,40,34,34,62,62,78,78,68,89,75,75,11,11,11,0],"gold":53,"neow_bonus":"TWENTY_PERCENT_HP_BONUS","is_prod":false,"is_daily":false,"chose_seed":false,"campfire_upgraded":1,"win_rate":0,"timestamp":1540962497,"path_taken":["M","?","?","M","M","E","M","R","T","M","?","R","?","E","R","BOSS","M","?","?","?","$","E"],"build_version":"2018-10-25v2","purchased_purges":1,"victory":false,"max_hp_per_floor":[96,96,96,96,96,96,96,96,96,96,96,96,96,96,96,96,96,96,96,96,96,96,96],"card_choices":[{"not_picked":["Clothesline","Warcry"],"picked":"Heavy Blade","floor":1.0},{"not_picked":["Clash","Heavy Blade"],"picked":"Inflame","floor":4.0},{"not_picked":["Clothesline","Cleave"],"picked":"Armaments","floor":5.0},{"not_picked":["Anger","Evolve"],"picked":"Body Slam","floor":6.0},{"not_picked":["Body Slam","Clash"],"picked":"Heavy Blade","floor":7.0},{"not_picked":["Feel No Pain","Iron Wave","Heavy Blade"],"picked":"Disarm","floor":10.0},{"not_picked":["Headbutt","Warcry","True Grit"],"picked":"Disarm","floor":14.0},{"not_picked":["Berserk+1","Fiend Fire","Immolate"],"picked":"Dark Embrace+1","floor":16.0},{"not_picked":["Burning Pact","Combust+1","Pommel Strike"],"picked":"Shrug It Off","floor":18.0},{"not_picked":["Wild Strike","Burning Pact","Reckless Charge"],"picked":"Spot Weakness","floor":20.0}],"player_experience":613801,"relics_obtained":[{"floor":6.0,"key":"Matryoshka"},{"floor":9.0,"key":"Anchor"},{"floor":9.0,"key":"Question Card"},{"floor":11.0,"key":"Bottled Lightning"},{"floor":11.0,"key":"Frozen Egg 2"},{"floor":14.0,"key":"PreservedInsect"},{"floor":20.0,"key":"Shovel"},{"floor":20.0,"key":"Letter Opener"}],"event_choices":[{"damage_healed":0.0,"max_hp_gain":0.0,"max_hp_loss":0.0,"gold_gain":0.0,"event_name":"Golden Idol","player_choice":"Take Damage","floor":2.0,"gold_loss":0.0,"damage_taken":24.0,"relics_obtained":["Golden Idol"]},{"damage_healed":0.0,"max_hp_gain":0.0,"max_hp_loss":0.0,"gold_gain":0.0,"event_name":"Accursed Blacksmith","player_choice":"Rummage","floor":3.0,"gold_loss":0.0,"damage_taken":0.0,"relics_obtained":["WarpedTongs"],"cards_obtained":["Pain"]},{"damage_healed":0.0,"max_hp_gain":0.0,"max_hp_loss":0.0,"gold_gain":0.0,"event_name":"The Lab","player_choice":"Got Potions","floor":13.0,"gold_loss":0.0,"damage_taken":0.0},{"damage_healed":0.0,"max_hp_gain":0.0,"max_hp_loss":0.0,"gold_gain":0.0,"event_name":"The Library","player_choice":"Read","floor":19.0,"gold_loss":0.0,"damage_taken":0.0,"cards_obtained":["Sword Boomerang"]},{"damage_healed":0.0,"max_hp_gain":0.0,"max_hp_loss":0.0,"gold_gain":0.0,"event_name":"Colosseum","player_choice":"Fight","floor":20.0,"gold_loss":0.0,"damage_taken":0.0},{"damage_healed":0.0,"max_hp_gain":0.0,"max_hp_loss":0.0,"gold_gain":0.0,"event_name":"Colosseum","player_choice":"Fought Nobs","floor":20.0,"gold_loss":0.0,"damage_taken":0.0},{"damage_healed":0.0,"max_hp_gain":0.0,"max_hp_loss":0.0,"gold_gain":0.0,"cards_transformed":["Strike_R"],"event_name":"Transmorgrifier","player_choice":"Transformed","floor":21.0,"gold_loss":0.0,"damage_taken":0.0,"cards_obtained":["Juggernaut"]}],"is_beta":false,"boss_relics":[{"not_picked":["Sozu","White Beast Statue"],"picked":"Black Star"}],"items_purged_floors":[22],"is_endless":false,"potions_floor_spawned":[4,7,16,18],"killed_by":"Gremlin Leader","ascension_level":12}