{"gold_per_floor":[115,115,290,305,191,225,225,244,322,322,337,361,374,237,237,361,361,377,391,351,351,362,362,387,387,387,398,398,398,416,341,341,440,440,457,473,473],"floor_reached":37,"playtime":4602,"items_purged":["Doubt","Combust"],"score":391,"play_id":"99b3e583-5cdc-4a6c-be90-26eaaa5d1c5a","local_time":"20190817034120","is_ascension_mode":false,"campfire_choices":[{"floor":7,"key":"REST"},{"data":"Corruption","floor":15,"key":"SMITH"},{"floor":23,"key":"REST"},{"floor":25,"key":"REST"},{"data":"Ghostly Armor","floor":29,"key":"SMITH"},{"data":"Power Through","floor":32,"key":"SMITH"}],"neow_cost":"NONE","seed_source_timestamp":0,"circlet_count":0,"master_deck":["Strike_R","Strike_R","Strike_R","Strike_R","Strike_R","Defend_R","Defend_R","Defend_R","Defend_R","Bash","Metallicize","Rampage","Blood for Blood","Power Through+1","Ghostly Armor+1","Burning Pact","Corruption+1","Reaper","Warcry+1","Spot Weakness","Rampage","Pommel Strike","Warcry+1","Thunderclap","Bloodletting","Reaper","Armaments","Armaments+1"],"special_seed":0,"relics":["Burning Blood","Blood Vial","Ornamental Fan","Bloody Idol","Velvet Choker","Paper Frog","Champion Belt","MutagenicStrength","Black Star"],"potions_floor_usage":[16,16,16,19,24,27,33],"damage_taken":[{"damage":14.0,"enemies":"Small Slimes","floor":1.0,"turns":5.0},{"damage":2.0,"enemies":"Jaw Worm","floor":4.0,"turns":6.0},{"damage":41.0,"enemies":"Lagavulin","floor":6.0,"turns":7.0},{"damage":1,"enemies":"2 Louse","floor":8,"turns":4},{"damage":17,"enemies":"Exordium Thugs","floor":11,"turns":4},{"damage":0,"enemies":"Blue Slaver","floor":12,"turns":6},{"damage":17,"enemies":"Gremlin Gang","floor":13,"turns":4},{"damage":47,"enemies":"Hexaghost","floor":16,"turns":11},{"damage":21,"enemies":"3 Byrds","floor":18,"turns":8},{"damage":23,"enemies":"Shell Parasite","floor":19,"turns":6},{"damage":31,"enemies":"Sentry and Sphere","floor":22,"turns":9},{"damage":75,"enemies":"Slavers","floor":24,"turns":9},{"damage":6,"enemies":"Centurion and Healer","floor":27,"turns":8},{"damage":13,"enemies":"Snake Plant","floor":30,"turns":6},{"damage":58,"enemies":"Champ","floor":33,"turns":13},{"damage":29,"enemies":"3 Shapes","floor":35,"turns":6},{"damage":37,"enemies":"3 Darklings","floor":36,"turns":6},{"damage":104,"enemies":"4 Shapes","floor":37,"turns":9}],"seed_played":"-2517599074749164712","potions_obtained":[{"floor":0.0,"key":"Ancient Potion"},{"floor":0.0,"key":"SkillPotion"},{"floor":0.0,"key":"GamblersBrew"},{"floor":12,"key":"PowerPotion"},{"floor":13,"key":"EssenceOfSteel"},{"floor":16,"key":"FearPotion"},{"floor":18,"key":"Weak Potion"},{"floor":22,"key":"SteroidPotion"},{"floor":24,"key":"Block Potion"}],"is_trial":false,"path_per_floor":["M","?","?","M","$","E","R","M","T","?","M","M","M","$","R","B",null,"M","M","$","?","M","R","E","R","T","M","?","R","M","?","R","B",null,"M","M","M"],"character_chosen":"IRONCLAD","items_purchased":["Rampage","Corruption","Rampage"],"campfire_rested":3,"item_purchase_floors":[5,14,20],"current_hp_per_floor":[72,72,72,76,76,41,65,72,72,72,63,71,62,62,62,23,80,72,57,57,57,39,63,22,46,46,71,71,71,71,71,71,26,80,77,77,0],"gold":473,"neow_bonus":"THREE_SMALL_POTIONS","is_prod":false,"is_daily":false,"chose_seed":false,"campfire_upgraded":3,"win_rate":0.0,"timestamp":1566038480,"path_taken":["M","?","?","M","$","E","R","M","T","?","M","M","M","$","R","BOSS","M","M","$","?","M","R","E","R","T","M","?","R","M","?","R","BOSS","M","M","M"],"build_version":"2019-07-17","purchased_purges":2,"victory":false,"max_hp_per_floor":[80,80,80,80,80,80,80,80,80,80,80,80,80,80,80,80,80,80,80,80,80,80,80,80,80,80,80,80,80,80,80,80,80,80,80,80,80],"card_choices":[{"not_picked":["Heavy Blade","Flex"],"picked":"Metallicize","floor":1.0},{"not_picked":["Anger","Sever Soul"],"picked":"Combust","floor":4.0},{"not_picked":["Berserk","Sword Boomerang"],"picked":"Blood for Blood","floor":6.0},{"not_picked":["Headbutt","Thunderclap"],"picked":"Power Through","floor":8},{"not_picked":["True Grit","Searing Blow","Body Slam"],"picked":"SKIP","floor":11},{"not_picked":["Clothesline","Warcry"],"picked":"Ghostly Armor","floor":12},{"not_picked":["Flex","Perfected Strike"],"picked":"Burning Pact","floor":13},{"not_picked":["Feed","Barricade"],"picked":"Reaper","floor":16},{"not_picked":["Fire Breathing","Flex"],"picked":"Warcry+1","floor":18},{"not_picked":["Searing Blow","Flex+1"],"picked":"Spot Weakness","floor":19},{"not_picked":["Clash","Heavy Blade+1"],"picked":"Pommel Strike","floor":22},{"not_picked":["True Grit","Body Slam+1"],"picked":"Warcry+1","floor":24},{"not_picked":["Rage","Twin Strike"],"picked":"Thunderclap","floor":27},{"not_picked":["Clash","Body Slam"],"picked":"Bloodletting","floor":30},{"not_picked":["Offering","Berserk"],"picked":"Reaper","floor":33},{"not_picked":["Inflame+1","Warcry"],"picked":"Armaments","floor":35},{"not_picked":["Dual Wield","Clothesline+1"],"picked":"Armaments+1","floor":36}],"player_experience":37852,"relics_obtained":[{"floor":6.0,"key":"Blood Vial"},{"floor":9,"key":"Ornamental Fan"},{"floor":24,"key":"Paper Frog"},{"floor":26,"key":"Champion Belt"}],"event_choices":[{"damage_healed":0.0,"max_hp_gain":0.0,"max_hp_loss":0.0,"gold_gain":0.0,"event_name":"The Cleric","player_choice":"Leave","floor":2.0,"gold_loss":0.0,"damage_taken":0.0},{"damage_healed":0.0,"max_hp_gain":0.0,"max_hp_loss":0.0,"gold_gain":175.0,"event_name":"Liars Game","player_choice":"AGREE","floor":3.0,"gold_loss":0.0,"damage_taken":0.0,"cards_obtained":["Doubt"]},{"damage_healed":0,"gold_gain":0,"player_choice":"Take Wound","damage_taken":0,"relics_obtained":["Golden Idol"],"max_hp_gain":0,"max_hp_loss":0,"event_name":"Golden Idol","floor":10,"gold_loss":0,"cards_obtained":["Injury"]},{"damage_healed":0,"gold_gain":0,"player_choice":"Gave Idol","damage_taken":0,"relics_obtained":["Bloody Idol"],"max_hp_gain":0,"max_hp_loss":0,"event_name":"Forgotten Altar","floor":21,"relics_lost":["Golden Idol"],"gold_loss":0},{"damage_healed":0,"gold_gain":0,"player_choice":"Inject Mutagens","damage_taken":0,"relics_obtained":["MutagenicStrength"],"max_hp_gain":0,"max_hp_loss":0,"event_name":"Drug Dealer","floor":28,"gold_loss":0},{"cards_removed":["Injury"],"damage_healed":0,"gold_gain":0,"player_choice":"Gave Gold","damage_taken":0,"max_hp_gain":0,"max_hp_loss":0,"event_name":"Beggar","floor":31,"gold_loss":75}],"is_beta":false,"boss_relics":[{"not_picked":["Mark of Pain","Coffee Dripper"],"picked":"Velvet Choker"},{"not_picked":["Runic Dome","Cursed Key"],"picked":"Black Star"}],"items_purged_floors":[5,14],"is_endless":false,"potions_floor_spawned":[12,13,16,18,22,24],"killed_by":"4 Shapes","ascension_level":0}