{"gold_per_floor":[112,126,137,137,137,178,178,212,212,230,9,9,27,48,48,173,173,152,166,166,81,55,55,80,80,80,105,105,119,143,162,162,162],"floor_reached":33,"playtime":1907,"items_purged":["Strike_B"],"score":378,"play_id":"372bc616-6882-42c6-bc5f-84940889a63f","local_time":"20190809105053","is_ascension_mode":true,"campfire_choices":[{"data":"Zap","floor":7.0,"key":"SMITH"},{"data":"Strike_B","floor":12.0,"key":"PURGE"},{"data":"Lockon","floor":15.0,"key":"SMITH"},{"data":"Strike_B","floor":23.0,"key":"PURGE"},{"data":"Defend_B","floor":25.0,"key":"PURGE"},{"data":"Auto Shields","floor":32.0,"key":"SMITH"}],"neow_cost":"NONE","seed_source_timestamp":0,"circlet_count":0,"master_deck":["Strike_B+1","Defend_B","Zap+1","Dualcast","Melter","Ball Lightning","Cold Snap+1","Rebound","Undo","Go for the Eyes","Self Repair","Lockon+1","Chill","Core Surge","Leap","Ball Lightning","Hologram+1","Genetic Algorithm+1","Gash","Thunder Strike","Capacitor+1","Auto Shields+1"],"special_seed":0,"relics":["Cracked Core","Strawberry","Golden Idol","Sundial","Thread and Needle","Peace Pipe","Snecko Eye","Boot","Gremlin Horn"],"potions_floor_usage":[33,33],"damage_taken":[{"damage":8.0,"enemies":"Jaw Worm","floor":1.0,"turns":4.0},{"damage":0.0,"enemies":"Small Slimes","floor":2.0,"turns":3.0},{"damage":5.0,"enemies":"2 Louse","floor":3.0,"turns":2.0},{"damage":14.0,"enemies":"3 Sentries","floor":6.0,"turns":6.0},{"damage":21.0,"enemies":"Lagavulin","floor":8.0,"turns":5.0},{"damage":0.0,"enemies":"Looter","floor":10.0,"turns":2.0},{"damage":1.0,"enemies":"Exordium Wildlife","floor":13.0,"turns":4.0},{"damage":4.0,"enemies":"3 Louse","floor":14.0,"turns":3.0},{"damage":6.0,"enemies":"Slime Boss","floor":16.0,"turns":10.0},{"damage":9.0,"enemies":"2 Thieves","floor":18.0,"turns":5.0},{"damage":0.0,"enemies":"Chosen","floor":19.0,"turns":4.0},{"damage":21.0,"enemies":"Snake Plant","floor":24.0,"turns":5.0},{"damage":9.0,"enemies":"Snecko","floor":27.0,"turns":5.0},{"damage":17.0,"enemies":"Centurion and Healer","floor":29.0,"turns":8.0},{"damage":2.0,"enemies":"Snake Plant","floor":30.0,"turns":4.0},{"damage":2.0,"enemies":"Snecko","floor":31.0,"turns":4.0},{"damage":61,"enemies":"Automaton","floor":33,"turns":6}],"seed_played":"-2401121461389968882","potions_obtained":[{"floor":3.0,"key":"Swift Potion"},{"floor":10.0,"key":"SpeedPotion"},{"floor":14.0,"key":"Dexterity Potion"},{"floor":16.0,"key":"PowerPotion"},{"floor":18.0,"key":"LiquidBronze"}],"is_trial":false,"path_per_floor":["M","M","M","?","?","E","R","E","T","M","$","R","M","M","R","B",null,"M","M","?","?","$","R","M","R","T","M","?","M","M","M","R","B"],"character_chosen":"DEFECT","items_purchased":["Self Repair","Regen Potion","Ball Lightning"],"campfire_rested":0,"item_purchase_floors":[11,11,22],"current_hp_per_floor":[67,67,62,62,47,33,33,12,12,12,12,12,30,33,33,34,66,64,71,71,71,71,71,57,57,57,48,48,38,43,48,48,0],"gold":162,"neow_bonus":"RANDOM_COMMON_RELIC","is_prod":false,"is_daily":false,"chose_seed":false,"campfire_upgraded":3,"win_rate":0,"timestamp":1565365853,"path_taken":["M","M","M","?","?","E","R","E","T","M","$","R","M","M","R","BOSS","M","M","?","?","?","R","M","R","T","M","?","M","M","?","R","BOSS"],"build_version":"2019-07-17","purchased_purges":1,"victory":false,"max_hp_per_floor":[82,82,82,76,76,76,76,76,76,76,76,76,76,76,76,76,76,76,76,76,76,76,76,76,76,76,76,76,76,76,76,76,76],"card_choices":[{"not_picked":["Coolheaded","Compile Driver"],"picked":"Melter","floor":1.0},{"not_picked":["Fusion","Barrage"],"picked":"Ball Lightning","floor":2.0},{"not_picked":["Double Energy","Barrage"],"picked":"Cold Snap","floor":3.0},{"not_picked":["Doom and Gloom","Gash"],"picked":"Rebound","floor":6.0},{"not_picked":["Thunder Strike","Fusion"],"picked":"Undo","floor":8.0},{"not_picked":["Static Discharge","Gash"],"picked":"Go for the Eyes","floor":10.0},{"not_picked":["Hologram","Turbo"],"picked":"Lockon","floor":13.0},{"not_picked":["Sunder","Stack"],"picked":"Chill","floor":14.0},{"not_picked":["Buffer","All For One"],"picked":"Core Surge","floor":16.0},{"not_picked":["Gash","Cold Snap","Blizzard"],"picked":"SKIP","floor":18.0},{"not_picked":["Conserve Battery","Cold Snap"],"picked":"Leap","floor":19.0},{"not_picked":["Coolheaded","Compile Driver+1"],"picked":"Hologram+1","floor":24.0},{"not_picked":["Steam","Meteor Strike"],"picked":"Genetic Algorithm+1","floor":27.0},{"not_picked":["Rebound","Hologram","Gash"],"picked":"SKIP","floor":29.0},{"not_picked":["Streamline","Coolheaded"],"picked":"Capacitor+1","floor":30.0},{"not_picked":["Hologram+1","Self Repair"],"picked":"Auto Shields","floor":31.0}],"player_experience":250683,"relics_obtained":[{"floor":6.0,"key":"Sundial"},{"floor":8.0,"key":"Thread and Needle"},{"floor":9.0,"key":"Peace Pipe"},{"floor":26.0,"key":"Gremlin Horn"}],"event_choices":[{"damage_healed":0.0,"max_hp_gain":0.0,"max_hp_loss":6.0,"gold_gain":0.0,"event_name":"Golden Idol","player_choice":"Lose Max HP","floor":4.0,"gold_loss":0.0,"damage_taken":0.0,"relics_obtained":["Golden Idol"]},{"damage_healed":0.0,"max_hp_gain":0.0,"max_hp_loss":0.0,"gold_gain":0.0,"event_name":"Shining Light","player_choice":"Entered Light","floor":5.0,"gold_loss":0.0,"damage_taken":15.0,"cards_upgraded":["Strike_B","Cold Snap"]},{"damage_healed":0.0,"max_hp_gain":0.0,"max_hp_loss":0.0,"gold_gain":0.0,"event_name":"Vampires","player_choice":"Ignored","floor":20.0,"gold_loss":0.0,"damage_taken":0.0},{"damage_healed":0.0,"max_hp_gain":0.0,"max_hp_loss":0.0,"gold_gain":0.0,"event_name":"Addict","player_choice":"Obtained Relic","floor":21.0,"gold_loss":85.0,"damage_taken":0.0,"relics_obtained":["Boot"]},{"damage_healed":0.0,"max_hp_gain":0.0,"max_hp_loss":0.0,"gold_gain":0.0,"cards_transformed":["Defend_B","Defend_B"],"event_name":"Drug Dealer","player_choice":"Became Test Subject","floor":28.0,"gold_loss":0.0,"damage_taken":0.0,"cards_obtained":["Gash","Thunder Strike"]}],"is_beta":false,"boss_relics":[{"not_picked":["Coffee Dripper","Sozu"],"picked":"Snecko Eye"}],"items_purged_floors":[11],"is_endless":false,"potions_floor_spawned":[3,10,14,16,18,30,31],"killed_by":"Automaton","ascension_level":9}