{"gold_per_floor":[114,114,114,129,144,144,144,69,69,69,84,8,8,8,8,108,108,123,138,153,153,168,168,183,183,183,195,207,194,194,209,209,309,309,324,324,339,354,369,369,369,384,409,424,242,242,117,132,132,132],"floor_reached":50,"playtime":3470,"items_purged":["Writhe","Doubt","Pain"],"score":459,"play_id":"74af1f12-e6d1-4c88-866e-47eefd7a520e","local_time":"20190806051810","daily_mods":["Cursed Run","Colorless Cards","Terminal"],"is_ascension_mode":false,"campfire_choices":[{"data":"Dramatic Entrance","floor":7,"key":"SMITH"},{"data":"Cold Snap","floor":10,"key":"SMITH"},{"data":"Doom and Gloom","floor":15,"key":"SMITH"},{"data":"Auto Shields","floor":23,"key":"SMITH"},{"data":"Rebound","floor":25,"key":"SMITH"},{"data":"Coolheaded","floor":27,"key":"SMITH"},{"data":"Enlightenment","floor":32,"key":"SMITH"},{"data":"Capacitor","floor":40,"key":"SMITH"},{"data":"Sunder","floor":46,"key":"SMITH"},{"data":"Reprogram","floor":49,"key":"SMITH"}],"neow_cost":"","seed_source_timestamp":6600900709140,"circlet_count":0,"master_deck":["Zap","Dualcast","Auto Shields+1","Cold Snap+1","Dramatic Entrance+1","Rebound+1","Doom and Gloom+1","Doubt","Sadistic Nature","Beam Cell+1","Coolheaded+1","Enlightenment+1","Shame","Blind+1","Cold Snap+1","Sweeping Beam","Barrage+1","Rainbow+1","Capacitor+1","Thunder Strike","Reinforced Body","Ball Lightning","Defragment","Lockon","Hyperbeam","Impatience","Fusion+1","Go for the Eyes+1","Conserve Battery","Sunder+1","Ball Lightning+1","Shame","Go for the Eyes","Self Repair","Reprogram+1"],"special_seed":18114,"relics":["Cursed Key","Darkstone Periapt","Du-Vu Doll","Gremlin Horn","Matryoshka","Coffee Dripper","Mercury Hourglass","MawBank","Cables","Bag of Marbles","Pandora\u0027s Box","Boot","Bottled Flame"],"potions_floor_usage":[33,38],"damage_taken":[{"damage":0,"enemies":"Small Slimes","floor":1,"turns":3},{"damage":0,"enemies":"Jaw Worm","floor":4,"turns":3},{"damage":0,"enemies":"Cultist","floor":5,"turns":3},{"damage":0,"enemies":"Exordium Thugs","floor":11,"turns":4},{"damage":40,"enemies":"Hexaghost","floor":16,"turns":9},{"damage":0,"enemies":"3 Byrds","floor":18,"turns":3},{"damage":0,"enemies":"2 Thieves","floor":19,"turns":5},{"damage":17,"enemies":"Snake Plant","floor":20,"turns":5},{"damage":3,"enemies":"Centurion and Healer","floor":22,"turns":5},{"damage":0,"enemies":"3 Cultists","floor":24,"turns":3},{"damage":4,"enemies":"Sentry and Sphere","floor":31,"turns":3},{"damage":39,"enemies":"Champ","floor":33,"turns":10},{"damage":0,"enemies":"Orb Walker","floor":35,"turns":2},{"damage":0,"enemies":"3 Shapes","floor":37,"turns":1},{"damage":17,"enemies":"Transient","floor":38,"turns":5},{"damage":18,"enemies":"Writhing Mass","floor":39,"turns":4},{"damage":9,"enemies":"Jaw Worm Horde","floor":42,"turns":2},{"damage":8,"enemies":"3 Darklings","floor":44,"turns":3},{"damage":15,"enemies":"4 Shapes","floor":48,"turns":1},{"damage":22,"enemies":"Awakened One","floor":50,"turns":3}],"seed_played":"6970296724867873700","potions_obtained":[{"floor":1,"key":"LiquidBronze"},{"floor":16,"key":"Strength Potion"},{"floor":18,"key":"FearPotion"},{"floor":31,"key":"Weak Potion"},{"floor":35,"key":"SkillPotion"},{"floor":44,"key":"Swift Potion"}],"is_trial":false,"path_per_floor":["M","?","T","M","M","?","R","$","T","R","M","$","?","?","R","B",null,"M","M","M","?","M","R","M","R","T","R","?","$","?","M","R","B",null,"M","?","M","M","M","R","?","M","T","M","$","R","$","M","R","B"],"character_chosen":"DEFECT","items_purchased":["Doom and Gloom","Sweeping Beam","Self Repair"],"campfire_rested":0,"item_purchase_floors":[12,29,45],"current_hp_per_floor":[73,77,82,81,80,79,78,77,82,81,80,79,78,77,76,42,80,79,78,61,67,64,64,64,64,70,70,70,70,70,66,66,33,81,80,79,78,61,43,43,43,34,40,32,32,32,32,17,17,0],"gold":132,"neow_bonus":"","is_prod":false,"is_daily":true,"chose_seed":false,"campfire_upgraded":10,"win_rate":0.0,"timestamp":1565093890,"path_taken":["M","?","?","M","M","?","R","$","T","R","M","$","?","?","R","BOSS","M","M","?","?","M","R","M","R","T","R","?","$","?","M","R","BOSS","M","?","M","M","M","R","?","M","T","M","$","R","$","?","R","BOSS"],"build_version":"2019-07-17","purchased_purges":3,"victory":false,"max_hp_per_floor":[73,77,82,81,80,79,78,77,82,81,80,79,78,77,76,81,80,79,78,77,82,81,80,79,78,83,82,81,80,79,78,77,82,81,80,79,78,77,76,75,74,73,78,77,76,75,74,73,72,72],"card_choices":[{"not_picked":["Redo","Hologram"],"picked":"Auto Shields","floor":1},{"not_picked":["Redo","White Noise"],"picked":"Cold Snap","floor":4},{"not_picked":["Rebound","Coolheaded"],"picked":"Dramatic Entrance","floor":5},{"not_picked":["Compile Driver","Trip"],"picked":"Rebound","floor":11},{"not_picked":["Buffer","Machine Learning"],"picked":"Sadistic Nature","floor":16},{"not_picked":["Leap","Undo+1"],"picked":"Beam Cell+1","floor":18},{"not_picked":["Reinforced Body","Heatsinks"],"picked":"Coolheaded","floor":19},{"not_picked":["Coolheaded","Compile Driver"],"picked":"Enlightenment","floor":20},{"not_picked":["Turbo","Compile Driver"],"picked":"Blind+1","floor":22},{"not_picked":["Steam Power","Madness"],"picked":"Cold Snap+1","floor":24},{"not_picked":["Rebound","Steam"],"picked":"Barrage+1","floor":31},{"not_picked":["Buffer","Fission"],"picked":"Rainbow","floor":33},{"not_picked":["Redo","Hologram"],"picked":"Fusion+1","floor":35},{"not_picked":["Scrape+1","Doom and Gloom"],"picked":"Go for the Eyes+1","floor":37},{"not_picked":["Rebound","Steam"],"picked":"Conserve Battery","floor":38},{"not_picked":["Gash","Turbo+1"],"picked":"Sunder","floor":39},{"not_picked":["Coolheaded+1","Hologram"],"picked":"Ball Lightning+1","floor":42},{"not_picked":["Genetic Algorithm","Leap"],"picked":"Go for the Eyes","floor":44},{"not_picked":["Redo","Violence"],"picked":"Reprogram","floor":48}],"player_experience":1157,"relics_obtained":[{"floor":3,"key":"Gremlin Horn"},{"floor":9,"key":"Matryoshka"},{"floor":26,"key":"MawBank"},{"floor":26,"key":"Cables"},{"floor":43,"key":"Boot"},{"floor":43,"key":"Bottled Flame"}],"event_choices":[{"damage_healed":0,"gold_gain":0,"player_choice":"Donut","damage_taken":0,"max_hp_gain":5,"max_hp_loss":0,"event_name":"Big Fish","floor":2,"gold_loss":0},{"damage_healed":0,"gold_gain":0,"player_choice":"Ignored","damage_taken":0,"max_hp_gain":0,"max_hp_loss":0,"event_name":"Liars Game","floor":6,"gold_loss":0},{"damage_healed":0,"gold_gain":0,"player_choice":"Ignored","damage_taken":0,"max_hp_gain":0,"max_hp_loss":0,"event_name":"Golden Idol","floor":13,"gold_loss":0},{"cards_removed":["Injury"],"damage_healed":0,"gold_gain":0,"player_choice":"Removed Curses","damage_taken":0,"max_hp_gain":0,"max_hp_loss":0,"event_name":"Fountain of Cleansing","floor":14,"gold_loss":0},{"damage_healed":0,"gold_gain":0,"player_choice":"Stole Relic","damage_taken":0,"relics_obtained":["Mercury Hourglass"],"max_hp_gain":0,"max_hp_loss":0,"event_name":"Addict","floor":21,"gold_loss":0,"cards_obtained":["Shame"]},{"damage_healed":0,"gold_gain":0,"player_choice":"Opened","damage_taken":0,"relics_obtained":["Bag of Marbles"],"max_hp_gain":0,"max_hp_loss":0,"event_name":"The Mausoleum","floor":28,"gold_loss":0},{"damage_healed":0,"gold_gain":0,"player_choice":"Simplicity","damage_taken":0,"max_hp_gain":0,"max_hp_loss":0,"event_name":"Back to Basics","floor":30,"gold_loss":0,"cards_upgraded":["Strike_B","Strike_B","Strike_B","Strike_B","Defend_B","Defend_B","Defend_B","Defend_B"]},{"damage_healed":0,"gold_gain":0,"player_choice":"Ignored","damage_taken":0,"max_hp_gain":0,"max_hp_loss":0,"event_name":"Tomb of Lord Red Mask","floor":36,"gold_loss":0},{"damage_healed":0,"gold_gain":0,"player_choice":"Upgraded","damage_taken":0,"max_hp_gain":0,"max_hp_loss":0,"event_name":"Upgrade Shrine","floor":41,"gold_loss":0,"cards_upgraded":["Rainbow"]}],"is_beta":false,"boss_relics":[{"not_picked":["Snecko Eye","White Beast Statue"],"picked":"Coffee Dripper"},{"not_picked":["Philosopher\u0027s Stone","Tiny House"],"picked":"Pandora\u0027s Box"}],"items_purged_floors":[8,45,47],"is_endless":false,"potions_floor_spawned":[1,16,18,31,35,44,48],"killed_by":"Awakened One","ascension_level":0}