{"gold_per_floor":[114,114,114,125,125,156,156,156,180,192,71,103,118,134,134,233,233,250,250,250,260,260,260,12,43,70,101,111,122,138,1,1,101,101,111,111,126,28,39,39,39,39,63,95,95,113,113,130,130,130],"floor_reached":51,"playtime":3264,"items_purged":["Writhe","Strike_B"],"score":1010,"play_id":"cdad0c59-7097-4076-86f2-9666405e5dcc","local_time":"20180716032326","is_ascension_mode":true,"campfire_choices":[{"floor":8.0,"key":"REST"},{"floor":15,"key":"REST"},{"data":"Storm","floor":23,"key":"SMITH"},{"data":"Echo Form","floor":32,"key":"SMITH"},{"data":"Buffer","floor":40,"key":"SMITH"},{"data":"Buffer","floor":42,"key":"SMITH"},{"floor":45,"key":"REST"},{"floor":49,"key":"REST"}],"neow_cost":"NONE","seed_source_timestamp":0,"circlet_count":0,"master_deck":["Strike_B","Strike_B","Defend_B","Defend_B","Defend_B","Defend_B","Zap+1","Stack+1","Hello World","Storm+1","Self Repair","White Noise","Rip and Tear","Compile Driver","Self Repair","Conserve Battery","Echo Form+1","Ball Lightning","Auto Shields+1","Conserve Battery","Buffer+1","Stack","Loop","Ball Lightning+1","Defragment","Ball Lightning","Buffer+1","Leap","Loop","Sweeping Beam+1","White Noise+1","Rip and Tear+1","Madness","Madness","Chaos+1"],"special_seed":0,"relics":["Cracked Core","NeowsBlessing","Smiling Mask","Boot","Ancient Tea Set","Oddly Smooth Stone","Nuclear Battery","Mummified Hand","Nloth\u0027s Gift","Bronze Scales","Regal Pillow","Happy Flower","War Paint","Eternal Feather","Art of War","Girya"],"potions_floor_usage":[14,16,16,27,28,33,33,39,39,44,50],"damage_taken":[{"damage":0.0,"enemies":"Small Slimes","floor":1.0,"turns":1.0},{"damage":0.0,"enemies":"2 Louse","floor":4.0,"turns":1.0},{"damage":0.0,"enemies":"Lagavulin","floor":6.0,"turns":1.0},{"damage":1.0,"enemies":"Cultist","floor":10.0,"turns":3.0},{"damage":26.0,"enemies":"Gremlin Nob","floor":12.0,"turns":4.0},{"damage":22.0,"enemies":"Exordium Wildlife","floor":13.0,"turns":6.0},{"damage":16,"enemies":"Exordium Thugs","floor":14,"turns":5},{"damage":19,"enemies":"The Guardian","floor":16,"turns":9},{"damage":5,"enemies":"3 Byrds","floor":18,"turns":4},{"damage":6,"enemies":"Chosen","floor":21,"turns":3},{"damage":54,"enemies":"Slavers","floor":25,"turns":5},{"damage":16,"enemies":"Gremlin Leader","floor":27,"turns":6},{"damage":0,"enemies":"Snecko","floor":28,"turns":4},{"damage":0,"enemies":"Snake Plant","floor":29,"turns":3},{"damage":4,"enemies":"Chosen and Byrds","floor":30,"turns":4},{"damage":43,"enemies":"Collector","floor":33,"turns":6},{"damage":27,"enemies":"3 Shapes","floor":35,"turns":3},{"damage":22,"enemies":"Flame Bruiser 1 Orb","floor":37,"turns":4},{"damage":35,"enemies":"4 Shapes","floor":39,"turns":4},{"damage":37,"enemies":"2 Orb Walkers","floor":44,"turns":5},{"damage":9,"enemies":"Flame Bruiser 2 Orb","floor":46,"turns":4},{"damage":19,"enemies":"3 Darklings","floor":48,"turns":5},{"damage":89,"enemies":"Donu and Deca","floor":50,"turns":10}],"seed_played":"-3571505723390997555","potions_obtained":[{"floor":6.0,"key":"FearPotion"},{"floor":10.0,"key":"Swift Potion"},{"floor":14,"key":"FocusPotion"},{"floor":25,"key":"SkillPotion"},{"floor":27,"key":"Fruit Juice"},{"floor":28,"key":"Fire Potion"},{"floor":30,"key":"LiquidBronze"},{"floor":37,"key":"Poison Potion"},{"floor":39,"key":"Block Potion"},{"floor":46,"key":"Poison Potion"}],"is_trial":false,"path_per_floor":["M","?","?","M","?","E","?","R","T","M","$","E","M","M","R","B",null,"M","?","?","M","?","R","$","E","T","E","M","M","M","$","R","B",null,"M","?","M","$","M","R","?","R","T","E","R","M","?","M","R","B"],"character_chosen":"DEFECT","items_purchased":["White Noise","Rip and Tear","Bronze Scales","Conserve Battery","Defragment","Ball Lightning","Fruit Juice"],"campfire_rested":4,"item_purchase_floors":[11,11,24,24,31,31,38],"current_hp_per_floor":[68,68,68,68,35,35,35,57,57,56,56,37,22,20,42,37,66,75,75,75,75,61,61,61,21,21,26,45,59,69,69,69,47,76,63,63,62,62,46,58,58,70,70,47,90,90,79,60,90,15],"gold":130,"neow_bonus":"THREE_ENEMY_KILL","is_prod":false,"is_daily":false,"chose_seed":false,"campfire_upgraded":4,"win_rate":0,"timestamp":1531736606,"path_taken":["M","?","?","?","?","E","?","R","T","?","$","E","M","M","R","BOSS","M","?","?","?","?","R","$","E","T","E","M","M","M","$","R","BOSS","M","?","?","?","M","R","?","R","T","E","R","M","?","?","R","BOSS"],"build_version":"2018-07-12","purchased_purges":2,"victory":true,"max_hp_per_floor":[75,75,75,75,75,75,75,75,75,75,75,75,75,75,75,75,75,75,75,75,75,80,80,80,80,80,80,85,85,85,85,85,85,85,85,85,85,85,90,90,90,90,90,90,90,90,90,90,90,90],"card_choices":[{"not_picked":["Beam Cell","Doom and Gloom"],"picked":"Stack","floor":1.0},{"not_picked":["Redo","Genetic Algorithm"],"picked":"Hello World","floor":4.0},{"not_picked":["Coolheaded","Machine Learning"],"picked":"Storm","floor":6.0},{"not_picked":["Conserve Battery","Redo"],"picked":"Self Repair","floor":10.0},{"not_picked":["Rebound","Blizzard"],"picked":"Compile Driver","floor":12.0},{"not_picked":["Sunder","Steam"],"picked":"Self Repair","floor":13.0},{"not_picked":["Storm","Steam"],"picked":"Conserve Battery","floor":14},{"not_picked":["Amplify","Machine Learning"],"picked":"Echo Form","floor":16},{"not_picked":["Beam Cell","Chaos"],"picked":"Ball Lightning","floor":18},{"not_picked":["Storm+1","Streamline+1"],"picked":"Auto Shields+1","floor":21},{"not_picked":["Beam Cell","Undo"],"picked":"Buffer","floor":25},{"not_picked":["Gash","Streamline"],"picked":"Stack","floor":27},{"not_picked":["Stack","Multi-Cast"],"picked":"Loop","floor":28},{"not_picked":["Streamline","Barrage"],"picked":"Ball Lightning+1","floor":29},{"not_picked":["Stack","Steam","Auto Shields"],"picked":"SKIP","floor":30},{"not_picked":["Rainbow","Amplify"],"picked":"Buffer","floor":33},{"not_picked":["Rebound","Coolheaded"],"picked":"Leap","floor":35},{"not_picked":["Rip and Tear","Self Repair+1"],"picked":"Loop","floor":37},{"not_picked":["Chill+1","Cold Snap"],"picked":"Sweeping Beam+1","floor":39},{"not_picked":["Coolheaded","Go for the Eyes"],"picked":"White Noise+1","floor":44},{"not_picked":["Turbo","Steam"],"picked":"Rip and Tear+1","floor":46},{"not_picked":["Sweeping Beam","Barrage"],"picked":"Chaos+1","floor":48}],"player_experience":532785,"relics_obtained":[{"floor":6.0,"key":"Bottled Lightning"},{"floor":9.0,"key":"Ancient Tea Set"},{"floor":12.0,"key":"Oddly Smooth Stone"},{"floor":25,"key":"Regal Pillow"},{"floor":26,"key":"Happy Flower"},{"floor":27,"key":"War Paint"},{"floor":43,"key":"Art of War"},{"floor":44,"key":"Girya"}],"event_choices":[{"event_name":"Big Fish","player_choice":"Box","floor":2.0,"damage_taken":0.0},{"event_name":"Fountain of Cleansing","player_choice":"Removed Curse","floor":3.0,"damage_taken":0.0},{"event_name":"Scrap Ooze","player_choice":"success","floor":5.0,"damage_taken":33.0},{"event_name":"Golden Wing","player_choice":"Ignored","floor":7.0,"damage_taken":0.0},{"event_name":"The Mausoleum","player_choice":"Yes","floor":19,"damage_taken":0},{"event_name":"N\u0027loth","player_choice":"Traded a Bottled Lightning","floor":20,"damage_taken":0},{"event_name":"Forgotten Altar","player_choice":"Shed Blood","floor":22,"damage_taken":0},{"event_name":"Bonfire Elementals","player_choice":"BASIC","floor":36,"damage_taken":0},{"event_name":"Falling","player_choice":"Removed Skill","floor":41,"damage_taken":0},{"event_name":"Winding Halls","player_choice":"Embrace Madness","floor":47,"damage_taken":0}],"boss_relics":[{"not_picked":["Calling Bell","Inserter"],"picked":"Nuclear Battery"},{"not_picked":["Snecko Eye","Runic Pyramid"],"picked":"Eternal Feather"}],"items_purged_floors":[24,31],"is_endless":false,"potions_floor_spawned":[6,10,14,25,27,28,30,37,39,46],"ascension_level":6}