{"gold_per_floor":[116,134,134,150,150,184,184,219,219,253,272,336,336,352,352,456,456,470,488,498,498,51,83,83,152,152,168,168,227,32,32,32,135,135,147,194,119,137,137,171,0,0,27,127,155,170,190,190,190,190,190,190,38,70,70],"floor_reached":55,"playtime":4455,"items_purged":[],"score":919,"play_id":"90441f10-5f7f-4f4d-a6bf-81d68c6af6cd","local_time":"20190818084548","is_ascension_mode":true,"campfire_choices":[{"floor":7.0,"key":"REST"},{"floor":15.0,"key":"RECALL"},{"data":"Anger","floor":24.0,"key":"SMITH"},{"data":"Trip","floor":28.0,"key":"SMITH"},{"data":"Flex","floor":32.0,"key":"SMITH"},{"floor":42.0,"key":"REST"},{"data":"Heavy Blade","floor":49.0,"key":"SMITH"},{"data":"Bash","floor":52,"key":"SMITH"}],"neow_cost":"NONE","seed_source_timestamp":0,"circlet_count":0,"master_deck":["Strike_R","Strike_R","Strike_R","Strike_R+1","Strike_R","Defend_R+1","Defend_R","Defend_R","Defend_R+1","Bash+1","Iron Wave","Perfected Strike+1","Pommel Strike","Metallicize","Clash","Anger+1","Juggernaut","Flame Barrier+1","Necronomicurse","Trip+1","Feed","Heavy Blade+1","Fire Breathing+1","Flex+1","Body Slam+1","Inflame+1"],"special_seed":0,"relics":["Black Star","Bird Faced Urn","Magic Flower","Whetstone","Bag of Preparation","Bronze Scales","Gremlin Horn","Shuriken","Sozu","Necronomicon","Lantern","Lee\u0027s Waffle","Orichalcum","War Paint","Frozen Egg 2","Pocketwatch","Peace Pipe","Tiny Chest","Red Skull","Meat on the Bone","Busted Crown","Mango","Omamori","Kunai","Red Mask","Boot","Incense Burner","Ice Cream","Blood Vial","Oddly Smooth Stone","Centennial Puzzle","Du-Vu Doll"],"potions_floor_usage":[55,55],"damage_taken":[{"damage":1.0,"enemies":"Jaw Worm","floor":1.0,"turns":7.0},{"damage":0.0,"enemies":"Small Slimes","floor":2.0,"turns":5.0},{"damage":1.0,"enemies":"Cultist","floor":4.0,"turns":3.0},{"damage":16.0,"enemies":"Lagavulin","floor":6.0,"turns":5.0},{"damage":14.0,"enemies":"3 Sentries","floor":8.0,"turns":9.0},{"damage":15.0,"enemies":"Lagavulin","floor":10.0,"turns":6.0},{"damage":0.0,"enemies":"Looter","floor":11.0,"turns":2.0},{"damage":0.0,"enemies":"Exordium Wildlife","floor":14.0,"turns":2.0},{"damage":29.0,"enemies":"Hexaghost","floor":16.0,"turns":7.0},{"damage":22.0,"enemies":"2 Thieves","floor":18.0,"turns":3.0},{"damage":7.0,"enemies":"Shell Parasite","floor":19.0,"turns":3.0},{"damage":16.0,"enemies":"Centurion and Healer","floor":20.0,"turns":5.0},{"damage":30.0,"enemies":"Book of Stabbing","floor":23.0,"turns":5.0},{"damage":0.0,"enemies":"Snecko","floor":27.0,"turns":2.0},{"damage":0.0,"enemies":"Gremlin Leader","floor":29.0,"turns":3.0},{"damage":55.0,"enemies":"Automaton","floor":33.0,"turns":7.0},{"damage":2.0,"enemies":"3 Darklings","floor":35.0,"turns":4.0},{"damage":19.0,"enemies":"2 Orb Walkers","floor":36.0,"turns":3.0},{"damage":2.0,"enemies":"3 Shapes","floor":38.0,"turns":2.0},{"damage":33.0,"enemies":"Reptomancer","floor":40.0,"turns":5.0},{"damage":0.0,"enemies":"Mind Bloom Boss Battle","floor":44.0,"turns":3.0},{"damage":4.0,"enemies":"Giant Head","floor":45.0,"turns":6.0},{"damage":11.0,"enemies":"3 Darklings","floor":46.0,"turns":3.0},{"damage":3.0,"enemies":"4 Shapes","floor":47.0,"turns":2.0},{"damage":31.0,"enemies":"Donu and Deca","floor":50.0,"turns":6.0},{"damage":57,"enemies":"Shield and Spear","floor":54,"turns":5},{"damage":80,"enemies":"The Heart","floor":55,"turns":5}],"seed_played":"4564932517752328391","potions_obtained":[{"floor":2.0,"key":"Energy Potion"},{"floor":10.0,"key":"Poison Potion"},{"floor":14.0,"key":"PowerPotion"},{"floor":16.0,"key":"FearPotion"}],"is_trial":false,"path_per_floor":["M","M","?","M","?","E","R","E","T","E","M","?","?","M","R","B",null,"M","M","M","?","$","E","R","T","T","M","R","E","$","T","R","B",null,"M","?","$","M","$","E","?","R","T","?","E","M","M","?","R","B",null,"R","$","E","B"],"character_chosen":"IRONCLAD","items_purchased":["Lantern","Lee\u0027s Waffle","Trip","Flex","Red Skull","Inflame+1","Oddly Smooth Stone"],"campfire_rested":2,"item_purchase_floors":[22,22,22,30,30,37,53],"current_hp_per_floor":[79,79,76,75,75,59,80,66,66,54,57,57,57,57,57,34,80,61,57,47,31,87,60,60,60,60,68,68,71,71,71,71,43,90,93,93,93,102,102,81,81,113,113,113,109,102,108,113,113,89,113,113,113,62,0],"gold":70,"neow_bonus":"BOSS_RELIC","is_prod":false,"is_daily":false,"chose_seed":false,"campfire_upgraded":5,"win_rate":0,"timestamp":1566139548,"path_taken":["M","M","?","M","?","E","R","E","T","E","M","?","?","M","R","BOSS","M","M","?","?","$","E","R","?","T","M","R","E","?","?","R","BOSS","M","?","$","M","$","E","?","R","T","?","E","M","M","?","R","BOSS","R","$","E","BOSS"],"build_version":"2019-07-17","purchased_purges":0,"victory":false,"max_hp_per_floor":[80,80,80,80,80,80,80,80,80,80,80,80,80,80,80,80,80,80,80,80,80,87,87,87,87,87,90,90,90,90,90,90,90,90,93,110,110,113,113,113,113,113,113,113,113,113,113,113,113,113,113,113,113,113,113],"card_choices":[{"not_picked":["Body Slam","Sword Boomerang"],"picked":"Iron Wave","floor":1.0},{"not_picked":["Second Wind","Burning Pact"],"picked":"Perfected Strike","floor":2.0},{"not_picked":["True Grit","Heavy Blade"],"picked":"Pommel Strike","floor":4.0},{"not_picked":["Disarm","Armaments"],"picked":"Metallicize","floor":6.0},{"not_picked":["Perfected Strike","Warcry","Heavy Blade"],"picked":"SKIP","floor":8.0},{"not_picked":["Immolate","Evolve"],"picked":"Clash","floor":10.0},{"not_picked":["Clash","Perfected Strike","Clothesline"],"picked":"SKIP","floor":11.0},{"not_picked":["Iron Wave","Flex"],"picked":"Anger","floor":14.0},{"not_picked":["Reaper","Fiend Fire"],"picked":"Juggernaut","floor":16.0},{"not_picked":["Warcry","Blood for Blood","Second Wind"],"picked":"SKIP","floor":18.0},{"not_picked":["Dropkick","Perfected Strike","Headbutt"],"picked":"SKIP","floor":19.0},{"not_picked":["True Grit+1","Cleave+1"],"picked":"Flame Barrier+1","floor":20.0},{"not_picked":["Sword Boomerang+1","Headbutt"],"picked":"Feed","floor":23.0},{"not_picked":["Twin Strike","Disarm"],"picked":"Heavy Blade","floor":27.0},{"not_picked":["Clash","Burning Pact"],"picked":"Fire Breathing+1","floor":29.0},{"not_picked":["Clothesline"],"picked":"SKIP","floor":35.0},{"not_picked":[],"picked":"Body Slam+1","floor":36.0},{"not_picked":["Twin Strike"],"picked":"SKIP","floor":38.0},{"not_picked":["Iron Wave+1"],"picked":"SKIP","floor":40.0},{"not_picked":["Sever Soul+1"],"picked":"SKIP","floor":45.0},{"not_picked":["Anger+1"],"picked":"SKIP","floor":46.0},{"not_picked":["Uppercut"],"picked":"SKIP","floor":47.0},{"not_picked":["Pommel Strike"],"picked":"SKIP","floor":54}],"player_experience":78654,"relics_obtained":[{"floor":6.0,"key":"Magic Flower"},{"floor":6.0,"key":"Whetstone"},{"floor":8.0,"key":"Bag of Preparation"},{"floor":8.0,"key":"Bronze Scales"},{"floor":10.0,"key":"Gremlin Horn"},{"floor":10.0,"key":"Shuriken"},{"floor":21.0,"key":"Necronomicon"},{"floor":23.0,"key":"Orichalcum"},{"floor":23.0,"key":"War Paint"},{"floor":25.0,"key":"Frozen Egg 2"},{"floor":26.0,"key":"Pocketwatch"},{"floor":29.0,"key":"Peace Pipe"},{"floor":29.0,"key":"Tiny Chest"},{"floor":31.0,"key":"Meat on the Bone"},{"floor":36.0,"key":"Mango"},{"floor":40.0,"key":"Omamori"},{"floor":40.0,"key":"Kunai"},{"floor":43.0,"key":"Boot"},{"floor":44.0,"key":"Incense Burner"},{"floor":45.0,"key":"Ice Cream"},{"floor":45.0,"key":"Blood Vial"},{"floor":54,"key":"Centennial Puzzle"},{"floor":54,"key":"Du-Vu Doll"}],"event_choices":[{"damage_healed":0.0,"max_hp_gain":0.0,"max_hp_loss":0.0,"gold_gain":0.0,"event_name":"Scrap Ooze","player_choice":"Success","floor":3.0,"gold_loss":0.0,"damage_taken":3.0,"relics_obtained":["Bird Faced Urn"]},{"damage_healed":0.0,"max_hp_gain":0.0,"max_hp_loss":0.0,"gold_gain":0.0,"event_name":"Liars Game","player_choice":"Ignored","floor":5.0,"gold_loss":0.0,"damage_taken":0.0},{"damage_healed":0.0,"max_hp_gain":0.0,"max_hp_loss":0.0,"gold_gain":64.0,"event_name":"Golden Wing","player_choice":"Gained Gold","floor":12.0,"gold_loss":0.0,"damage_taken":0.0},{"damage_healed":0.0,"max_hp_gain":0.0,"max_hp_loss":0.0,"gold_gain":0.0,"event_name":"Purifier","player_choice":"Ignored","floor":13.0,"gold_loss":0.0,"damage_taken":0.0},{"damage_healed":0.0,"max_hp_gain":0.0,"max_hp_loss":0.0,"gold_gain":0.0,"event_name":"Cursed Tome","player_choice":"Obtained Book","floor":21.0,"gold_loss":0.0,"damage_taken":16.0},{"damage_healed":0.0,"max_hp_gain":0.0,"max_hp_loss":0.0,"gold_gain":0.0,"event_name":"Mysterious Sphere","player_choice":"Fight","floor":36.0,"gold_loss":0.0,"damage_taken":0.0},{"damage_healed":0.0,"max_hp_gain":0.0,"max_hp_loss":0.0,"gold_gain":0.0,"event_name":"Tomb of Lord Red Mask","player_choice":"Paid","floor":41.0,"gold_loss":171.0,"damage_taken":0.0,"relics_obtained":["Red Mask"]},{"damage_healed":0.0,"max_hp_gain":0.0,"max_hp_loss":0.0,"gold_gain":0.0,"event_name":"MindBloom","player_choice":"Fight","floor":44.0,"gold_loss":0.0,"damage_taken":0.0},{"damage_healed":5.0,"max_hp_gain":0.0,"max_hp_loss":0.0,"gold_gain":0.0,"event_name":"Wheel of Change","player_choice":"Full Heal","floor":48.0,"gold_loss":0.0,"damage_taken":0.0}],"is_beta":false,"boss_relics":[{"not_picked":["Orrery","Empty Cage"],"picked":"Sozu"},{"not_picked":["Snecko Eye","Mark of Pain"],"picked":"Busted Crown"}],"items_purged_floors":[],"is_endless":false,"potions_floor_spawned":[2,10,14,16,18,29,33,36,38,40,44,47],"killed_by":"The Heart","ascension_level":1}