{"gold_per_floor":[116,131,148,148,67,98,98,131,131,156,156,173,248,260,260,355,355,365,365,251,265,165,192,192,203,203,203,237,247,247,247,247,348,348,363,212,228,242,242,242,253,253,253,271,271,121,121,134,134,134],"floor_reached":51,"playtime":2422,"items_purged":["Regret","Shame","Creative AI","Parasite"],"score":902,"play_id":"35c9479d-1039-4775-b575-fe2e736001f9","local_time":"20190818172601","is_ascension_mode":true,"campfire_choices":[{"floor":7,"key":"REST"},{"floor":11,"key":"REST"},{"floor":15,"key":"REST"},{"floor":24,"key":"REST"},{"floor":32,"key":"REST"},{"data":"Glacier","floor":40,"key":"SMITH"},{"floor":45,"key":"REST"},{"floor":49,"key":"REST"}],"neow_cost":"NONE","seed_source_timestamp":738649399240650,"circlet_count":0,"master_deck":["Zap+1","Dualcast","Coolheaded","Defragment","Glacier+1","Cold Snap","Creative AI","Go for the Eyes","Barrage","Electrodynamics","Coolheaded","Necronomicurse","FTL","Capacitor+1","Leap","Ball Lightning+1","Biased Cognition","Steam Power","FTL","Chaos","Coolheaded","All For One","Blizzard","Recycle","Conserve Battery","Biased Cognition","Panache","Chill+1"],"relics":["Cracked Core","Lantern","Cables","Bottled Lightning","Boot","Sundial","Calling Bell","Anchor","Darkstone Periapt","Ice Cream","Necronomicon","Mercury Hourglass","Vajra","Ornamental Fan","Pandora\u0027s Box","Gremlin Horn"],"potions_floor_usage":[21,23,28,44,50,50,50],"damage_taken":[{"damage":1,"enemies":"Cultist","floor":1,"turns":3},{"damage":6,"enemies":"2 Louse","floor":2,"turns":3},{"damage":11,"enemies":"Small Slimes","floor":3,"turns":3},{"damage":12,"enemies":"3 Sentries","floor":6,"turns":10},{"damage":17,"enemies":"Gremlin Nob","floor":8,"turns":5},{"damage":14,"enemies":"3 Sentries","floor":10,"turns":8},{"damage":0,"enemies":"Exordium Wildlife","floor":12,"turns":4},{"damage":0,"enemies":"Looter","floor":14,"turns":3},{"damage":11,"enemies":"Slime Boss","floor":16,"turns":8},{"damage":15,"enemies":"Shell Parasite","floor":18,"turns":7},{"damage":19,"enemies":"2 Thieves","floor":21,"turns":4},{"damage":11,"enemies":"Gremlin Leader","floor":23,"turns":8},{"damage":12,"enemies":"Chosen and Byrds","floor":25,"turns":6},{"damage":13,"enemies":"Book of Stabbing","floor":28,"turns":7},{"damage":23,"enemies":"Snake Plant","floor":29,"turns":5},{"damage":46,"enemies":"Champ","floor":33,"turns":11},{"damage":0,"enemies":"3 Shapes","floor":35,"turns":4},{"damage":0,"enemies":"Orb Walker","floor":37,"turns":3},{"damage":0,"enemies":"Writhing Mass","floor":38,"turns":7},{"damage":34,"enemies":"3 Darklings","floor":41,"turns":4},{"damage":0,"enemies":"Jaw Worm Horde","floor":44,"turns":3},{"damage":1,"enemies":"Maw","floor":48,"turns":5},{"damage":28,"enemies":"Donu and Deca","floor":50,"turns":10}],"seed_played":"-3205796767287510931","potions_obtained":[{"floor":2,"key":"PowerPotion"},{"floor":8,"key":"Block Potion"},{"floor":14,"key":"Regen Potion"},{"floor":23,"key":"Fruit Juice"},{"floor":29,"key":"Swift Potion"},{"floor":41,"key":"AttackPotion"},{"floor":44,"key":"SkillPotion"}],"is_trial":false,"path_per_floor":["M","M","M","?","$","E","R","E","T","E","R","M","?","M","R","B",null,"M","?","$","M","$","E","R","M","T","?","E","M","?","?","R","B",null,"M","$","M","M","?","R","M","?","T","M","R","$","$","M","R","B",null],"character_chosen":"DEFECT","items_purchased":["Glacier","FTL","Conserve Battery"],"campfire_rested":7,"item_purchase_floors":[5,20,36],"current_hp_per_floor":[67,61,50,47,47,35,57,40,40,26,48,48,37,37,59,48,68,53,43,43,36,36,25,49,37,37,37,29,6,34,34,59,13,68,68,68,68,74,74,74,40,40,40,40,67,67,67,66,89,61],"gold":134,"neow_bonus":"UPGRADE_CARD","is_prod":false,"is_daily":false,"chose_seed":false,"campfire_upgraded":1,"win_rate":0,"timestamp":1566141961,"path_taken":["M","M","M","?","$","E","R","E","T","E","R","M","?","M","R","BOSS","M","?","$","M","$","E","R","M","T","?","E","M","?","?","R","BOSS","M","$","M","M","?","R","M","?","T","M","R","?","$","M","R","BOSS"],"build_version":"2019-07-17","purchased_purges":4,"victory":true,"max_hp_per_floor":[75,75,75,75,75,75,75,75,75,75,75,75,75,75,75,75,75,75,81,81,81,81,81,81,81,81,81,86,86,86,86,86,86,86,86,86,86,92,92,92,92,92,92,92,92,89,89,89,89,89],"card_choices":[{"not_picked":["Leap","Ball Lightning"],"picked":"Coolheaded","floor":1},{"not_picked":["Leap","Turbo"],"picked":"Defragment","floor":2},{"not_picked":["Skim","Stack","Heatsinks"],"picked":"SKIP","floor":3},{"not_picked":["Double Energy","Glacier"],"picked":"Cold Snap","floor":6},{"not_picked":["Aggregate","Skim","Turbo"],"picked":"SKIP","floor":8},{"not_picked":["Storm","Rebound"],"picked":"Creative AI","floor":10},{"not_picked":["Melter","Compile Driver"],"picked":"Go for the Eyes","floor":12},{"not_picked":["Reinforced Body","Reprogram"],"picked":"Barrage","floor":14},{"not_picked":["Thunder Strike","Rainbow"],"picked":"Electrodynamics","floor":16},{"not_picked":["Conserve Battery","Sweeping Beam+1"],"picked":"Coolheaded","floor":18},{"not_picked":["Beam Cell+1","Force Field","Hello World"],"picked":"SKIP","floor":21},{"not_picked":["Double Energy","Rainbow"],"picked":"Capacitor+1","floor":23},{"not_picked":["Barrage","Steam"],"picked":"Leap","floor":25},{"not_picked":["Force Field","Leap"],"picked":"Ball Lightning+1","floor":28},{"not_picked":["Reprogram","Stack+1","Undo"],"picked":"SKIP","floor":29},{"not_picked":["Rainbow","Electrodynamics"],"picked":"Biased Cognition","floor":33},{"not_picked":["Stack","Leap","Beam Cell+1"],"picked":"SKIP","floor":35},{"not_picked":["Conserve Battery","Turbo+1","Stack+1"],"picked":"SKIP","floor":37},{"not_picked":["Skim+1","Rebound"],"picked":"Biased Cognition","floor":38},{"not_picked":["HandOfGreed","Flash of Steel"],"picked":"Panache","floor":39},{"not_picked":["Beam Cell+1","Storm+1","Force Field"],"picked":"SKIP","floor":41},{"not_picked":["Coolheaded","Fusion+1"],"picked":"Chill+1","floor":44},{"not_picked":["Beam Cell","Double Energy","Streamline"],"picked":"SKIP","floor":48}],"player_experience":137963,"relics_obtained":[{"floor":6,"key":"Cables"},{"floor":8,"key":"Bottled Lightning"},{"floor":9,"key":"Boot"},{"floor":10,"key":"Sundial"},{"floor":17,"key":"Anchor"},{"floor":17,"key":"Darkstone Periapt"},{"floor":17,"key":"Ice Cream"},{"floor":19,"key":"Necronomicon"},{"floor":23,"key":"Mercury Hourglass"},{"floor":26,"key":"Vajra"},{"floor":28,"key":"Ornamental Fan"},{"floor":43,"key":"Gremlin Horn"}],"event_choices":[{"damage_healed":0,"gold_gain":0,"player_choice":"Success","damage_taken":3,"relics_obtained":["Lantern"],"max_hp_gain":0,"max_hp_loss":0,"event_name":"Scrap Ooze","floor":4,"gold_loss":0},{"damage_healed":0,"gold_gain":75,"player_choice":"Gather Gold","damage_taken":11,"max_hp_gain":0,"max_hp_loss":0,"event_name":"World of Goop","floor":13,"gold_loss":0},{"damage_healed":0,"gold_gain":0,"player_choice":"Obtained Book","damage_taken":16,"max_hp_gain":0,"max_hp_loss":0,"event_name":"Cursed Tome","floor":19,"gold_loss":0},{"cards_removed":["Regret"],"damage_healed":0,"gold_gain":0,"player_choice":"Elegance","damage_taken":0,"max_hp_gain":0,"max_hp_loss":0,"event_name":"Back to Basics","floor":27,"gold_loss":0},{"damage_healed":28,"gold_gain":0,"player_choice":"Heal","damage_taken":0,"max_hp_gain":0,"max_hp_loss":0,"event_name":"The Library","floor":30,"gold_loss":0},{"damage_healed":0,"gold_gain":0,"player_choice":"Ignored","damage_taken":0,"max_hp_gain":0,"max_hp_loss":0,"event_name":"Vampires","floor":31,"gold_loss":0},{"damage_healed":0,"gold_gain":0,"player_choice":"Memory 1","damage_taken":0,"max_hp_gain":0,"max_hp_loss":0,"event_name":"SensoryStone","floor":39,"gold_loss":0},{"damage_healed":0,"gold_gain":0,"player_choice":"Ignored","damage_taken":0,"max_hp_gain":0,"max_hp_loss":0,"event_name":"The Moai Head","floor":42,"gold_loss":0}],"is_beta":false,"boss_relics":[{"not_picked":["Busted Crown","Velvet Choker"],"picked":"Calling Bell"},{"not_picked":["Black Star","Astrolabe"],"picked":"Pandora\u0027s Box"}],"items_purged_floors":[20,22,36,46],"is_endless":false,"potions_floor_spawned":[2,8,14,18,23,29,41,44,48],"ascension_level":6}