{"gold_per_floor":[119,135,135,210,231,231,251,270,295,338,338,353,353,371,371,465,465,481,495,445,445],"floor_reached":21,"playtime":1139,"items_purged":[],"score":328,"play_id":"518066d9-153c-41ea-8261-f5f1619f6a77","local_time":"20190802194514","is_ascension_mode":true,"campfire_choices":[{"floor":11.0,"key":"REST"},{"floor":13.0,"key":"REST"},{"data":"Cloak And Dagger","floor":15.0,"key":"SMITH"}],"neow_cost":"NONE","seed_source_timestamp":0,"circlet_count":0,"master_deck":["AscendersBane","Strike_G","Strike_G","Defend_G","Defend_G","Defend_G+1","Defend_G","Defend_G","Survivor","Neutralize+1","Unload+1","Skewer+1","Reflex+1","Cloak And Dagger+1","Underhanded Strike","Escape Plan","Finisher","Dagger Throw+1","Quick Slash","Backstab","Blade Dance","Adrenaline","Footwork","Footwork","Blur+1","Eviscerate","Quick Slash","Tactician","Dagger Throw"],"special_seed":0,"relics":["Astrolabe","Golden Idol","Spirit Poop","Whetstone","Smiling Mask","Orrery"],"potions_floor_usage":[21],"damage_taken":[{"damage":0.0,"enemies":"2 Louse","floor":1.0,"turns":1.0},{"damage":1.0,"enemies":"Small Slimes","floor":2.0,"turns":3.0},{"damage":0.0,"enemies":"Cultist","floor":5.0,"turns":2.0},{"damage":3.0,"enemies":"2 Fungi Beasts","floor":7.0,"turns":3.0},{"damage":27.0,"enemies":"Lots of Slimes","floor":8.0,"turns":4.0},{"damage":6.0,"enemies":"Lagavulin","floor":10.0,"turns":6.0},{"damage":6.0,"enemies":"Blue Slaver","floor":12.0,"turns":3.0},{"damage":0.0,"enemies":"Looter","floor":14.0,"turns":1.0},{"damage":23.0,"enemies":"The Guardian","floor":16.0,"turns":14.0},{"damage":12.0,"enemies":"Spheric Guardian","floor":18.0,"turns":4.0},{"damage":11.0,"enemies":"2 Thieves","floor":19.0,"turns":3.0},{"damage":36,"enemies":"Snake Plant","floor":21,"turns":4}],"seed_played":"-1906346393290637458","potions_obtained":[{"floor":1.0,"key":"LiquidBronze"},{"floor":5.0,"key":"Swift Potion"},{"floor":10.0,"key":"EssenceOfSteel"},{"floor":16.0,"key":"SpeedPotion"},{"floor":18.0,"key":"PowerPotion"}],"is_trial":false,"path_per_floor":["M","M","?","?","M","?","M","M","T","E","R","M","R","M","R","B",null,"M","M","?","M"],"character_chosen":"THE_SILENT","items_purchased":[],"campfire_rested":2,"item_purchase_floors":[],"current_hp_per_floor":[59,58,58,47,47,47,44,17,17,11,30,24,43,43,43,20,55,43,32,32,0],"gold":445,"neow_bonus":"BOSS_RELIC","is_prod":false,"is_daily":false,"chose_seed":false,"campfire_upgraded":1,"win_rate":0,"timestamp":1564800314,"path_taken":["M","M","?","?","M","?","M","M","T","E","R","M","R","M","R","BOSS","M","?","?","?"],"build_version":"2019-07-17","purchased_purges":0,"victory":false,"max_hp_per_floor":[66,66,66,66,66,66,66,66,66,66,66,66,66,66,66,66,66,66,66,66,66],"card_choices":[{"not_picked":["Caltrops","Bane"],"picked":"Cloak And Dagger","floor":1.0},{"not_picked":["Acrobatics","Slice"],"picked":"Underhanded Strike","floor":2.0},{"not_picked":["Poisoned Stab","All Out Attack"],"picked":"Escape Plan","floor":5.0},{"not_picked":["Endless Agony","Cloak And Dagger"],"picked":"Finisher","floor":7.0},{"not_picked":["Bane","Slice"],"picked":"Dagger Throw","floor":8.0},{"not_picked":["Catalyst","Deflect"],"picked":"Quick Slash","floor":10.0},{"not_picked":["Blade Dance","Venomology"],"picked":"Backstab","floor":12.0},{"not_picked":["Deadly Poison","Tactician"],"picked":"Blade Dance","floor":14.0},{"not_picked":["Venomology","Corpse Explosion"],"picked":"Adrenaline","floor":16.0},{"not_picked":["Skewer","Outmaneuver"],"picked":"Footwork","floor":17.0},{"not_picked":["Blade Dance","Quick Slash"],"picked":"Footwork","floor":17.0},{"not_picked":["Acrobatics","Quick Slash"],"picked":"Blur","floor":17.0},{"not_picked":["Poisoned Stab","Deflect"],"picked":"Eviscerate","floor":17.0},{"not_picked":["Outmaneuver","Flechettes"],"picked":"Quick Slash","floor":17.0},{"not_picked":["Heel Hook","Deadly Poison"],"picked":"Tactician","floor":18.0},{"not_picked":["Bane","Poisoned Stab"],"picked":"Dagger Throw","floor":19.0}],"player_experience":653790,"relics_obtained":[{"floor":9.0,"key":"Whetstone"},{"floor":10.0,"key":"Smiling Mask"}],"event_choices":[{"damage_healed":0.0,"max_hp_gain":0.0,"max_hp_loss":0.0,"gold_gain":0.0,"event_name":"Golden Idol","player_choice":"Take Wound","floor":3.0,"gold_loss":0.0,"damage_taken":0.0,"relics_obtained":["Golden Idol"],"cards_obtained":["Injury"]},{"damage_healed":0.0,"max_hp_gain":0.0,"max_hp_loss":0.0,"gold_gain":75.0,"event_name":"World of Goop","player_choice":"Gather Gold","floor":4.0,"gold_loss":0.0,"damage_taken":11.0},{"cards_removed":["Injury"],"damage_healed":0.0,"max_hp_gain":0.0,"max_hp_loss":0.0,"gold_gain":0.0,"event_name":"Bonfire Elementals","player_choice":"Offered Curse","floor":6.0,"gold_loss":0.0,"damage_taken":0.0,"relics_obtained":["Spirit Poop"]},{"damage_healed":0.0,"max_hp_gain":0.0,"max_hp_loss":0.0,"gold_gain":0.0,"event_name":"Designer","player_choice":"Upgraded Two","floor":20.0,"gold_loss":50.0,"damage_taken":0.0,"cards_upgraded":["Blur","Defend_G"]}],"is_beta":false,"boss_relics":[{"not_picked":["Philosopher\u0027s Stone","Snecko Eye"],"picked":"Orrery"}],"items_purged_floors":[],"is_endless":false,"potions_floor_spawned":[1,5,7,10,16,18],"killed_by":"Snake Plant","ascension_level":16}