{"gold_per_floor":[114,114,129,144,159,159,189,189,189,204,204,219,219,219,219,319,319,334,349,364,379,394,394,424,523,523,523,523,538,118,133,133,233,233,248,263,263,278,293,293,213,213,263,278,278,78,78,93,93,93],"floor_reached":50,"playtime":5312,"items_purged":["Regret","Parasite"],"score":570,"play_id":"dc482e11-c02d-4f35-a3df-ad212caaaf6d","local_time":"20190808055636","daily_mods":["SealedDeck","ControlledChaos","Night Terrors"],"is_ascension_mode":false,"campfire_choices":[{"data":"Acrobatics","floor":6,"key":"SMITH"},{"floor":8,"key":"REST"},{"data":"Backflip","floor":11,"key":"SMITH"},{"data":"Outmaneuver","floor":13,"key":"SMITH"},{"data":"Outmaneuver","floor":15,"key":"SMITH"},{"floor":23,"key":"REST"},{"data":"Deflect","floor":27,"key":"SMITH"},{"floor":32,"key":"DIG"},{"floor":40,"key":"REST"},{"floor":49,"key":"DIG"}],"neow_cost":"","seed_source_timestamp":0,"circlet_count":0,"master_deck":["Outmaneuver+1","Dagger Throw","Deflect+1","Deflect+1","Deflect+1","Slice","Backflip+1","Slice","Footwork","Dash","Backstab","Predator","Acrobatics+1","Dash","Bouncing Flask+1","Outmaneuver+1","Glass Knife","Escape Plan","Slice+1","Dagger Throw+1","Backstab","Dash","Backflip+1","Dodge and Roll","Envenom+1","Blur+1","Deflect","Footwork+1","Acrobatics+1","Dodge and Roll+1","PiercingWail+1","Writhe","Dodge and Roll+1","Deadly Poison+1","Catalyst+1"],"special_seed":18116,"relics":["Ring of the Snake","Frozen Eye","Oddly Smooth Stone","Sundial","Bottled Lightning","Runic Dome","Matryoshka","Snake Skull","The Courier","Shovel","Prayer Wheel","Anchor","Frozen Egg 2","Cursed Key","Dream Catcher","Bag of Marbles","Shuriken","War Paint"],"potions_floor_usage":[16,16,33,44,45,48],"damage_taken":[{"damage":0,"enemies":"Small Slimes","floor":1,"turns":3},{"damage":4,"enemies":"2 Louse","floor":3,"turns":3},{"damage":0,"enemies":"Jaw Worm","floor":4,"turns":2},{"damage":0,"enemies":"Large Slime","floor":5,"turns":4},{"damage":52,"enemies":"Gremlin Nob","floor":7,"turns":5},{"damage":0,"enemies":"Blue Slaver","floor":10,"turns":2},{"damage":0,"enemies":"3 Louse","floor":12,"turns":3},{"damage":23,"enemies":"Hexaghost","floor":16,"turns":7},{"damage":0,"enemies":"Spheric Guardian","floor":18,"turns":3},{"damage":1,"enemies":"Chosen","floor":19,"turns":3},{"damage":37,"enemies":"Snake Plant","floor":20,"turns":4},{"damage":11,"enemies":"Chosen and Byrds","floor":21,"turns":5},{"damage":5,"enemies":"3 Cultists","floor":22,"turns":5},{"damage":2,"enemies":"Gremlin Leader","floor":24,"turns":7},{"damage":0,"enemies":"Snake Plant","floor":29,"turns":3},{"damage":10,"enemies":"Centurion and Healer","floor":31,"turns":5},{"damage":42,"enemies":"Champ","floor":33,"turns":13},{"damage":18,"enemies":"3 Darklings","floor":35,"turns":5},{"damage":5,"enemies":"3 Shapes","floor":36,"turns":4},{"damage":1,"enemies":"Jaw Worm Horde","floor":38,"turns":6},{"damage":12,"enemies":"Writhing Mass","floor":39,"turns":8},{"damage":35,"enemies":"Sphere and 2 Shapes","floor":44,"turns":5},{"damage":0,"enemies":"Jaw Worm Horde","floor":45,"turns":1},{"damage":0,"enemies":"3 Darklings","floor":48,"turns":6},{"damage":48,"enemies":"Donu and Deca","floor":50,"turns":6}],"seed_played":"4864754760307288084","potions_obtained":[{"floor":1,"key":"SmokeBomb"},{"floor":5,"key":"LiquidBronze"},{"floor":7,"key":"EssenceOfSteel"},{"floor":16,"key":"Swift Potion"},{"floor":18,"key":"Strength Potion"},{"floor":35,"key":"LiquidBronze"},{"floor":36,"key":"SteroidPotion"}],"is_trial":false,"path_per_floor":["M","?","M","M","M","R","E","R","T","M","R","M","R","?","R","B",null,"M","M","M","M","M","R","E","?","T","R","?","M","$","M","R","B",null,"M","M","?","M","M","R","$","?","T","M","M","$","?","M","R","B"],"character_chosen":"THE_SILENT","items_purchased":["Prayer Wheel","Anchor","Shuriken"],"campfire_rested":3,"item_purchase_floors":[30,30,46],"current_hp_per_floor":[70,70,66,66,66,66,14,65,65,65,65,65,65,52,52,29,65,65,64,27,16,11,60,58,58,58,58,58,58,58,48,48,6,60,42,37,37,36,24,55,52,49,49,14,14,14,43,43,43,0],"gold":93,"neow_bonus":"","is_prod":false,"is_daily":true,"chose_seed":false,"campfire_upgraded":5,"win_rate":0.0,"timestamp":1565268996,"path_taken":["M","?","M","M","M","R","E","R","T","M","R","M","R","?","R","BOSS","M","M","M","M","M","R","E","?","T","R","?","M","?","M","R","BOSS","M","M","?","M","M","R","$","?","T","M","M","?","?","M","R","BOSS"],"build_version":"2019-07-17","purchased_purges":2,"victory":false,"max_hp_per_floor":[70,70,70,70,70,70,70,65,65,65,65,65,65,65,65,65,65,65,65,65,65,65,60,60,60,60,60,60,60,60,60,60,60,60,60,60,60,60,60,55,52,49,49,49,49,49,43,43,43,43],"card_choices":[{"not_picked":["Outmaneuver","Poisoned Stab"],"picked":"Dash","floor":1},{"not_picked":["Flechettes","Concentrate"],"picked":"Backstab","floor":3},{"not_picked":["Blade Dance","Tactician"],"picked":"Predator","floor":4},{"not_picked":["Deadly Poison","Deflect"],"picked":"Acrobatics","floor":5},{"not_picked":["Prepared","Cloak And Dagger"],"picked":"Dash","floor":7},{"not_picked":["Quick Slash","Skewer"],"picked":"Bouncing Flask","floor":10},{"not_picked":["Concentrate","Bane"],"picked":"Outmaneuver","floor":12},{"not_picked":["Tools of the Trade","Phantasmal Killer"],"picked":"Glass Knife","floor":16},{"not_picked":["Underhanded Strike","Footwork+1"],"picked":"Escape Plan","floor":18},{"not_picked":["Distraction","Terror"],"picked":"Slice+1","floor":19},{"not_picked":["Predator","Prepared"],"picked":"Dagger Throw+1","floor":20},{"not_picked":["Expertise+1","Cloak And Dagger"],"picked":"Backstab","floor":21},{"not_picked":["Flying Knee","Prepared"],"picked":"Dash","floor":22},{"not_picked":["Riddle With Holes+1","Endless Agony"],"picked":"Backflip+1","floor":24},{"not_picked":["Endless Agony+1","Dagger Throw","Flying Knee"],"picked":"SKIP","floor":29},{"not_picked":["Deadly Poison","Expertise+1"],"picked":"Dodge and Roll","floor":31},{"not_picked":["Sucker Punch+1","Flying Knee","Venomology"],"picked":"SKIP","floor":31},{"not_picked":["Night Terror","Burst"],"picked":"Envenom+1","floor":33},{"not_picked":["Concentrate+1","Infinite Blades+1"],"picked":"Blur+1","floor":35},{"not_picked":["Infinite Blades+1","Cloak And Dagger+1","Dagger Spray+1"],"picked":"SKIP","floor":35},{"not_picked":["Bouncing Flask+1","Finisher+1"],"picked":"Deflect","floor":36},{"not_picked":["Flying Knee","Reflex+1","Distraction+1"],"picked":"SKIP","floor":36},{"not_picked":["Skewer","Phantasmal Killer"],"picked":"Footwork+1","floor":38},{"not_picked":["Cloak And Dagger+1","Outmaneuver+1"],"picked":"Acrobatics+1","floor":38},{"not_picked":["Reflex+1","Deadly Poison+1"],"picked":"Dodge and Roll+1","floor":39},{"not_picked":["Dagger Throw","Backflip"],"picked":"PiercingWail+1","floor":39},{"not_picked":["Flying Knee","Poisoned Stab"],"picked":"Dodge and Roll","floor":44},{"not_picked":["Crippling Poison+1","Quick Slash+1"],"picked":"Deadly Poison+1","floor":44},{"not_picked":["Finisher+1","Backflip+1"],"picked":"Catalyst+1","floor":48},{"not_picked":["Setup+1","PiercingWail","All Out Attack+1"],"picked":"SKIP","floor":48}],"player_experience":32540,"relics_obtained":[{"floor":7,"key":"Sundial"},{"floor":9,"key":"Bottled Lightning"},{"floor":24,"key":"Matryoshka"},{"floor":26,"key":"Snake Skull"},{"floor":26,"key":"The Courier"},{"floor":32,"key":"Frozen Egg 2"},{"floor":43,"key":"Dream Catcher"},{"floor":43,"key":"Bag of Marbles"},{"floor":49,"key":"War Paint"}],"event_choices":[{"damage_healed":0,"gold_gain":0,"player_choice":"Box","damage_taken":0,"relics_obtained":["Oddly Smooth Stone"],"max_hp_gain":0,"max_hp_loss":0,"event_name":"Big Fish","floor":2,"gold_loss":0,"cards_obtained":["Regret"]},{"damage_healed":0,"gold_gain":0,"player_choice":"Entered Light","damage_taken":13,"max_hp_gain":0,"max_hp_loss":0,"event_name":"Shining Light","floor":14,"gold_loss":0,"cards_upgraded":["Deflect","Bouncing Flask"]},{"damage_healed":0,"gold_gain":99,"player_choice":"Stole From Cult","damage_taken":0,"max_hp_gain":0,"max_hp_loss":0,"event_name":"Nest","floor":25,"gold_loss":0},{"damage_healed":0,"gold_gain":0,"player_choice":"Opened","damage_taken":0,"relics_obtained":["Shovel"],"max_hp_gain":0,"max_hp_loss":0,"event_name":"The Mausoleum","floor":28,"gold_loss":0},{"cards_removed":["Heel Hook"],"damage_healed":0,"gold_gain":0,"player_choice":"Removed Attack","damage_taken":0,"max_hp_gain":0,"max_hp_loss":0,"event_name":"Falling","floor":37,"gold_loss":0},{"damage_healed":0,"gold_gain":0,"player_choice":"Max HP","damage_taken":0,"max_hp_gain":0,"max_hp_loss":3,"event_name":"Winding Halls","floor":42,"gold_loss":0},{"damage_healed":43,"gold_gain":0,"player_choice":"Heal","damage_taken":0,"max_hp_gain":0,"max_hp_loss":6,"event_name":"The Moai Head","floor":47,"gold_loss":0}],"is_beta":false,"boss_relics":[{"not_picked":["Coffee Dripper","Runic Pyramid"],"picked":"Runic Dome"},{"not_picked":["Velvet Choker","Empty Cage"],"picked":"Cursed Key"}],"items_purged_floors":[30,41],"is_endless":false,"potions_floor_spawned":[1,5,7,12,16,18,22,24,29,31,35,36,45],"killed_by":"Donu and Deca","ascension_level":0}