{"gold_per_floor":[15,265,281,456,474,486,436,450,450,22,34,34,34,59,59,157,157,140,140,150,169,169],"floor_reached":22,"playtime":1339,"items_purged":[],"score":269,"play_id":"79b86a09-4f02-4b2f-b4a1-736684988710","local_time":"20180711204554","is_ascension_mode":true,"campfire_choices":[{"floor":13,"key":"REST"},{"floor":15,"key":"REST"}],"neow_cost":"NO_GOLD","seed_source_timestamp":7600046729593,"circlet_count":0,"master_deck":["Strike_B","Strike_B+1","Strike_B+1","Strike_B","Defend_B","Defend_B+1","Defend_B","Defend_B","Zap","Dualcast+1","Machine Learning","Beam Cell","Compile Driver","Doubt","Self Repair","Go for the Eyes","Ball Lightning","White Noise","Ball Lightning","Darkness","Defragment","Core Surge","Doubt","Clumsy","Injury","Barrage","Defragment","Ball Lightning"],"relics":["Cracked Core","Darkstone Periapt","ClockworkSouvenir","War Paint","Dream Catcher","Calling Bell","Potion Belt","Gremlin Horn","Torii","Nilry\u0027s Codex"],"potions_floor_usage":[8,20,22,22],"damage_taken":[{"damage":0,"enemies":"Small Slimes","floor":1,"turns":3},{"damage":8,"enemies":"Cultist","floor":3,"turns":3},{"damage":2,"enemies":"2 Louse","floor":5,"turns":3},{"damage":24,"enemies":"Exordium Wildlife","floor":6,"turns":5},{"damage":0,"enemies":"Red Slaver","floor":8,"turns":1},{"damage":8,"enemies":"Large Slime","floor":11,"turns":4},{"damage":33,"enemies":"3 Sentries","floor":14,"turns":6},{"damage":36,"enemies":"The Guardian","floor":16,"turns":8},{"damage":39,"enemies":"2 Thieves","floor":18,"turns":4},{"damage":8,"enemies":"3 Byrds","floor":20,"turns":3},{"damage":29,"enemies":"Snecko","floor":21,"turns":6},{"damage":25,"enemies":"Snake Plant","floor":22,"turns":2}],"seed_played":"-3373813568404679248","potions_obtained":[{"floor":3,"key":"LiquidBronze"},{"floor":6,"key":"Fire Potion"},{"floor":11,"key":"FearPotion"},{"floor":20,"key":"Ancient Potion"}],"is_trial":false,"path_per_floor":["M","?","M","?","M","M","?","M","T","$","M","?","R","E","R","B",null,"M","?","M","M"],"character_chosen":"DEFECT","items_purchased":["ClockworkSouvenir","War Paint","White Noise"],"campfire_rested":2,"item_purchase_floors":[10,10,10],"current_hp_per_floor":[68,68,60,60,58,41,41,41,41,41,40,25,47,21,43,14,78,46,30,43,21,0],"gold":169,"neow_bonus":"THREE_RARE_CARDS","is_prod":false,"is_daily":false,"chose_seed":false,"campfire_upgraded":0,"win_rate":0,"timestamp":1531367154,"path_taken":["M","?","M","?","M","?","?","M","T","?","M","?","R","E","R","BOSS","M","?","?","M","?"],"build_version":"2018-07-05","purchased_purges":0,"victory":false,"max_hp_per_floor":[75,75,75,75,75,75,75,75,75,75,75,75,75,75,75,75,93,93,93,93,93,93],"card_choices":[{"not_picked":["Amplify","Meteor Strike"],"picked":"Machine Learning","floor":0},{"not_picked":["Compile Driver","Streamline"],"picked":"Beam Cell","floor":1},{"not_picked":["Streamline","Turbo"],"picked":"Compile Driver","floor":3},{"not_picked":["Static Discharge","Genetic Algorithm"],"picked":"Self Repair","floor":5},{"not_picked":["Hologram","Steam"],"picked":"Go for the Eyes","floor":6},{"not_picked":["Undo","Chill"],"picked":"Ball Lightning","floor":8},{"not_picked":["Redo","Buffer"],"picked":"Ball Lightning","floor":11},{"not_picked":["Streamline","Hello World"],"picked":"Darkness","floor":14},{"not_picked":["Undo","Conserve Battery"],"picked":"Defragment","floor":15},{"not_picked":["Hyperbeam","Amplify"],"picked":"Core Surge","floor":16},{"not_picked":["Gash","Consume"],"picked":"Barrage","floor":18},{"not_picked":["Ball Lightning","Darkness"],"picked":"Defragment","floor":20},{"not_picked":["Beam Cell","Capacitor+1"],"picked":"Ball Lightning","floor":21}],"player_experience":509227,"relics_obtained":[{"floor":9,"key":"Darkstone Periapt"},{"floor":14,"key":"Dream Catcher"},{"floor":17,"key":"Potion Belt"},{"floor":17,"key":"Gremlin Horn"},{"floor":17,"key":"Torii"},{"floor":19,"key":"Nilry\u0027s Codex"}],"event_choices":[{"event_name":"Golden Shrine","player_choice":"Desecrate","floor":2,"damage_taken":0},{"event_name":"Liars Game","player_choice":"agreed","floor":4,"damage_taken":0},{"event_name":"The Cleric","player_choice":"Card Removal","floor":7,"damage_taken":0},{"event_name":"Shining Light","player_choice":"Entered Light","floor":12,"damage_taken":0},{"event_name":"Cursed Tome","player_choice":"Obtained Book","floor":19,"damage_taken":0}],"boss_relics":[{"not_picked":["Busted Crown","Coffee Dripper"],"picked":"Calling Bell"}],"items_purged_floors":[],"is_endless":false,"potions_floor_spawned":[3,6,11,20],"killed_by":"Snake Plant","ascension_level":6}