{"gold_per_floor":[12,12,12,12,12,12,27,27,50,225,256,268,282,20,20,125,125,135,153,353,368,291,325,325,25,25,44,44,60,60,78,78,179,179,190,9,60,79,94,126,126,159,159,38,54,0,11,37,37,37],"floor_reached":51,"playtime":2911,"items_purged":[],"score":1270,"play_id":"5dcdbf2d-ee9a-40b9-ab84-3be0dea93ab6","local_time":"20181030022839","is_ascension_mode":true,"campfire_choices":[{"data":"Heavy Blade","floor":6.0,"key":"SMITH"},{"data":"Shrug It Off","floor":8.0,"key":"SMITH"},{"floor":15.0,"key":"REST"},{"data":"Flame Barrier","floor":24,"key":"SMITH"},{"data":"Apotheosis","floor":30,"key":"SMITH"},{"data":"Offering","floor":32,"key":"SMITH"},{"floor":41,"key":"REST"},{"data":"Reaper","floor":49,"key":"PURGE"}],"neow_cost":"NO_GOLD","seed_source_timestamp":0,"circlet_count":0,"master_deck":["Bash","AscendersBane","Heavy Blade+1","Shrug It Off+1","Doubt","Flex","Pommel Strike","Shrug It Off","Juggernaut+1","Offering+1","Ghostly Armor","Flex","Flame Barrier+1","Havoc","Battle Trance","Burning Pact","Havoc","True Grit","Pummel","Clothesline+1","Pommel Strike","Offering","Offering","Apotheosis+1","Heavy Blade","Dual Wield","Twin Strike","Whirlwind","Sword Boomerang+1","Feed","Spot Weakness+1","Seeing Red","Hemokinesis","True Grit+1","Sword Boomerang","Pommel Strike+1","Seeing Red+1","Flex","Double Tap","Spot Weakness","Reaper","Headbutt+1"],"special_seed":0,"relics":["Burning Blood","Du-Vu Doll","Boot","Dream Catcher","Shuriken","Frozen Egg 2","Pandora\u0027s Box","Vajra","Meat on the Bone","Fusion Hammer","Anchor","Gambling Chip","Peace Pipe","Strawberry","The Courier","Red Mask","Juzu Bracelet"],"potions_floor_usage":[23,23,33,33,37,42,50],"damage_taken":[{"damage":6.0,"enemies":"Jaw Worm","floor":1.0,"turns":5.0},{"damage":0.0,"enemies":"Cultist","floor":7.0,"turns":2.0},{"damage":28.0,"enemies":"Gremlin Nob","floor":11.0,"turns":4.0},{"damage":5.0,"enemies":"2 Louse","floor":12.0,"turns":3.0},{"damage":17.0,"enemies":"Lots of Slimes","floor":13.0,"turns":4.0},{"damage":41.0,"enemies":"Hexaghost","floor":16.0,"turns":12.0},{"damage":10.0,"enemies":"Spheric Guardian","floor":18.0,"turns":3.0},{"damage":9.0,"enemies":"Shell Parasite","floor":19.0,"turns":2.0},{"damage":11.0,"enemies":"Snake Plant","floor":21.0,"turns":3.0},{"damage":22,"enemies":"Slavers","floor":23,"turns":4},{"damage":18,"enemies":"Shelled Parasite and Fungi","floor":27,"turns":2},{"damage":21,"enemies":"Centurion and Healer","floor":29,"turns":2},{"damage":14,"enemies":"Snake Plant","floor":31,"turns":3},{"damage":39,"enemies":"Champ","floor":33,"turns":5},{"damage":0,"enemies":"Orb Walker","floor":35,"turns":2},{"damage":15,"enemies":"2 Orb Walkers","floor":37,"turns":3},{"damage":16,"enemies":"3 Shapes","floor":38,"turns":3},{"damage":8,"enemies":"Transient","floor":39,"turns":5},{"damage":21,"enemies":"Giant Head","floor":40,"turns":2},{"damage":25,"enemies":"Nemesis","floor":42,"turns":5},{"damage":9,"enemies":"Spire Growth","floor":45,"turns":3},{"damage":15,"enemies":"4 Shapes","floor":47,"turns":2},{"damage":12,"enemies":"Giant Head","floor":48,"turns":3},{"damage":98,"enemies":"Awakened One","floor":50,"turns":8}],"seed_played":"3059046773273656623","potions_obtained":[{"floor":2.0,"key":"EntropicBrew"},{"floor":2.0,"key":"BloodPotion"},{"floor":7.0,"key":"Dexterity Potion"},{"floor":16.0,"key":"Regen Potion"},{"floor":23,"key":"Dexterity Potion"},{"floor":27,"key":"Swift Potion"},{"floor":29,"key":"BloodPotion"},{"floor":35,"key":"Fire Potion"},{"floor":38,"key":"Dexterity Potion"},{"floor":39,"key":"Block Potion"}],"is_trial":false,"path_per_floor":["M","?","?","$","?","R","M","R","T","?","E","M","M","$","R","B",null,"M","M","?","M","$","E","R","$","T","M","?","M","R","M","R","B",null,"M","$","?","M","M","E","R","E","T","$","M","?","M","E","R","B"],"character_chosen":"IRONCLAD","items_purchased":["Frozen Egg 2","Offering","Apotheosis","Heavy Blade","Dual Wield","Seeing Red","Anchor","Double Tap","Spot Weakness"],"campfire_rested":2,"item_purchase_floors":[14,22,25,25,25,36,36,44,44],"current_hp_per_floor":[72,72,72,72,60,60,66,66,66,66,44,45,34,34,58,23,66,62,59,59,54,54,50,50,50,50,50,50,47,47,51,51,38,70,76,76,70,63,61,58,83,71,71,71,68,68,93,97,97,32],"gold":37,"neow_bonus":"ONE_RARE_RELIC","is_prod":false,"is_daily":false,"chose_seed":false,"campfire_upgraded":5,"win_rate":0,"timestamp":1540891719,"path_taken":["M","?","?","?","?","R","?","R","T","?","E","M","M","$","R","BOSS","M","?","?","M","$","E","R","$","T","?","?","M","R","?","R","BOSS","M","$","?","?","M","E","R","E","T","$","M","?","M","E","R","BOSS"],"build_version":"2018-10-25v2","purchased_purges":0,"victory":true,"max_hp_per_floor":[80,80,80,80,80,80,80,80,80,80,80,80,80,80,80,80,80,80,80,80,80,80,80,80,80,80,80,80,80,80,80,80,80,80,80,80,83,86,86,86,86,93,93,93,93,93,93,97,97,100],"card_choices":[{"not_picked":["Anger","Dropkick"],"picked":"Heavy Blade","floor":1.0},{"not_picked":["Thunderclap","Warcry"],"picked":"Shrug It Off","floor":7.0},{"not_picked":["Perfected Strike","Power Through"],"picked":"Flex","floor":11.0},{"not_picked":["Seeing Red","Dual Wield"],"picked":"Pommel Strike","floor":12.0},{"not_picked":["Fire Breathing","Headbutt"],"picked":"Shrug It Off","floor":13.0},{"not_picked":["Perfected Strike","Anger"],"picked":"Juggernaut+1","floor":15.0},{"not_picked":["Dark Embrace+1","Bludgeon"],"picked":"Offering","floor":16.0},{"not_picked":["True Grit","Rage"],"picked":"Pummel","floor":18.0},{"not_picked":["Feel No Pain+1","Shockwave"],"picked":"Clothesline+1","floor":19.0},{"not_picked":["Body Slam","Power Through+1"],"picked":"Pommel Strike","floor":21.0},{"not_picked":["Havoc","Battle Trance+1"],"picked":"Offering","floor":23},{"not_picked":["Shockwave+1","Clash"],"picked":"Twin Strike","floor":27},{"not_picked":["Flex","Sword Boomerang"],"picked":"Whirlwind","floor":29},{"not_picked":["Blood for Blood","Wild Strike"],"picked":"Sword Boomerang+1","floor":31},{"not_picked":["Exhume","Dark Embrace+1"],"picked":"Feed","floor":33},{"not_picked":["Power Through","Twin Strike+1"],"picked":"Spot Weakness+1","floor":35},{"not_picked":["Havoc+1","Warcry"],"picked":"Hemokinesis","floor":37},{"not_picked":["Power Through+1","Wild Strike"],"picked":"True Grit+1","floor":38},{"not_picked":["Intimidate","Iron Wave+1"],"picked":"Sword Boomerang","floor":39},{"not_picked":["Headbutt+1","Havoc+1"],"picked":"Pommel Strike+1","floor":40},{"not_picked":["Shrug It Off","Cleave"],"picked":"Seeing Red+1","floor":41},{"not_picked":["Thunderclap+1","Clothesline+1"],"picked":"Flex","floor":42},{"not_picked":["Anger+1","Thunderclap"],"picked":"Reaper","floor":45},{"not_picked":["Sever Soul+1","Havoc+1"],"picked":"Headbutt+1","floor":47},{"not_picked":["Cleave","Headbutt"],"picked":"Reaper","floor":48}],"player_experience":610890,"relics_obtained":[{"floor":9.0,"key":"Dream Catcher"},{"floor":11.0,"key":"Shuriken"},{"floor":23,"key":"Vajra"},{"floor":26,"key":"Meat on the Bone"},{"floor":37,"key":"Gambling Chip"},{"floor":40,"key":"Peace Pipe"},{"floor":42,"key":"Strawberry"},{"floor":43,"key":"The Courier"},{"floor":48,"key":"Juzu Bracelet"}],"event_choices":[{"damage_healed":0.0,"max_hp_gain":0.0,"max_hp_loss":0.0,"gold_gain":0.0,"event_name":"The Lab","player_choice":"Got Potions","floor":2.0,"gold_loss":0.0,"damage_taken":0.0},{"cards_removed":["Defend_R"],"damage_healed":0.0,"max_hp_gain":0.0,"max_hp_loss":0.0,"gold_gain":0.0,"event_name":"Bonfire Elementals","player_choice":"Offered Basic","floor":3.0,"gold_loss":0.0,"damage_taken":0.0},{"damage_healed":0.0,"max_hp_gain":0.0,"max_hp_loss":0.0,"gold_gain":0.0,"event_name":"Scrap Ooze","player_choice":"Success","floor":5.0,"gold_loss":0.0,"damage_taken":12.0,"relics_obtained":["Boot"]},{"damage_healed":0.0,"max_hp_gain":0.0,"max_hp_loss":0.0,"gold_gain":175.0,"event_name":"Liars Game","player_choice":"AGREE","floor":10.0,"gold_loss":0.0,"damage_taken":0.0,"cards_obtained":["Doubt"]},{"damage_healed":0.0,"max_hp_gain":0.0,"max_hp_loss":0.0,"gold_gain":250.0,"event_name":"The Joust","player_choice":"Bet on Owner","floor":20.0,"gold_loss":50.0,"damage_taken":0.0},{"damage_healed":0,"gold_gain":0,"player_choice":"Ignored","damage_taken":0,"max_hp_gain":0,"max_hp_loss":0,"event_name":"Fountain of Cleansing","floor":28,"gold_loss":0},{"damage_healed":0,"gold_gain":0,"player_choice":"Fight","damage_taken":0,"max_hp_gain":0,"max_hp_loss":0,"event_name":"Mysterious Sphere","floor":37,"gold_loss":0},{"damage_healed":0,"gold_gain":0,"player_choice":"Paid","damage_taken":0,"relics_obtained":["Red Mask"],"max_hp_gain":0,"max_hp_loss":0,"event_name":"Tomb of Lord Red Mask","floor":46,"gold_loss":54}],"is_beta":false,"boss_relics":[{"not_picked":["Lizard Tail","Astrolabe"],"picked":"Pandora\u0027s Box"},{"not_picked":["Busted Crown","Philosopher\u0027s Stone"],"picked":"Fusion Hammer"}],"items_purged_floors":[],"is_endless":false,"potions_floor_spawned":[7,12,16,23,27,29,35,38,39],"ascension_level":11}