{"gold_per_floor":[109,109,35,47,66,125,140,159,159,190,6,6,6,19,19,140,140,156,156,156,171,189,215,215,226,226,226,237,237,247,172,172,273,273,287,301,301,301,318,318,350,368,393,393,403,22,34,34,34,34],"floor_reached":51,"playtime":5201,"items_purged":["Injury","Defend_R"],"score":818,"play_id":"6ebe610d-d771-4efb-87ee-f968854896bd","local_time":"20190814200357","is_ascension_mode":true,"campfire_choices":[{"data":"Searing Blow","floor":13,"key":"SMITH"},{"floor":15,"key":"REST"},{"data":"True Grit","floor":24,"key":"SMITH"},{"data":"Body Slam","floor":27,"key":"SMITH"},{"data":"Searing Blow+1","floor":29,"key":"SMITH"},{"data":"Searing Blow+2","floor":32,"key":"SMITH"},{"floor":40,"key":"REST"},{"floor":44,"key":"REST"},{"floor":49,"key":"REST"}],"neow_cost":"NONE","seed_source_timestamp":830159491785200,"circlet_count":0,"master_deck":["Strike_R","Strike_R","Strike_R","Strike_R","Strike_R+1","Defend_R","Defend_R","Defend_R","Bash+1","Ghostly Armor","Reaper","Body Slam+1","Searing Blow+3","Flame Barrier","True Grit+1","Warcry","Immolate+1","Pommel Strike+1","Perfected Strike+1","Swift Strike+1","Burning Pact","Impervious","Wild Strike+1","Twin Strike+1","Shrug It Off","Battle Trance","Headbutt+1","Pommel Strike+1","Offering+1","Double Tap+1","True Grit+1","Madness+1","Madness+1","Intimidate+1","Bludgeon+1","Perfected Strike+1","Burning Pact+1","Thinking Ahead+1","Mayhem","Swift Strike+1"],"relics":["Burning Blood","NeowsBlessing","Tiny Chest","Molten Egg 2","Bloody Idol","Velvet Choker","Nloth\u0027s Gift","Pocketwatch","Toxic Egg 2","Fusion Hammer","Lantern","Regal Pillow","Vajra"],"potions_floor_usage":[6,7,18,33,39,39,39,50,50],"damage_taken":[{"damage":0,"enemies":"Jaw Worm","floor":1,"turns":1},{"damage":1,"enemies":"Small Slimes","floor":4,"turns":2},{"damage":0,"enemies":"Cultist","floor":5,"turns":1},{"damage":42,"enemies":"Lagavulin","floor":6,"turns":7},{"damage":40,"enemies":"Exordium Thugs","floor":7,"turns":9},{"damage":1,"enemies":"Looter","floor":8,"turns":4},{"damage":20,"enemies":"Gremlin Nob","floor":10,"turns":4},{"damage":1,"enemies":"3 Louse","floor":14,"turns":3},{"damage":7,"enemies":"Slime Boss","floor":16,"turns":6},{"damage":16,"enemies":"3 Byrds","floor":18,"turns":4},{"damage":0,"enemies":"Chosen","floor":21,"turns":4},{"damage":7,"enemies":"Centurion and Healer","floor":22,"turns":3},{"damage":23,"enemies":"Gremlin Leader","floor":23,"turns":6},{"damage":14,"enemies":"Shelled Parasite and Fungi","floor":25,"turns":3},{"damage":0,"enemies":"Cultist and Chosen","floor":28,"turns":3},{"damage":7,"enemies":"Sentry and Sphere","floor":30,"turns":4},{"damage":75,"enemies":"Champ","floor":33,"turns":9},{"damage":0,"enemies":"3 Shapes","floor":35,"turns":3},{"damage":5,"enemies":"3 Darklings","floor":36,"turns":3},{"damage":72,"enemies":"Writhing Mass","floor":39,"turns":5},{"damage":49,"enemies":"Reptomancer","floor":41,"turns":5},{"damage":0,"enemies":"Transient","floor":42,"turns":5},{"damage":6,"enemies":"Jaw Worm Horde","floor":45,"turns":1},{"damage":0,"enemies":"Sphere and 2 Shapes","floor":47,"turns":3},{"damage":60,"enemies":"Time Eater","floor":50,"turns":8}],"seed_played":"1872854327162885461","potions_obtained":[{"floor":1,"key":"EssenceOfSteel"},{"floor":6,"key":"Block Potion"},{"floor":10,"key":"Explosive Potion"},{"floor":14,"key":"SpeedPotion"},{"floor":16,"key":"BloodPotion"},{"floor":18,"key":"BloodPotion"},{"floor":28,"key":"GamblersBrew"},{"floor":33,"key":"PowerPotion"},{"floor":41,"key":"Weak Potion"},{"floor":47,"key":"SmokeBomb"}],"is_trial":false,"path_per_floor":["M","?","$","M","M","E","M","M","T","E","$","?","R","M","R","B",null,"M","?","?","M","M","E","R","M","T","R","M","R","M","$","R","B",null,"M","M","?","?","M","R","E","M","T","R","M","$","M","?","R","B",null],"character_chosen":"IRONCLAD","items_purchased":["Reaper","Pommel Strike+1","Perfected Strike+1","Swift Strike+1","Burning Pact+1","Vajra","FearPotion"],"campfire_rested":4,"item_purchase_floors":[3,11,11,11,46,46,46],"current_hp_per_floor":[80,64,64,69,75,39,13,18,18,10,10,10,10,15,39,38,80,75,75,75,80,80,68,68,65,65,65,76,76,80,80,80,36,80,80,80,80,70,29,53,15,26,31,70,75,75,80,70,80,26],"gold":34,"neow_bonus":"THREE_ENEMY_KILL","is_prod":false,"is_daily":false,"chose_seed":false,"campfire_upgraded":5,"win_rate":0,"timestamp":1565780637,"path_taken":["M","?","?","M","?","E","M","M","T","E","$","?","R","M","R","BOSS","M","?","?","M","M","E","R","?","T","R","M","R","M","$","R","BOSS","M","M","?","?","M","R","E","M","T","R","M","$","M","?","R","BOSS"],"build_version":"2019-07-17","purchased_purges":2,"victory":true,"max_hp_per_floor":[80,80,80,80,80,80,80,80,80,80,80,80,80,80,80,80,80,80,80,80,80,80,80,80,80,80,80,80,80,80,80,80,80,80,80,80,80,80,80,80,80,80,80,80,80,80,80,80,80,80],"card_choices":[{"not_picked":["True Grit","Clash"],"picked":"Ghostly Armor","floor":1},{"not_picked":["Seeing Red","Bloodletting"],"picked":"Body Slam","floor":4},{"not_picked":["Body Slam","Fire Breathing"],"picked":"Searing Blow","floor":5},{"not_picked":["Headbutt","Anger"],"picked":"Flame Barrier","floor":6},{"not_picked":["Fire Breathing","Pummel"],"picked":"True Grit","floor":7},{"not_picked":["Sword Boomerang","Iron Wave"],"picked":"Warcry","floor":8},{"not_picked":["Second Wind","Thunderclap+1"],"picked":"Immolate+1","floor":10},{"not_picked":["Heavy Blade+1","Blood for Blood+1"],"picked":"Burning Pact","floor":14},{"not_picked":["Dark Embrace","Demon Form"],"picked":"Impervious","floor":16},{"not_picked":["Pommel Strike+1","Body Slam+1"],"picked":"Wild Strike+1","floor":18},{"not_picked":["Body Slam+1","Flame Barrier"],"picked":"Twin Strike+1","floor":21},{"not_picked":["Twin Strike+1","Feel No Pain+1"],"picked":"Shrug It Off","floor":22},{"not_picked":["Blood for Blood+1","Entrench"],"picked":"Battle Trance","floor":23},{"not_picked":["Havoc","Twin Strike+1","Armaments"],"picked":"SKIP","floor":25},{"not_picked":["Second Wind+1","Flame Barrier+1"],"picked":"Headbutt+1","floor":28},{"not_picked":["Rampage+1","Twin Strike+1"],"picked":"Pommel Strike+1","floor":30},{"not_picked":["Exhume+1","Immolate+1"],"picked":"Offering+1","floor":33},{"not_picked":["Searing Blow+1","Headbutt+1"],"picked":"Double Tap+1","floor":35},{"not_picked":["Evolve","Sever Soul+1"],"picked":"True Grit+1","floor":36},{"not_picked":["Body Slam+1","Thunderclap+1","Anger+1"],"picked":"SKIP","floor":39},{"not_picked":["Rage+1","Infernal Blade+1"],"picked":"Intimidate+1","floor":41},{"not_picked":["Burning Pact+1","Wild Strike+1"],"picked":"Bludgeon+1","floor":42},{"not_picked":["Wild Strike+1","Headbutt+1"],"picked":"Perfected Strike+1","floor":45},{"not_picked":["Burning Pact+1","Dropkick+1","Flex+1"],"picked":"SKIP","floor":47},{"not_picked":["Panache","HandOfGreed+1"],"picked":"Thinking Ahead+1","floor":48},{"not_picked":["Impatience+1","Chrysalis+1"],"picked":"Mayhem","floor":48},{"not_picked":["Impatience+1","Flash of Steel+1"],"picked":"Swift Strike+1","floor":48}],"player_experience":304503,"relics_obtained":[{"floor":6,"key":"Tiny Chest"},{"floor":9,"key":"Molten Egg 2"},{"floor":10,"key":"Pen Nib"},{"floor":23,"key":"Pocketwatch"},{"floor":26,"key":"Toxic Egg 2"},{"floor":41,"key":"Lantern"},{"floor":43,"key":"Regal Pillow"}],"event_choices":[{"damage_healed":0,"gold_gain":0,"player_choice":"Entered Light","damage_taken":16,"max_hp_gain":0,"max_hp_loss":0,"event_name":"Shining Light","floor":2,"gold_loss":0,"cards_upgraded":["Bash","Strike_R"]},{"damage_healed":0,"gold_gain":0,"player_choice":"Take Wound","damage_taken":0,"relics_obtained":["Golden Idol"],"max_hp_gain":0,"max_hp_loss":0,"event_name":"Golden Idol","floor":12,"gold_loss":0,"cards_obtained":["Injury"]},{"damage_healed":0,"gold_gain":0,"player_choice":"Gave Idol","damage_taken":0,"relics_obtained":["Bloody Idol"],"max_hp_gain":0,"max_hp_loss":0,"event_name":"Forgotten Altar","floor":19,"relics_lost":["Golden Idol"],"gold_loss":0},{"damage_healed":0,"gold_gain":0,"player_choice":"Traded Relic","damage_taken":0,"relics_obtained":["Nloth\u0027s Gift"],"max_hp_gain":0,"max_hp_loss":0,"event_name":"N\u0027loth","floor":20,"relics_lost":["Pen Nib"],"gold_loss":0},{"damage_healed":0,"gold_gain":0,"player_choice":"Ignored","damage_taken":0,"max_hp_gain":0,"max_hp_loss":0,"event_name":"Tomb of Lord Red Mask","floor":37,"gold_loss":0},{"damage_healed":0,"gold_gain":0,"player_choice":"Embrace Madness","damage_taken":10,"max_hp_gain":0,"max_hp_loss":0,"event_name":"Winding Halls","floor":38,"gold_loss":0,"cards_obtained":["Madness","Madness"]},{"damage_healed":0,"gold_gain":0,"player_choice":"Memory 3","damage_taken":10,"max_hp_gain":0,"max_hp_loss":0,"event_name":"SensoryStone","floor":48,"gold_loss":0}],"is_beta":false,"boss_relics":[{"not_picked":["Black Blood","Runic Cube"],"picked":"Velvet Choker"},{"not_picked":["Cursed Key","White Beast Statue"],"picked":"Fusion Hammer"}],"items_purged_floors":[31,46],"is_endless":false,"potions_floor_spawned":[1,6,10,14,16,18,22,28,33,35,41,47],"ascension_level":4}