{"gold_per_floor":[113,127,127,141,58,58,73,86,86,116,127,81,91,91,91,91],"floor_reached":16,"playtime":821,"items_purged":[],"score":177,"play_id":"4e5ca4f4-1813-430d-a7b9-8ccbab0d95f9","local_time":"20190802183650","is_ascension_mode":true,"campfire_choices":[{"data":"Hello World","floor":6.0,"key":"SMITH"},{"floor":15,"key":"REST"}],"neow_cost":"NONE","seed_source_timestamp":0,"circlet_count":0,"master_deck":["AscendersBane","Strike_B","Strike_B","Strike_B","Strike_B","Defend_B","Defend_B","Defend_B","Defend_B","Zap","Dualcast","Forethought","Conserve Battery","Force Field","Leap","Zap","Multi-Cast","Hello World+1","Loop","Cold Snap","Force Field","Defragment","Genetic Algorithm","Ball Lightning","Darkness"],"special_seed":0,"relics":["Cracked Core","Ornamental Fan","Letter Opener"],"potions_floor_usage":[],"damage_taken":[{"damage":2.0,"enemies":"Jaw Worm","floor":1.0,"turns":3.0},{"damage":0.0,"enemies":"Cultist","floor":2.0,"turns":4.0},{"damage":4.0,"enemies":"Small Slimes","floor":4.0,"turns":3.0},{"damage":0.0,"enemies":"Looter","floor":7.0,"turns":4.0},{"damage":6.0,"enemies":"2 Fungi Beasts","floor":8.0,"turns":4.0},{"damage":13.0,"enemies":"Gremlin Nob","floor":10.0,"turns":5.0},{"damage":19.0,"enemies":"3 Louse","floor":11.0,"turns":5.0},{"damage":4,"enemies":"Blue Slaver","floor":13,"turns":3},{"damage":52,"enemies":"Slime Boss","floor":16,"turns":5}],"seed_played":"352112721525186399","potions_obtained":[{"floor":4.0,"key":"Block Potion"},{"floor":7.0,"key":"SteroidPotion"},{"floor":8.0,"key":"SpeedPotion"},{"floor":11.0,"key":"Swift Potion"}],"is_trial":false,"path_per_floor":["M","M","?","M","$","R","M","M","T","E","M","?","M","?","R","B"],"character_chosen":"DEFECT","items_purchased":["Loop","Cold Snap"],"campfire_rested":1,"item_purchase_floors":[5,5],"current_hp_per_floor":[62,62,62,58,58,58,58,52,52,39,20,20,16,16,37,0],"gold":91,"neow_bonus":"RANDOM_COLORLESS","is_prod":false,"is_daily":false,"chose_seed":false,"campfire_upgraded":1,"win_rate":0,"timestamp":1564796210,"path_taken":["M","M","?","?","?","R","M","M","T","E","M","?","M","?","R","BOSS"],"build_version":"2019-07-17","purchased_purges":0,"victory":false,"max_hp_per_floor":[71,71,71,71,71,71,71,71,71,71,71,71,71,71,71,71],"card_choices":[{"not_picked":["Leap","Gash"],"picked":"Conserve Battery","floor":1.0},{"not_picked":["Go for the Eyes","Conserve Battery"],"picked":"Force Field","floor":2.0},{"not_picked":["All For One","Steam Power"],"picked":"Hello World","floor":4.0},{"not_picked":["Recycle","Steam"],"picked":"Force Field","floor":7.0},{"not_picked":["Gash","Steam Power"],"picked":"Defragment","floor":8.0},{"not_picked":["Redo","Recycle"],"picked":"Genetic Algorithm","floor":10.0},{"not_picked":["Conserve Battery","Sunder"],"picked":"Ball Lightning","floor":11.0},{"not_picked":["Double Energy","Leap"],"picked":"Darkness","floor":13}],"player_experience":650360,"relics_obtained":[{"floor":9.0,"key":"Ornamental Fan"},{"floor":10.0,"key":"Letter Opener"}],"event_choices":[{"damage_healed":0.0,"max_hp_gain":0.0,"max_hp_loss":0.0,"gold_gain":0.0,"event_name":"Match and Keep!","player_choice":"3 cards matched","floor":3.0,"gold_loss":0.0,"damage_taken":0.0,"cards_obtained":["Leap","Zap","Multi-Cast"]},{"damage_healed":0,"gold_gain":0,"player_choice":"Left Gold","damage_taken":0,"max_hp_gain":0,"max_hp_loss":0,"event_name":"World of Goop","floor":12,"gold_loss":46},{"damage_healed":0,"gold_gain":0,"player_choice":"Ignored","damage_taken":0,"max_hp_gain":0,"max_hp_loss":0,"event_name":"Golden Wing","floor":14,"gold_loss":0}],"is_beta":false,"boss_relics":[],"items_purged_floors":[],"is_endless":false,"potions_floor_spawned":[4,7,8,11],"killed_by":"Slime Boss","ascension_level":14}