{"gold_per_floor":[367,380,41,41,41,41,60,89,89,148,148,163,193,209,209,288,288,304,315,315,28,39,39,69,69,69,69,94,104,104,19,19,96,96,116,126,126,140,140,140,155,167,167,167,167],"floor_reached":46,"playtime":2517,"items_purged":["Strike_B","Strike_B"],"score":1086,"play_id":"dfd8ca7b-8ba7-4d4d-bd75-495b09ffbca7","local_time":"20190816225319","is_ascension_mode":true,"campfire_choices":[{"data":"Melter","floor":6.0,"key":"SMITH"},{"data":"Loop","floor":11.0,"key":"SMITH"},{"data":"Loop","floor":15.0,"key":"SMITH"},{"data":"Glacier","floor":23.0,"key":"SMITH"},{"data":"Multi-Cast","floor":27.0,"key":"SMITH"},{"data":"Blind","floor":32.0,"key":"SMITH"},{"floor":40.0,"key":"RECALL"}],"neow_cost":"TEN_PERCENT_HP_LOSS","seed_source_timestamp":129488495465,"circlet_count":0,"master_deck":["AscendersBane","Defend_B","Defend_B","Defend_B","Defend_B","Zap+1","Dualcast+1","Genetic Algorithm","Chill","Ball Lightning","Melter+1","Ball Lightning","Loop+1","Leap","Loop+1","Glacier+1","Multi-Cast+1","Biased Cognition+1","Cold Snap","Biased Cognition+1","Self Repair+1","Heatsinks+1","Defragment+1","Steam Power+1","Redo","Reboot","Blind+1","Buffer+1","Go for the Eyes+1","Auto Shields+1","Machine Learning+1","Self Repair+1"],"special_seed":0,"relics":["Cracked Core","Vajra","Question Card","Pantograph","Tiny Chest","Frozen Egg 2","Nuclear Battery","Oddly Smooth Stone","Strawberry","Mummified Hand","Orichalcum","Fusion Hammer","Potion Belt","Ornamental Fan"],"potions_floor_usage":[45,45],"damage_taken":[{"damage":1.0,"enemies":"Cultist","floor":1.0,"turns":3.0},{"damage":10.0,"enemies":"Jaw Worm","floor":2.0,"turns":5.0},{"damage":0.0,"enemies":"2 Louse","floor":7.0,"turns":1.0},{"damage":7.0,"enemies":"3 Sentries","floor":8.0,"turns":5.0},{"damage":13.0,"enemies":"Gremlin Nob","floor":10.0,"turns":4.0},{"damage":4.0,"enemies":"Blue Slaver","floor":12.0,"turns":2.0},{"damage":12.0,"enemies":"Lagavulin","floor":13.0,"turns":6.0},{"damage":0.0,"enemies":"Looter","floor":14.0,"turns":3.0},{"damage":19.0,"enemies":"Slime Boss","floor":16.0,"turns":7.0},{"damage":0.0,"enemies":"Shell Parasite","floor":18.0,"turns":5.0},{"damage":1.0,"enemies":"Chosen","floor":19.0,"turns":3.0},{"damage":15.0,"enemies":"Shelled Parasite and Fungi","floor":22.0,"turns":3.0},{"damage":3.0,"enemies":"Slavers","floor":24.0,"turns":6.0},{"damage":19.0,"enemies":"Gremlin Leader","floor":28.0,"turns":6.0},{"damage":0.0,"enemies":"Sentry and Sphere","floor":29.0,"turns":2.0},{"damage":1.0,"enemies":"Automaton","floor":33.0,"turns":12.0},{"damage":0.0,"enemies":"3 Shapes","floor":35.0,"turns":5.0},{"damage":0.0,"enemies":"Orb Walker","floor":36.0,"turns":2.0},{"damage":0.0,"enemies":"4 Shapes","floor":38.0,"turns":6.0},{"damage":9.0,"enemies":"Writhing Mass","floor":41.0,"turns":4.0},{"damage":13.0,"enemies":"Spire Growth","floor":42.0,"turns":4.0},{"damage":12,"enemies":"Time Eater","floor":45,"turns":11}],"seed_played":"-6809350916289054695","potions_obtained":[{"floor":1.0,"key":"Ancient Potion"},{"floor":2.0,"key":"Block Potion"},{"floor":10.0,"key":"SpeedPotion"},{"floor":12.0,"key":"Swift Potion"},{"floor":19.0,"key":"Swift Potion"},{"floor":22.0,"key":"LiquidBronze"},{"floor":24.0,"key":"Dexterity Potion"},{"floor":37.0,"key":"SmokeBomb"},{"floor":38.0,"key":"FocusPotion"},{"floor":41.0,"key":"Fire Potion"}],"is_trial":false,"path_per_floor":["M","M","$","?","?","R","M","E","T","E","R","M","E","M","R","B",null,"M","M","?","$","M","R","E","?","T","R","E","M","?","$","R","B",null,"M","M","?","M","T","R","M","M","T","?","B",null],"character_chosen":"DEFECT","items_purchased":["Ball Lightning","Melter","Vajra","Self Repair+1","Oddly Smooth Stone","Blind"],"campfire_rested":0,"item_purchase_floors":[3,3,3,21,21,31],"current_hp_per_floor":[67,57,57,57,57,57,57,50,50,37,37,33,21,21,21,27,58,58,57,57,57,52,52,66,66,66,66,57,57,57,57,57,75,75,75,75,75,75,75,75,75,75,75,75,75],"gold":167,"neow_bonus":"TWO_FIFTY_GOLD","is_prod":false,"is_daily":false,"chose_seed":false,"campfire_upgraded":6,"win_rate":0,"timestamp":1566013999,"path_taken":["M","M","$","?","?","R","M","E","T","E","R","?","E","M","R","BOSS","M","M","?","$","M","R","E","?","T","R","E","M","?","$","R","BOSS","M","M","?","?","?","R","M","M","T","?","BOSS"],"build_version":"2019-07-17","purchased_purges":2,"victory":true,"max_hp_per_floor":[68,68,68,68,68,68,68,68,68,68,68,68,68,68,68,68,68,68,68,68,68,68,68,75,75,75,75,75,75,75,75,75,75,75,75,75,75,75,75,75,75,75,75,75,75],"card_choices":[{"not_picked":["Compile Driver","Redo"],"picked":"Genetic Algorithm","floor":1.0},{"not_picked":["FTL","Melter"],"picked":"Chill","floor":2.0},{"not_picked":["Darkness","Force Field"],"picked":"Ball Lightning","floor":7.0},{"not_picked":["Lockon","Blizzard"],"picked":"Loop","floor":8.0},{"not_picked":["Lockon","Go for the Eyes","Steam Power"],"picked":"Leap","floor":10.0},{"not_picked":["All For One","Go for the Eyes","Gash"],"picked":"Loop","floor":12.0},{"not_picked":["Beam Cell","Reinforced Body","Redo"],"picked":"Glacier","floor":13.0},{"not_picked":["Storm+1","Compile Driver","Gash"],"picked":"Multi-Cast","floor":14.0},{"not_picked":["Thunder Strike","Meteor Strike","Reboot"],"picked":"Biased Cognition+1","floor":16.0},{"not_picked":["Steam","Stack","Beam Cell","Genetic Algorithm"],"picked":"SKIP","floor":18.0},{"not_picked":["Stack","Compile Driver+1","Beam Cell"],"picked":"Cold Snap","floor":19.0},{"not_picked":["Hologram","Conserve Battery","Amplify"],"picked":"Heatsinks+1","floor":22.0},{"not_picked":["Barrage","Aggregate","Ball Lightning"],"picked":"Defragment+1","floor":24.0},{"not_picked":["Streamline","Sweeping Beam","Leap"],"picked":"Steam Power+1","floor":28.0},{"not_picked":["Coolheaded","Stack","Doom and Gloom","Conserve Battery"],"picked":"SKIP","floor":29.0},{"not_picked":["Machine Learning+1","Creative AI+1","Reboot"],"picked":"Buffer+1","floor":33.0},{"not_picked":["Sweeping Beam","Stack","Cold Snap+1"],"picked":"Go for the Eyes+1","floor":35.0},{"not_picked":["FTL","Turbo","Beam Cell"],"picked":"Auto Shields+1","floor":36.0},{"not_picked":["Compile Driver+1","Recycle","Beam Cell"],"picked":"Machine Learning+1","floor":38.0},{"not_picked":["Beam Cell","Streamline","Double Energy+1"],"picked":"Self Repair+1","floor":41.0},{"not_picked":["Turbo+1","Darkness+1","Compile Driver","Consume+1"],"picked":"SKIP","floor":42.0}],"player_experience":270100,"relics_obtained":[{"floor":8.0,"key":"Question Card"},{"floor":9.0,"key":"Pantograph"},{"floor":10.0,"key":"Tiny Chest"},{"floor":13.0,"key":"Frozen Egg 2"},{"floor":24.0,"key":"Strawberry"},{"floor":26.0,"key":"Mummified Hand"},{"floor":28.0,"key":"Orichalcum"},{"floor":39.0,"key":"Potion Belt"},{"floor":43.0,"key":"Ornamental Fan"}],"event_choices":[{"damage_healed":0.0,"max_hp_gain":0.0,"max_hp_loss":0.0,"gold_gain":0.0,"event_name":"Living Wall","player_choice":"Grow","floor":4.0,"gold_loss":0.0,"damage_taken":0.0,"cards_upgraded":["Dualcast"]},{"damage_healed":0.0,"max_hp_gain":0.0,"max_hp_loss":0.0,"gold_gain":0.0,"event_name":"Upgrade Shrine","player_choice":"Upgraded","floor":5.0,"gold_loss":0.0,"damage_taken":0.0,"cards_upgraded":["Zap"]},{"damage_healed":0.0,"max_hp_gain":0.0,"max_hp_loss":0.0,"gold_gain":0.0,"event_name":"The Library","player_choice":"Read","floor":20.0,"gold_loss":0.0,"damage_taken":0.0,"cards_obtained":["Biased Cognition"]},{"damage_healed":0.0,"max_hp_gain":0.0,"max_hp_loss":0.0,"gold_gain":0.0,"event_name":"Vampires","player_choice":"Ignored","floor":25.0,"gold_loss":0.0,"damage_taken":0.0},{"damage_healed":0.0,"max_hp_gain":0.0,"max_hp_loss":0.0,"gold_gain":0.0,"cards_transformed":["Strike_B","Strike_B"],"event_name":"Drug Dealer","player_choice":"Became Test Subject","floor":30.0,"gold_loss":0.0,"damage_taken":0.0,"cards_obtained":["Redo","Reboot"]},{"damage_healed":0.0,"max_hp_gain":0.0,"max_hp_loss":0.0,"gold_gain":0.0,"event_name":"Lab","player_choice":"Got Potions","floor":37.0,"gold_loss":0.0,"damage_taken":0.0},{"damage_healed":0.0,"max_hp_gain":0.0,"max_hp_loss":0.0,"gold_gain":0.0,"event_name":"SecretPortal","player_choice":"Took Portal","floor":44.0,"gold_loss":0.0,"damage_taken":0.0}],"is_beta":false,"boss_relics":[{"not_picked":["Busted Crown","Eternal Feather"],"picked":"Nuclear Battery"},{"not_picked":["Runic Pyramid","Empty Cage"],"picked":"Fusion Hammer"}],"items_purged_floors":[3,21],"is_endless":false,"potions_floor_spawned":[1,2,10,12,13,16,19,22,24,33,36,38,41],"ascension_level":13}