{"gold_per_floor":[111,122,122,176,176,207,207,221,246,246,276,292,102,118,118,118],"floor_reached":16,"playtime":904,"items_purged":[],"score":187,"play_id":"33c166a3-e61f-4aea-a301-7b20fb86096d","local_time":"20181101210329","is_ascension_mode":true,"campfire_choices":[{"data":"Storm","floor":7,"key":"SMITH"},{"floor":10,"key":"REST"},{"data":"Loop","floor":15,"key":"SMITH"}],"neow_cost":"NONE","seed_source_timestamp":27136560965751,"circlet_count":0,"master_deck":["AscendersBane","Strike_B","Strike_B","Strike_B","Strike_B","Defend_B","Defend_B","Defend_B+1","Defend_B","Zap+1","Dualcast","Storm+1","Leap","Hello World","Fission","Ball Lightning","Capacitor","Loop+1","Core Surge"],"relics":["Cracked Core","Blood Vial","Orichalcum","Smiling Mask","Oddly Smooth Stone","Bronze Scales","War Paint","Juzu Bracelet"],"potions_floor_usage":[6,16,16],"damage_taken":[{"damage":5,"enemies":"Small Slimes","floor":1,"turns":3},{"damage":4,"enemies":"Jaw Worm","floor":2,"turns":3},{"damage":35,"enemies":"3 Sentries","floor":6,"turns":8},{"damage":1,"enemies":"2 Louse","floor":8,"turns":3},{"damage":14,"enemies":"Lagavulin","floor":11,"turns":6},{"damage":9,"enemies":"Exordium Thugs","floor":12,"turns":4},{"damage":2,"enemies":"3 Louse","floor":14,"turns":2},{"damage":31,"enemies":"The Guardian","floor":16,"turns":6}],"seed_played":"-2683961457711361235","potions_obtained":[{"floor":1,"key":"Weak Potion"},{"floor":2,"key":"Explosive Potion"},{"floor":5,"key":"Dexterity Potion"},{"floor":5,"key":"PowerPotion"},{"floor":8,"key":"Strength Potion"}],"is_trial":false,"path_per_floor":["M","M","?","T","?","E","R","M","T","R","E","M","$","M","R","B"],"character_chosen":"DEFECT","items_purchased":["Loop","Juzu Bracelet"],"campfire_rested":1,"item_purchase_floors":[13,13],"current_hp_per_floor":[61,59,56,56,56,23,23,24,24,45,33,26,26,26,26,0],"gold":118,"neow_bonus":"RANDOM_COMMON_RELIC","is_prod":false,"is_daily":false,"chose_seed":false,"campfire_upgraded":2,"win_rate":0,"timestamp":1541131409,"path_taken":["M","M","?","?","?","E","R","M","T","R","E","M","$","M","R","BOSS"],"build_version":"2018-11-01","purchased_purges":0,"victory":false,"max_hp_per_floor":[71,71,71,71,71,71,71,71,71,71,71,71,71,71,71,71],"card_choices":[{"not_picked":["Sweeping Beam","Steam"],"picked":"Storm","floor":1},{"not_picked":["Doom and Gloom","Streamline"],"picked":"Leap","floor":2},{"not_picked":["Ball Lightning","Streamline"],"picked":"Hello World","floor":6},{"not_picked":["Rip and Tear","Sweeping Beam"],"picked":"Fission","floor":8},{"not_picked":["Compile Driver","Turbo"],"picked":"Ball Lightning","floor":11},{"not_picked":["Gash","Rebound"],"picked":"Capacitor","floor":12},{"not_picked":["Consume","Cold Snap"],"picked":"Core Surge","floor":14}],"player_experience":626053,"relics_obtained":[{"floor":4,"key":"Smiling Mask"},{"floor":6,"key":"Oddly Smooth Stone"},{"floor":9,"key":"Bronze Scales"},{"floor":11,"key":"War Paint"}],"event_choices":[{"damage_healed":0,"gold_gain":0,"player_choice":"Success","damage_taken":3,"relics_obtained":["Orichalcum"],"max_hp_gain":0,"max_hp_loss":0,"event_name":"Scrap Ooze","floor":3,"gold_loss":0},{"damage_healed":0,"gold_gain":0,"player_choice":"Got Potions","damage_taken":0,"max_hp_gain":0,"max_hp_loss":0,"event_name":"Lab","floor":5,"gold_loss":0}],"is_beta":false,"boss_relics":[],"items_purged_floors":[],"is_endless":false,"potions_floor_spawned":[1,2,8,14],"killed_by":"The Guardian","ascension_level":14}