{"gold_per_floor":[112,112,112,124,140,165,165,197,259,281,293,321,333,357,369,482,494,523,547,579,591,603,641,653,694,706,751,774,786,758,785,797,909,921,946,974,986,1015,1046,1058,1104,281,281,312,31,31,31,43,43,43],"floor_reached":51,"playtime":3492,"items_purged":[],"score":1158,"play_id":"e32680d4-afac-4dab-98b4-73e2dd006cec","local_time":"20190818183659","is_ascension_mode":true,"campfire_choices":[{"floor":7,"key":"REST"},{"floor":11,"key":"REST"},{"floor":13,"key":"REST"},{"data":"Coolheaded","floor":15,"key":"SMITH"},{"floor":24,"key":"REST"},{"floor":29,"key":"REST"},{"floor":32,"key":"REST"},{"floor":40,"key":"REST"},{"floor":47,"key":"REST"},{"floor":49,"key":"REST"}],"neow_cost":"NONE","seed_source_timestamp":741835730083770,"circlet_count":0,"master_deck":["Strike_B+1","Defend_B+1","Zap","Dualcast","Cold Snap","Sunder","Coolheaded+1","Gash+1","Biased Cognition","Sweeping Beam","Ball Lightning","Glacier+1","Barrage","Seek","Go for the Eyes+1","Defragment+1","Double Energy+1","Go for the Eyes","Cold Snap+1","Auto Shields+1","FTL","Echo Form","Conserve Battery+1","Biased Cognition","All For One+1","Defragment+1","Steam Power+1","Coolheaded+1","Glacier+1","Blizzard","Defragment+1","Capacitor","Master of Strategy+1","Madness+1","Madness+1"],"relics":["Cracked Core","Pantograph","MawBank","Ancient Tea Set","Velvet Choker","The Courier","Orichalcum","Dream Catcher","Toxic Egg 2","Pen Nib","Astrolabe","PreservedInsect","Happy Flower","Blood Vial","Shuriken","Mercury Hourglass","Anchor","Omamori","Whetstone","TheAbacus"],"potions_floor_usage":[16,27,33,33,50,50],"damage_taken":[{"damage":7,"enemies":"Small Slimes","floor":1,"turns":3},{"damage":2,"enemies":"Jaw Worm","floor":4,"turns":3},{"damage":4,"enemies":"Cultist","floor":5,"turns":3},{"damage":19,"enemies":"Gremlin Nob","floor":6,"turns":4},{"damage":12,"enemies":"3 Sentries","floor":8,"turns":9},{"damage":12,"enemies":"Lots of Slimes","floor":10,"turns":3},{"damage":4,"enemies":"2 Fungi Beasts","floor":12,"turns":3},{"damage":0,"enemies":"Exordium Thugs","floor":14,"turns":3},{"damage":51,"enemies":"Hexaghost","floor":16,"turns":13},{"damage":0,"enemies":"Chosen","floor":18,"turns":4},{"damage":13,"enemies":"2 Thieves","floor":19,"turns":5},{"damage":2,"enemies":"Shelled Parasite and Fungi","floor":20,"turns":6},{"damage":8,"enemies":"Book of Stabbing","floor":23,"turns":6},{"damage":43,"enemies":"Gremlin Leader","floor":25,"turns":11},{"damage":2,"enemies":"Book of Stabbing","floor":27,"turns":6},{"damage":8,"enemies":"Snake Plant","floor":28,"turns":5},{"damage":0,"enemies":"Cultist and Chosen","floor":31,"turns":6},{"damage":45,"enemies":"Collector","floor":33,"turns":14},{"damage":0,"enemies":"3 Shapes","floor":35,"turns":5},{"damage":11,"enemies":"3 Darklings","floor":36,"turns":6},{"damage":7,"enemies":"Sphere and 2 Shapes","floor":38,"turns":5},{"damage":8,"enemies":"Spire Growth","floor":39,"turns":6},{"damage":0,"enemies":"Giant Head","floor":41,"turns":10},{"damage":38,"enemies":"Nemesis","floor":44,"turns":7},{"damage":17,"enemies":"Maw","floor":48,"turns":8},{"damage":0,"enemies":"Donu and Deca","floor":50,"turns":8}],"seed_played":"3037469080570147153","potions_obtained":[{"floor":1,"key":"Poison Potion"},{"floor":6,"key":"SteroidPotion"},{"floor":10,"key":"Explosive Potion"},{"floor":16,"key":"FearPotion"},{"floor":25,"key":"GamblersBrew"},{"floor":27,"key":"Strength Potion"},{"floor":39,"key":"Fire Potion"},{"floor":44,"key":"LiquidBronze"}],"is_trial":false,"path_per_floor":["M","?","?","M","M","E","R","E","T","M","R","M","R","M","R","B",null,"M","M","M","?","T","E","R","E","T","E","M","R","?","M","R","B",null,"M","M","?","M","M","R","E","$","T","E","$","?","R","M","R","B",null],"character_chosen":"DEFECT","items_purchased":["Capacitor","Master of Strategy+1","Happy Flower","Blood Vial","Shuriken","Mercury Hourglass","Whetstone","TheAbacus"],"campfire_rested":9,"item_purchase_floors":[42,42,42,42,42,42,45,45],"current_hp_per_floor":[61,46,46,44,40,21,43,31,31,19,41,37,59,59,59,24,62,62,49,47,47,47,39,61,18,18,16,8,30,30,30,52,30,64,64,53,53,46,38,60,60,60,60,24,24,15,37,22,44,71],"gold":43,"neow_bonus":"REMOVE_CARD","is_prod":false,"is_daily":false,"chose_seed":false,"campfire_upgraded":1,"win_rate":0,"timestamp":1566146219,"path_taken":["M","?","?","?","?","E","R","E","T","M","R","M","R","?","R","BOSS","M","M","M","?","?","E","R","E","T","E","M","R","?","?","R","BOSS","M","M","?","?","M","R","E","$","T","E","$","?","R","M","R","BOSS"],"build_version":"2019-07-17","purchased_purges":0,"victory":true,"max_hp_per_floor":[75,75,75,75,75,75,75,75,75,75,75,75,75,75,75,75,75,75,75,75,75,75,75,75,75,75,75,75,75,75,75,75,75,75,75,75,75,75,75,75,75,75,75,75,75,75,75,75,75,75],"card_choices":[{"not_picked":["Rip and Tear","Auto Shields"],"picked":"Cold Snap","floor":1},{"not_picked":["Turbo","Aggregate"],"picked":"Coolheaded","floor":4},{"not_picked":["Leap","Redo"],"picked":"Gash","floor":5},{"not_picked":["Rebound","Coolheaded"],"picked":"Biased Cognition","floor":6},{"not_picked":["Rebound","Force Field"],"picked":"Sweeping Beam","floor":8},{"not_picked":["Redo","Consume"],"picked":"Ball Lightning","floor":10},{"not_picked":["Aggregate","Ball Lightning"],"picked":"Glacier","floor":12},{"not_picked":["Hologram","Redo"],"picked":"Barrage","floor":14},{"not_picked":["Hyperbeam","Echo Form"],"picked":"Seek","floor":16},{"not_picked":["Force Field+1","FTL+1"],"picked":"Go for the Eyes+1","floor":18},{"not_picked":["Recycle+1","Self Repair","Sweeping Beam"],"picked":"SKIP","floor":19},{"not_picked":["Fusion+1","Doom and Gloom"],"picked":"Defragment","floor":20},{"not_picked":["Stack","Static Discharge"],"picked":"Double Energy+1","floor":23},{"not_picked":["Barrage","Steam+1"],"picked":"Go for the Eyes","floor":25},{"not_picked":["Barrage","Compile Driver"],"picked":"Cold Snap","floor":27},{"not_picked":["Go for the Eyes","Self Repair"],"picked":"Auto Shields+1","floor":28},{"not_picked":["Self Repair+1","Steam+1"],"picked":"FTL","floor":29},{"not_picked":["Coolheaded+1","Turbo+1"],"picked":"Echo Form","floor":31},{"not_picked":["Chaos+1","Go for the Eyes"],"picked":"Conserve Battery+1","floor":32},{"not_picked":["Hyperbeam","Thunder Strike"],"picked":"Biased Cognition","floor":33},{"not_picked":["Conserve Battery+1","Rebound","Beam Cell+1"],"picked":"SKIP","floor":35},{"not_picked":["Fusion+1","Conserve Battery+1"],"picked":"Coolheaded+1","floor":36},{"not_picked":["Redo+1","Defragment+1"],"picked":"Glacier+1","floor":38},{"not_picked":["BootSequence+1","Hologram+1"],"picked":"Blizzard","floor":39},{"not_picked":["Consume+1","Melter"],"picked":"Defragment+1","floor":41},{"not_picked":["Reinforced Body+1","Cold Snap+1","Meteor Strike"],"picked":"SKIP","floor":44},{"not_picked":["Beam Cell","Go for the Eyes","Scrape+1"],"picked":"SKIP","floor":48}],"player_experience":140385,"relics_obtained":[{"floor":6,"key":"Pantograph"},{"floor":8,"key":"MawBank"},{"floor":9,"key":"Ancient Tea Set"},{"floor":22,"key":"The Courier"},{"floor":23,"key":"Orichalcum"},{"floor":25,"key":"Dream Catcher"},{"floor":26,"key":"Toxic Egg 2"},{"floor":27,"key":"Pen Nib"},{"floor":41,"key":"PreservedInsect"},{"floor":43,"key":"Anchor"},{"floor":44,"key":"Omamori"}],"event_choices":[{"damage_healed":0,"gold_gain":0,"player_choice":"Entered Light","damage_taken":15,"max_hp_gain":0,"max_hp_loss":0,"event_name":"Shining Light","floor":2,"gold_loss":0,"cards_upgraded":["Strike_B","Defend_B"]},{"damage_healed":0,"gold_gain":0,"cards_transformed":["Strike_B"],"player_choice":"Transformed","damage_taken":0,"max_hp_gain":0,"max_hp_loss":0,"event_name":"Transmorgrifier","floor":3,"gold_loss":0,"cards_obtained":["Sunder"]},{"damage_healed":0,"gold_gain":0,"player_choice":"Ignored","damage_taken":0,"max_hp_gain":0,"max_hp_loss":0,"event_name":"Vampires","floor":21,"gold_loss":0},{"damage_healed":0,"gold_gain":0,"player_choice":"Upgraded Two","damage_taken":0,"max_hp_gain":0,"max_hp_loss":0,"event_name":"Designer","floor":30,"gold_loss":40,"cards_upgraded":["Defragment","Glacier"]},{"cards_removed":["Defend_B"],"damage_healed":0,"gold_gain":0,"player_choice":"Card Removal","damage_taken":0,"max_hp_gain":0,"max_hp_loss":0,"event_name":"Wheel of Change","floor":37,"gold_loss":0},{"damage_healed":0,"gold_gain":0,"player_choice":"Embrace Madness","damage_taken":9,"max_hp_gain":0,"max_hp_loss":0,"event_name":"Winding Halls","floor":46,"gold_loss":0,"cards_obtained":["Madness","Madness"]}],"is_beta":false,"boss_relics":[{"not_picked":["White Beast Statue","Runic Pyramid"],"picked":"Velvet Choker"},{"not_picked":["Pandora\u0027s Box","Nuclear Battery"],"picked":"Astrolabe"}],"items_purged_floors":[],"is_endless":false,"potions_floor_spawned":[1,6,10,16,25,27,28,39,44],"ascension_level":7}