{"gold_per_floor":[116,31,42,42,42,66,44,44,93,128,147,161,218,236,236,315,315,299,209,237,247,322,322,348,348,348,748,748,9,9,28,28,103,103,143,268,291,135,135,135,195,195,218,218,268,311,311,356,356,381],"floor_reached":51,"playtime":3017,"items_purged":[],"score":1330,"play_id":"05a3309a-0804-47a3-89aa-dbf9da3fc893","local_time":"20190808140713","is_ascension_mode":true,"campfire_choices":[{"floor":15,"key":"REST"},{"floor":23,"key":"REST"},{"data":"1","floor":25,"key":"LIFT"},{"floor":32,"key":"REST"},{"data":"Writhe","floor":40,"key":"PURGE"},{"data":"2","floor":42,"key":"LIFT"},{"data":"3","floor":44,"key":"LIFT"},{"floor":49,"key":"REST"}],"neow_cost":"NONE","seed_source_timestamp":11043193358325,"circlet_count":0,"master_deck":["AscendersBane","Strike_R+1","Strike_R+1","Strike_R+1","Defend_R","Defend_R","Defend_R","Defend_R","Bash","Feel No Pain","Inflame","Flex+1","Warcry","Shrug It Off","Shrug It Off","Sever Soul","Feel No Pain","Exhume","Infernal Blade","Limit Break","Burning Pact+1","Havoc+1","Shockwave+1","Offering","HandOfGreed+1","Flame Barrier","Rage+1","Exhume","Sentinel+1","Warcry+1","Sword Boomerang+1","Flame Barrier+1","Pommel Strike+1","Infernal Blade","Offering"],"relics":["Burning Blood","NeowsBlessing","Letter Opener","Blood Vial","Juzu Bracelet","Bag of Marbles","Ornamental Fan","Fusion Hammer","Red Mask","Girya","The Courier","Old Coin","Mercury Hourglass","Champion Belt","Toolbox","Molten Egg 2","Black Star","Peace Pipe","Lantern","War Paint","Sundial","Omamori","Whetstone","Turnip","Smiling Mask","Gambling Chip"],"potions_floor_usage":[12,13,13,16,24],"damage_taken":[{"damage":0,"enemies":"Small Slimes","floor":1,"turns":1},{"damage":0,"enemies":"Jaw Worm","floor":3,"turns":1},{"damage":0,"enemies":"Gremlin Nob","floor":10,"turns":1},{"damage":4,"enemies":"Cultist","floor":11,"turns":3},{"damage":6,"enemies":"Exordium Wildlife","floor":12,"turns":3},{"damage":56,"enemies":"Lagavulin Event","floor":13,"turns":10},{"damage":21,"enemies":"Red Slaver","floor":14,"turns":5},{"damage":38,"enemies":"The Guardian","floor":16,"turns":15},{"damage":34,"enemies":"2 Thieves","floor":18,"turns":4},{"damage":0,"enemies":"Masked Bandits","floor":20,"turns":2},{"damage":8,"enemies":"Chosen","floor":21,"turns":3},{"damage":21,"enemies":"Gremlin Leader","floor":24,"turns":8},{"damage":28,"enemies":"Colosseum Slavers","floor":27,"turns":4},{"damage":27,"enemies":"Colosseum Nobs","floor":27,"turns":4},{"damage":7,"enemies":"Snecko","floor":31,"turns":4},{"damage":42,"enemies":"Automaton","floor":33,"turns":10},{"damage":8,"enemies":"3 Shapes","floor":35,"turns":4},{"damage":28,"enemies":"Mind Bloom Boss Battle","floor":36,"turns":5},{"damage":32,"enemies":"Giant Head","floor":41,"turns":8},{"damage":16,"enemies":"Nemesis","floor":45,"turns":5},{"damage":0,"enemies":"Orb Walker","floor":46,"turns":2},{"damage":4,"enemies":"2 Orb Walkers","floor":48,"turns":4},{"damage":31,"enemies":"Donu and Deca","floor":50,"turns":4}],"seed_played":"8405300703809341828","potions_obtained":[{"floor":3,"key":"Ancient Potion"},{"floor":10,"key":"Fire Potion"},{"floor":12,"key":"Weak Potion"},{"floor":13,"key":"SpeedPotion"},{"floor":16,"key":"FairyPotion"},{"floor":20,"key":"AttackPotion"},{"floor":31,"key":"FairyPotion"}],"is_trial":false,"path_per_floor":["M","$","M","?","?","T","$","$","T","E","M","M","?","M","R","B",null,"M","?","?","M","?","R","E","R","T","?","?","$","?","M","R","B",null,"M","?","T","$","?","R","E","R","T","R","E","M","?","?","R","B",null],"character_chosen":"IRONCLAD","items_purchased":["Inflame","Flex","Shrug It Off","Champion Belt","Toolbox","Molten Egg 2","HandOfGreed+1","Sword Boomerang+1","War Paint"],"campfire_rested":4,"item_purchase_floors":[2,2,7,29,29,29,29,38,38],"current_hp_per_floor":[78,78,80,80,80,80,80,80,80,80,80,80,30,17,41,11,63,37,37,45,45,37,61,48,48,48,9,35,35,35,36,60,26,67,67,47,47,47,67,67,43,43,43,43,35,43,43,47,71,48],"gold":381,"neow_bonus":"THREE_ENEMY_KILL","is_prod":false,"is_daily":false,"chose_seed":false,"campfire_upgraded":0,"win_rate":0,"timestamp":1565298433,"path_taken":["M","$","M","?","?","?","?","$","T","E","M","M","?","M","R","BOSS","M","?","?","M","?","R","E","R","T","?","?","?","?","M","R","BOSS","M","?","?","$","?","R","E","R","T","R","E","M","?","?","R","BOSS"],"build_version":"2019-07-17","purchased_purges":0,"victory":true,"max_hp_per_floor":[80,80,80,80,80,80,80,80,80,80,80,80,80,80,80,80,80,80,80,80,80,80,80,80,80,80,80,80,80,80,80,80,80,80,80,80,80,80,80,80,80,80,80,80,80,80,80,80,80,80],"card_choices":[{"not_picked":["Clash","Perfected Strike"],"picked":"Feel No Pain","floor":1},{"not_picked":["Armaments","Bloodletting"],"picked":"Warcry","floor":3},{"not_picked":["Dual Wield","Iron Wave"],"picked":"Shrug It Off","floor":10},{"not_picked":["Iron Wave","Headbutt"],"picked":"Sever Soul","floor":11},{"not_picked":["Searing Blow","Headbutt"],"picked":"Feel No Pain","floor":12},{"not_picked":["Armaments","Thunderclap"],"picked":"Exhume","floor":13},{"not_picked":["Rage","Spot Weakness"],"picked":"Infernal Blade","floor":14},{"not_picked":["Fiend Fire","Feed"],"picked":"Limit Break","floor":16},{"not_picked":["Wild Strike+1","Anger"],"picked":"Burning Pact","floor":18},{"not_picked":["Hemokinesis+1","Cleave+1"],"picked":"Havoc+1","floor":20},{"not_picked":["Heavy Blade+1","Blood for Blood"],"picked":"Shockwave+1","floor":21},{"not_picked":["Wild Strike","Clash"],"picked":"Offering","floor":24},{"not_picked":["Hemokinesis+1","Headbutt+1"],"picked":"Rage+1","floor":31},{"not_picked":["Juggernaut","Barricade"],"picked":"Exhume","floor":33},{"not_picked":["Feel No Pain","Clothesline+1"],"picked":"Sentinel+1","floor":35},{"not_picked":["Anger+1","Evolve"],"picked":"Warcry+1","floor":36},{"not_picked":["Shrug It Off","Reckless Charge+1"],"picked":"Flame Barrier+1","floor":41},{"not_picked":["Shrug It Off+1","Entrench"],"picked":"Pommel Strike+1","floor":45},{"not_picked":["Entrench","Pommel Strike+1"],"picked":"Infernal Blade","floor":46},{"not_picked":["Flame Barrier","Ghostly Armor"],"picked":"Offering","floor":48}],"player_experience":660773,"relics_obtained":[{"floor":6,"key":"Blood Vial"},{"floor":9,"key":"Juzu Bracelet"},{"floor":10,"key":"Bag of Marbles"},{"floor":20,"key":"Red Mask"},{"floor":24,"key":"Girya"},{"floor":26,"key":"The Courier"},{"floor":27,"key":"Old Coin"},{"floor":27,"key":"Mercury Hourglass"},{"floor":36,"key":"Peace Pipe"},{"floor":37,"key":"Lantern"},{"floor":41,"key":"Sundial"},{"floor":41,"key":"Omamori"},{"floor":43,"key":"Whetstone"},{"floor":45,"key":"Turnip"},{"floor":45,"key":"Smiling Mask"},{"floor":48,"key":"Gambling Chip"}],"event_choices":[{"damage_healed":0,"gold_gain":0,"player_choice":"Box","damage_taken":0,"relics_obtained":["Letter Opener"],"max_hp_gain":0,"max_hp_loss":0,"event_name":"Big Fish","floor":4,"gold_loss":0,"cards_obtained":["Regret"]},{"damage_healed":0,"gold_gain":0,"player_choice":"Leave","damage_taken":0,"max_hp_gain":0,"max_hp_loss":0,"event_name":"The Cleric","floor":5,"gold_loss":0},{"damage_healed":0,"gold_gain":0,"player_choice":"Searched \u00272\u0027 times","damage_taken":0,"relics_obtained":["Ornamental Fan"],"max_hp_gain":0,"max_hp_loss":0,"event_name":"Dead Adventurer","floor":13,"gold_loss":0},{"cards_removed":["Regret"],"damage_healed":0,"gold_gain":0,"player_choice":"Upgrade and Remove","damage_taken":0,"max_hp_gain":0,"max_hp_loss":0,"event_name":"Designer","floor":19,"gold_loss":90,"cards_upgraded":["Strike_R"]},{"damage_healed":0,"gold_gain":0,"player_choice":"Fought Bandits","damage_taken":0,"max_hp_gain":0,"max_hp_loss":0,"event_name":"Masked Bandits","floor":20,"gold_loss":0},{"damage_healed":0,"gold_gain":75,"player_choice":"Touch","damage_taken":8,"max_hp_gain":0,"max_hp_loss":0,"event_name":"FaceTrader","floor":22,"gold_loss":0},{"damage_healed":0,"gold_gain":0,"player_choice":"Fight","damage_taken":0,"max_hp_gain":0,"max_hp_loss":0,"event_name":"Colosseum","floor":27,"gold_loss":0},{"damage_healed":0,"gold_gain":0,"player_choice":"Fought Nobs","damage_taken":0,"max_hp_gain":0,"max_hp_loss":0,"event_name":"Colosseum","floor":27,"gold_loss":0},{"damage_healed":26,"gold_gain":0,"player_choice":"Heal","damage_taken":0,"max_hp_gain":0,"max_hp_loss":0,"event_name":"The Library","floor":28,"gold_loss":0},{"damage_healed":0,"gold_gain":0,"cards_transformed":["Strike_R"],"player_choice":"Transformed","damage_taken":0,"max_hp_gain":0,"max_hp_loss":0,"event_name":"Transmorgrifier","floor":30,"gold_loss":0,"cards_obtained":["Flame Barrier"]},{"damage_healed":0,"gold_gain":0,"player_choice":"Fight","damage_taken":0,"max_hp_gain":0,"max_hp_loss":0,"event_name":"MindBloom","floor":36,"gold_loss":0},{"damage_healed":20,"gold_gain":0,"player_choice":"Writhe","damage_taken":0,"max_hp_gain":0,"max_hp_loss":0,"event_name":"Winding Halls","floor":39,"gold_loss":0,"cards_obtained":["Writhe"]},{"cards_removed":["Strike_R"],"damage_healed":0,"gold_gain":0,"player_choice":"Removed Attack","damage_taken":0,"max_hp_gain":0,"max_hp_loss":0,"event_name":"Falling","floor":47,"gold_loss":0},{"damage_healed":0,"gold_gain":0,"player_choice":"Fight","damage_taken":0,"max_hp_gain":0,"max_hp_loss":0,"event_name":"Mysterious Sphere","floor":48,"gold_loss":0}],"is_beta":false,"boss_relics":[{"not_picked":["Empty Cage","Ectoplasm"],"picked":"Fusion Hammer"},{"not_picked":["Philosopher\u0027s Stone","Cursed Key"],"picked":"Black Star"}],"items_purged_floors":[],"is_endless":false,"potions_floor_spawned":[3,10,12,13,16,20,21,27,31,33,41,46],"ascension_level":13}