{"gold_per_floor":[110,260,280,22,36,36,2,2,2,35,47,85,97,127,139,228,240,272,284,296,319,331,343,366,395,407,435,4,24,24,43,43,120,120,130,146,160,160,160,160,170,170,195,195,195,220,35,53,53,53],"floor_reached":50,"playtime":3410,"items_purged":["Doubt"],"score":869,"play_id":"6d795b86-ed30-42e1-abd3-1889c50a9613","local_time":"20180730000704","is_ascension_mode":true,"campfire_choices":[{"data":"Mind Blast","floor":6.0,"key":"SMITH"},{"data":"Envenom","floor":8.0,"key":"SMITH"},{"floor":11.0,"key":"REST"},{"data":"Footwork","floor":13.0,"key":"SMITH"},{"floor":15.0,"key":"REST"},{"data":"Terror","floor":23.0,"key":"SMITH"},{"floor":32.0,"key":"REST"},{"floor":40.0,"key":"REST"},{"floor":42.0,"key":"REST"},{"floor":49.0,"key":"REST"}],"neow_cost":"","seed_source_timestamp":0,"circlet_count":0,"master_deck":["Defend_G+1","Defend_G+1","Defend_G+1","Defend_G+1","Defend_G+1","Strike_G+1","Strike_G+1","Strike_G+1","Strike_G+1","Survivor","Neutralize","AscendersBane","Cloak And Dagger","Flying Knee","Mind Blast+1","Noxious Fumes","Envenom+1","Accuracy","Footwork+1","Bane","Crippling Poison","Malaise","Flying Knee","Terror+1","Bane","Infinite Blades","Riddle With Holes","Footwork+1","Neutralize","Dagger Spray+1","After Image","Prepared","Dodge and Roll","Cloak And Dagger","Backflip+1","Apotheosis","Mind Blast","Burst","Footwork","Cloak And Dagger+1"],"special_seed":0,"relics":["Ring of the Snake","The Courier","MawBank","Darkstone Periapt","Runic Pyramid","Question Card","TwistedFunnel","Regal Pillow","Bronze Scales","WristBlade","Juzu Bracelet","Shuriken","Orichalcum"],"potions_floor_usage":[50],"damage_taken":[{"damage":6.0,"enemies":"Small Slimes","floor":1.0,"turns":5.0},{"damage":12.0,"enemies":"Jaw Worm","floor":3.0,"turns":5.0},{"damage":0.0,"enemies":"2 Louse","floor":5.0,"turns":2.0},{"damage":13.0,"enemies":"Gremlin Nob","floor":10.0,"turns":4.0},{"damage":15.0,"enemies":"3 Sentries","floor":12.0,"turns":8.0},{"damage":20.0,"enemies":"Exordium Thugs","floor":14.0,"turns":5.0},{"damage":28.0,"enemies":"Hexaghost","floor":16.0,"turns":8.0},{"damage":6.0,"enemies":"Spheric Guardian","floor":18.0,"turns":6.0},{"damage":7.0,"enemies":"Shell Parasite","floor":21.0,"turns":7.0},{"damage":13.0,"enemies":"Centurion and Healer","floor":24.0,"turns":6.0},{"damage":16.0,"enemies":"3 Cultists","floor":25.0,"turns":5.0},{"damage":7.0,"enemies":"Snecko","floor":27.0,"turns":4.0},{"damage":0.0,"enemies":"Cultist and Chosen","floor":29.0,"turns":4.0},{"damage":0.0,"enemies":"Snake Plant","floor":31.0,"turns":4.0},{"damage":31.0,"enemies":"Automaton","floor":33.0,"turns":13.0},{"damage":12.0,"enemies":"Flame Bruiser 1 Orb","floor":35.0,"turns":6.0},{"damage":16.0,"enemies":"Orb Walker","floor":36.0,"turns":2.0},{"damage":15.0,"enemies":"4 Shapes","floor":37.0,"turns":4.0},{"damage":24.0,"enemies":"Flame Bruiser 2 Orb","floor":41.0,"turns":9.0},{"damage":21.0,"enemies":"2 Orb Walkers","floor":46.0,"turns":6.0},{"damage":15.0,"enemies":"Transient","floor":48.0,"turns":5.0},{"damage":46,"enemies":"Time Eater","floor":50,"turns":5}],"seed_played":"-1331005603813221379","potions_obtained":[{"floor":3.0,"key":"Regen Potion"},{"floor":14.0,"key":"Poison Potion"},{"floor":16.0,"key":"Fire Potion"},{"floor":21.0,"key":"Fire Potion"},{"floor":27.0,"key":"Block Potion"},{"floor":29.0,"key":"EntropicBrew"},{"floor":35.0,"key":"EntropicBrew"},{"floor":41.0,"key":"Block Potion"},{"floor":46.0,"key":"GhostInAJar"},{"floor":48.0,"key":"Block Potion"}],"is_trial":false,"path_per_floor":["M","?","M","$","M","R","$","R","T","E","R","E","R","M","R","B",null,"M","?","?","M","$","R","M","M","T","M","$","M","?","M","R","B",null,"M","M","M","?","?","R","M","R","T","?","?","E","$","M","R"],"character_chosen":"THE_SILENT","items_purchased":["Mind Blast","Noxious Fumes","Accuracy","TwistedFunnel","Regal Pillow","Bronze Scales","SteroidPotion","Orichalcum","Footwork"],"campfire_rested":6,"item_purchase_floors":[4,4,7,28,28,28,28,47,47],"current_hp_per_floor":[53,53,41,41,41,41,41,41,41,42,61,46,46,26,45,17,54,48,48,48,41,41,41,28,12,12,5,5,5,5,5,39,8,52,40,24,9,9,9,43,19,53,53,53,43,22,22,7,41,0],"gold":53,"neow_bonus":"","is_prod":false,"is_daily":false,"chose_seed":false,"campfire_upgraded":4,"win_rate":0,"timestamp":1532934424,"path_taken":["M","?","M","$","M","R","?","R","T","E","R","E","R","M","R","BOSS","M","?","?","M","?","R","M","?","T","M","$","M","?","?","R","BOSS","M","M","M","?","?","R","M","R","T","?","?","E","$","M","R","BOSS"],"build_version":"2018-07-26","purchased_purges":1,"victory":false,"max_hp_per_floor":[66,66,66,66,66,66,66,66,66,66,66,66,66,66,66,66,66,66,66,66,66,66,66,66,66,66,66,66,66,66,66,66,66,66,66,66,66,66,66,66,66,66,66,66,66,66,66,66,66,66],"card_choices":[{"not_picked":["Outmaneuver","PiercingWail"],"picked":"Cloak And Dagger","floor":1.0},{"not_picked":["Heel Hook","PiercingWail"],"picked":"Flying Knee","floor":3.0},{"not_picked":["Deflect","Flying Knee"],"picked":"Envenom","floor":5.0},{"not_picked":["Heel Hook","Dagger Spray"],"picked":"Footwork","floor":10.0},{"not_picked":["Cloak And Dagger","Crippling Poison"],"picked":"Bane","floor":12.0},{"not_picked":["Expertise","Slice"],"picked":"Crippling Poison","floor":14.0},{"not_picked":["Night Terror","Burst"],"picked":"Malaise","floor":16.0},{"not_picked":["Poisoned Stab","Dash"],"picked":"Flying Knee","floor":18.0},{"not_picked":["Reflex","Caltrops"],"picked":"Terror","floor":21.0},{"not_picked":["Tactician","Escape Plan"],"picked":"Bane","floor":24.0},{"not_picked":["Slice","Backflip"],"picked":"Infinite Blades","floor":25.0},{"not_picked":["Deadly Poison","Deflect","Slice"],"picked":"Riddle With Holes","floor":27.0},{"not_picked":["Underhanded Strike","Dagger Spray","Eviscerate"],"picked":"Footwork+1","floor":29.0},{"not_picked":["Poisoned Stab","Outmaneuver","Endless Agony"],"picked":"Dagger Spray+1","floor":31.0},{"not_picked":["Tools of the Trade","Grand Finale","Corpse Explosion"],"picked":"After Image","floor":33.0},{"not_picked":["Sucker Punch","Dagger Spray","Dagger Throw"],"picked":"Prepared","floor":35.0},{"not_picked":["Acrobatics","Riddle With Holes","Deadly Poison"],"picked":"Dodge and Roll","floor":36.0},{"not_picked":["Infinite Blades","Setup","Dagger Spray"],"picked":"Cloak And Dagger","floor":37.0},{"not_picked":["Prepared","Terror","Underhanded Strike+1"],"picked":"Backflip+1","floor":41.0},{"not_picked":["Enlightenment","Good Instincts","Mind Blast"],"picked":"Apotheosis","floor":45.0},{"not_picked":["Sadistic Nature","Finesse","Madness"],"picked":"Mind Blast","floor":45.0},{"not_picked":["Heel Hook","Acrobatics","Caltrops"],"picked":"Burst","floor":46.0},{"not_picked":["Dagger Spray","Slice+1","Sucker Punch+1"],"picked":"Cloak And Dagger+1","floor":48.0}],"player_experience":590763,"relics_obtained":[{"floor":9.0,"key":"The Courier"},{"floor":10.0,"key":"MawBank"},{"floor":12.0,"key":"Darkstone Periapt"},{"floor":26.0,"key":"Question Card"},{"floor":43.0,"key":"Juzu Bracelet"},{"floor":46.0,"key":"Shuriken"}],"event_choices":[{"event_name":"Liars Game","player_choice":"agreed","floor":2.0,"damage_taken":0.0},{"event_name":"Ghosts","player_choice":"Ignored","floor":19.0,"damage_taken":0.0},{"event_name":"Back to Basics","player_choice":"Simplicity","floor":20.0,"damage_taken":0.0},{"event_name":"Match and Keep!","player_choice":"1 cards matched","floor":30.0,"damage_taken":0.0},{"event_name":"Falling","player_choice":"Removed Attack","floor":38.0,"damage_taken":0.0},{"event_name":"Mysterious Sphere","player_choice":"Ignore","floor":39.0,"damage_taken":0.0},{"event_name":"Tomb of Lord Red Mask","player_choice":"Ignored","floor":44.0,"damage_taken":0.0},{"event_name":"SensoryStone","player_choice":"Memory 3","floor":45.0,"damage_taken":0.0}],"is_beta":false,"boss_relics":[{"not_picked":["Runic Dome","Empty Cage"],"picked":"Runic Pyramid"},{"not_picked":["Orrery","Tiny House"],"picked":"WristBlade"}],"items_purged_floors":[4],"is_endless":false,"potions_floor_spawned":[3,14,16,21,27,29,31,35,41,46,48],"killed_by":"Time Eater","ascension_level":15}