{"gold_per_floor":[115,115,115,129,142,174,174,174,174,174,207,4,14,89,89,164,214,225,6,6,6,23,23,43,43,43,43,43,43,70,70,70,70],"floor_reached":33,"playtime":1516,"items_purged":[],"score":484,"play_id":"e35490dc-3040-4f89-be11-344dbb228eab","local_time":"20190818144857","is_ascension_mode":true,"campfire_choices":[{"data":"Whirlwind","floor":8,"key":"SMITH"},{"floor":10,"key":"REST"},{"floor":15,"key":"REST"},{"floor":23,"key":"REST"},{"data":"Armaments","floor":25,"key":"SMITH"},{"floor":27,"key":"REST"},{"data":"Inflame","floor":29,"key":"SMITH"},{"floor":32,"key":"REST"}],"neow_cost":"NONE","seed_source_timestamp":14943567885775,"circlet_count":0,"master_deck":["AscendersBane","Strike_R+1","Strike_R+1","Strike_R+1","Strike_R+1","Strike_R+1","Defend_R+1","Bash","Carnage+1","Disarm+1","Bloodletting+1","Pommel Strike","Shrug It Off","Flame Barrier","Whirlwind+1","Cleave","Inflame+1","Spot Weakness","Infernal Blade+1","Headbutt","Shockwave","Offering","Sword Boomerang","Inflame+1","Thunderclap","Armaments+1","Warcry+1","Ghostly Armor+1","Clothesline","Pummel","Shame","Infernal Blade"],"relics":["Astrolabe","Unceasing Top","Blood Vial","Dodecahedron","Prayer Wheel","Tiny House","Bag of Marbles","Ancient Tea Set","Singing Bowl","Magic Flower","Strawberry"],"potions_floor_usage":[16,16,18,22],"damage_taken":[{"damage":6,"enemies":"2 Louse","floor":1,"turns":2},{"damage":0,"enemies":"Small Slimes","floor":4,"turns":2},{"damage":3,"enemies":"Jaw Worm","floor":5,"turns":1},{"damage":29,"enemies":"Lagavulin","floor":6,"turns":4},{"damage":20,"enemies":"3 Sentries","floor":11,"turns":3},{"damage":6,"enemies":"Exordium Thugs","floor":13,"turns":3},{"damage":23,"enemies":"Hexaghost","floor":16,"turns":7},{"damage":36,"enemies":"Spheric Guardian","floor":18,"turns":4},{"damage":16,"enemies":"Chosen","floor":22,"turns":2},{"damage":12,"enemies":"Snecko","floor":24,"turns":4},{"damage":50,"enemies":"Book of Stabbing","floor":30,"turns":5},{"damage":79,"enemies":"Automaton","floor":33,"turns":6}],"seed_played":"-7570089242876067378","potions_obtained":[{"floor":6,"key":"Poison Potion"},{"floor":11,"key":"Poison Potion"},{"floor":13,"key":"Regen Potion"},{"floor":17,"key":"BloodPotion"},{"floor":18,"key":"Swift Potion"}],"is_trial":false,"path_per_floor":["M","?","?","M","M","E","$","R","T","R","E","$","M","?","R","B",null,"M","$","?","T","M","R","M","R","T","R","?","R","E","?","R","B"],"character_chosen":"IRONCLAD","items_purchased":["Inflame","Spot Weakness","Infernal Blade","Bag of Marbles","Armaments"],"campfire_rested":5,"item_purchase_floors":[12,12,12,19,19],"current_hp_per_floor":[62,62,55,55,52,23,23,23,23,45,27,27,23,12,34,28,68,54,54,31,31,17,42,32,32,32,57,57,57,17,17,44,0],"gold":70,"neow_bonus":"BOSS_RELIC","is_prod":false,"is_daily":false,"chose_seed":false,"campfire_upgraded":3,"win_rate":0,"timestamp":1566164937,"path_taken":["M","?","?","M","M","E","$","R","T","R","E","$","M","?","R","BOSS","M","$","?","?","M","R","M","R","T","R","?","R","E","?","R","BOSS"],"build_version":"2019-07-17","purchased_purges":0,"victory":false,"max_hp_per_floor":[75,75,75,75,75,75,75,75,75,75,75,75,75,75,75,75,80,80,80,85,85,85,85,85,85,85,85,85,85,92,92,92,92],"card_choices":[{"not_picked":["Heavy Blade","Burning Pact"],"picked":"Pommel Strike","floor":1},{"not_picked":["Pommel Strike","Havoc"],"picked":"Shrug It Off","floor":4},{"not_picked":["Rage","Reckless Charge"],"picked":"Flame Barrier","floor":5},{"not_picked":["Armaments","Sword Boomerang"],"picked":"Whirlwind","floor":6},{"not_picked":["Body Slam","Clothesline"],"picked":"Cleave","floor":11},{"not_picked":["Sword Boomerang","Clash"],"picked":"Headbutt","floor":13},{"not_picked":["Exhume","Havoc"],"picked":"Shockwave","floor":13},{"not_picked":["Juggernaut","Dark Embrace"],"picked":"Offering","floor":16},{"not_picked":["Warcry","True Grit"],"picked":"Sword Boomerang","floor":17},{"not_picked":["Body Slam+1","Iron Wave"],"picked":"Inflame+1","floor":18},{"not_picked":["Clash","Rupture"],"picked":"Thunderclap","floor":18},{"not_picked":["Fire Breathing","Power Through"],"picked":"Warcry+1","floor":22},{"not_picked":["Entrench","Headbutt"],"picked":"Ghostly Armor+1","floor":22},{"not_picked":["Intimidate","True Grit"],"picked":"Clothesline","floor":24},{"not_picked":["Twin Strike","Rampage"],"picked":"Pummel","floor":24},{"not_picked":["Thunderclap","Brutality"],"picked":"Infernal Blade","floor":30}],"player_experience":679664,"relics_obtained":[{"floor":6,"key":"Blood Vial"},{"floor":9,"key":"Dodecahedron"},{"floor":11,"key":"Prayer Wheel"},{"floor":21,"key":"Ancient Tea Set"},{"floor":26,"key":"Singing Bowl"},{"floor":30,"key":"Strawberry"}],"event_choices":[{"damage_healed":0,"gold_gain":0,"player_choice":"Box","damage_taken":0,"relics_obtained":["Unceasing Top"],"max_hp_gain":0,"max_hp_loss":0,"event_name":"Big Fish","floor":2,"gold_loss":0,"cards_obtained":["Regret"]},{"cards_removed":["Regret"],"damage_healed":0,"gold_gain":0,"player_choice":"Card Removal","damage_taken":7,"max_hp_gain":0,"max_hp_loss":0,"event_name":"Golden Wing","floor":3,"gold_loss":0},{"damage_healed":0,"gold_gain":75,"player_choice":"Gather Gold","damage_taken":11,"max_hp_gain":0,"max_hp_loss":0,"event_name":"World of Goop","floor":14,"gold_loss":0},{"damage_healed":0,"gold_gain":0,"player_choice":"Shed Blood","damage_taken":28,"max_hp_gain":5,"max_hp_loss":0,"event_name":"Forgotten Altar","floor":20,"gold_loss":0},{"damage_healed":0,"gold_gain":0,"player_choice":"Stole Relic","damage_taken":0,"relics_obtained":["Magic Flower"],"max_hp_gain":0,"max_hp_loss":0,"event_name":"Addict","floor":28,"gold_loss":0,"cards_obtained":["Shame"]},{"damage_healed":0,"gold_gain":0,"player_choice":"Simplicity","damage_taken":0,"max_hp_gain":0,"max_hp_loss":0,"event_name":"Back to Basics","floor":31,"gold_loss":0,"cards_upgraded":["Strike_R","Strike_R","Strike_R","Strike_R","Strike_R","Defend_R"]}],"is_beta":false,"boss_relics":[{"not_picked":["Runic Pyramid","Empty Cage"],"picked":"Tiny House"}],"items_purged_floors":[],"is_endless":false,"potions_floor_spawned":[6,11,13,18],"killed_by":"Automaton","ascension_level":16}