{"gold_per_floor":[110,110,128,128,147,147,173,173,196,196,228,242,273,289,289,391,391,402,402,402,420,435,463,463,258,335,365,365,166,186,96,96,198,198,218,231,278,295,102,102,113,113,113,113,131,56,73,91,91,91],"floor_reached":51,"playtime":3230,"items_purged":["Defend_B"],"score":1003,"play_id":"65a7191a-5dd6-4770-90ed-07f263d9ca7f","local_time":"20190818153616","is_ascension_mode":true,"campfire_choices":[{"data":"White Noise","floor":6,"key":"SMITH"},{"data":"Glacier","floor":8,"key":"SMITH"},{"data":"Glacier","floor":10,"key":"SMITH"},{"data":"Double Energy","floor":15,"key":"SMITH"},{"data":"White Noise","floor":24,"key":"SMITH"},{"data":"Creative AI","floor":32,"key":"SMITH"},{"data":"Biased Cognition","floor":40,"key":"SMITH"},{"data":"Gash","floor":42,"key":"SMITH"},{"data":"FTL","floor":49,"key":"SMITH"}],"neow_cost":"NONE","seed_source_timestamp":731256249182571,"circlet_count":0,"master_deck":["Defend_B","Defend_B","Defend_B","Zap+1","Dualcast","Glacier+1","White Noise+1","FTL+1","Glacier+1","FTL","Double Energy+1","Creative AI+1","Defragment+1","Echo Form","White Noise+1","FTL","Ball Lightning+1","Gash+1","Coolheaded+1","Gash+1","Biased Cognition+1","Coolheaded+1","Seek+1","Coolheaded+1","White Noise+1","Gash+1"],"relics":["Cracked Core","NeowsBlessing","Lantern","Dream Catcher","Potion Belt","Mercury Hourglass","Coffee Dripper","Kunai","Sling","Toxic Egg 2","Bronze Scales","MealTicket","Peace Pipe","Lee\u0027s Waffle","Meat on the Bone","Pantograph"],"potions_floor_usage":[11,11,23,37,37,50,50,50],"damage_taken":[{"damage":0,"enemies":"Jaw Worm","floor":1,"turns":1},{"damage":0,"enemies":"Cultist","floor":3,"turns":1},{"damage":0,"enemies":"2 Louse","floor":5,"turns":1},{"damage":23,"enemies":"Lagavulin","floor":7,"turns":7},{"damage":7,"enemies":"3 Sentries","floor":11,"turns":9},{"damage":0,"enemies":"Large Slime","floor":12,"turns":7},{"damage":0,"enemies":"Lagavulin","floor":13,"turns":8},{"damage":1,"enemies":"Lots of Slimes","floor":14,"turns":3},{"damage":17,"enemies":"The Guardian","floor":16,"turns":14},{"damage":0,"enemies":"Spheric Guardian","floor":18,"turns":4},{"damage":7,"enemies":"Chosen","floor":21,"turns":3},{"damage":0,"enemies":"Shelled Parasite and Fungi","floor":22,"turns":5},{"damage":0,"enemies":"Gremlin Leader","floor":23,"turns":8},{"damage":7,"enemies":"Book of Stabbing","floor":27,"turns":6},{"damage":7,"enemies":"3 Cultists","floor":30,"turns":4},{"damage":0,"enemies":"Champ","floor":33,"turns":9},{"damage":6,"enemies":"3 Shapes","floor":35,"turns":3},{"damage":19,"enemies":"3 Darklings","floor":36,"turns":4},{"damage":28,"enemies":"2 Orb Walkers","floor":37,"turns":6},{"damage":0,"enemies":"Spire Growth","floor":38,"turns":6},{"damage":21,"enemies":"Sphere and 2 Shapes","floor":41,"turns":5},{"damage":0,"enemies":"Maw","floor":45,"turns":6},{"damage":0,"enemies":"Spire Growth","floor":47,"turns":4},{"damage":0,"enemies":"3 Darklings","floor":48,"turns":3},{"damage":34,"enemies":"Time Eater","floor":50,"turns":12}],"seed_played":"-7164378947321685026","potions_obtained":[{"floor":5,"key":"Regen Potion"},{"floor":7,"key":"Regen Potion"},{"floor":11,"key":"GamblersBrew"},{"floor":12,"key":"Block Potion"},{"floor":18,"key":"Strength Potion"},{"floor":21,"key":"Explosive Potion"},{"floor":27,"key":"GamblersBrew"},{"floor":33,"key":"SteroidPotion"},{"floor":36,"key":"AttackPotion"},{"floor":45,"key":"GamblersBrew"},{"floor":47,"key":"Dexterity Potion"}],"is_trial":false,"path_per_floor":["M","?","M","$","M","R","E","R","T","R","E","M","E","M","R","B",null,"M","?","?","M","M","E","R","$","T","E","?","$","M","?","R","B",null,"M","M","?","M","$","R","M","R","T","T","M","$","M","M","R","B",null],"character_chosen":"DEFECT","items_purchased":["Sling","MealTicket","Lee\u0027s Waffle"],"campfire_rested":0,"item_purchase_floors":[25,29,39],"current_hp_per_floor":[75,75,75,75,75,75,52,52,52,52,75,75,75,74,74,57,71,71,71,71,64,64,64,64,64,64,57,57,57,50,50,50,50,69,63,44,16,16,82,82,61,61,61,61,61,76,76,76,76,48],"gold":91,"neow_bonus":"THREE_ENEMY_KILL","is_prod":false,"is_daily":false,"chose_seed":false,"campfire_upgraded":9,"win_rate":0,"timestamp":1566135376,"path_taken":["M","?","?","$","?","R","E","R","T","R","E","M","E","M","R","BOSS","M","?","?","?","?","E","R","$","T","E","?","?","?","?","R","BOSS","M","M","?","M","$","R","M","R","T","?","M","$","M","M","R","BOSS"],"build_version":"2019-07-17","purchased_purges":1,"victory":true,"max_hp_per_floor":[75,75,75,75,75,75,75,75,75,75,75,75,75,75,75,75,75,75,75,75,75,75,75,75,75,75,75,75,75,75,75,75,75,75,75,75,75,75,82,82,82,82,82,82,82,82,82,82,82,82],"card_choices":[{"not_picked":["Cold Snap","Go for the Eyes"],"picked":"Glacier","floor":1},{"not_picked":["Cold Snap","Conserve Battery"],"picked":"White Noise","floor":3},{"not_picked":["Turbo","Coolheaded"],"picked":"FTL","floor":5},{"not_picked":["Auto Shields","Genetic Algorithm"],"picked":"Glacier","floor":7},{"not_picked":["Fusion","Storm","Sweeping Beam"],"picked":"SKIP","floor":11},{"not_picked":["Redo","Doom and Gloom"],"picked":"FTL","floor":12},{"not_picked":["Streamline","Beam Cell"],"picked":"Double Energy","floor":13},{"not_picked":["Skim","Double Energy","Melter"],"picked":"SKIP","floor":14},{"not_picked":["Hyperbeam","Thunder Strike"],"picked":"Creative AI","floor":16},{"not_picked":["Compile Driver","Rebound+1"],"picked":"Defragment+1","floor":18},{"not_picked":["Turbo","Sweeping Beam"],"picked":"Ball Lightning+1","floor":21},{"not_picked":["Melter","Conserve Battery"],"picked":"Gash+1","floor":22},{"not_picked":["Doom and Gloom","Compile Driver","Beam Cell"],"picked":"SKIP","floor":23},{"not_picked":["Core Surge","Steam+1"],"picked":"Coolheaded+1","floor":27},{"not_picked":["Sweeping Beam","Rebound"],"picked":"Gash","floor":30},{"not_picked":["Machine Learning","Hyperbeam"],"picked":"Biased Cognition","floor":33},{"not_picked":["Sweeping Beam+1","Beam Cell+1"],"picked":"Coolheaded+1","floor":35},{"not_picked":["Leap+1","Ball Lightning","Stack+1"],"picked":"SKIP","floor":36},{"not_picked":["Lockon","Ball Lightning+1"],"picked":"Seek+1","floor":37},{"not_picked":["Stack+1","Undo+1","Darkness+1"],"picked":"SKIP","floor":38},{"not_picked":["Static Discharge+1","Force Field+1","Consume+1"],"picked":"SKIP","floor":41},{"not_picked":["Defragment","Leap+1"],"picked":"Coolheaded+1","floor":45},{"not_picked":["Recycle+1","Ball Lightning"],"picked":"White Noise+1","floor":47},{"not_picked":["Barrage+1","Heatsinks"],"picked":"Gash+1","floor":48}],"player_experience":134733,"relics_obtained":[{"floor":7,"key":"Lantern"},{"floor":9,"key":"Dream Catcher"},{"floor":11,"key":"Potion Belt"},{"floor":13,"key":"Mercury Hourglass"},{"floor":23,"key":"Kunai"},{"floor":26,"key":"Toxic Egg 2"},{"floor":27,"key":"Bronze Scales"},{"floor":37,"key":"Peace Pipe"},{"floor":43,"key":"Meat on the Bone"},{"floor":44,"key":"Pantograph"}],"event_choices":[{"damage_healed":0,"gold_gain":0,"player_choice":"Bought 0 Potions","damage_taken":0,"max_hp_gain":0,"max_hp_loss":0,"event_name":"The Woman in Blue","floor":2,"gold_loss":0},{"damage_healed":0,"gold_gain":0,"cards_transformed":["Strike_B","Strike_B"],"player_choice":"Became Test Subject","damage_taken":0,"max_hp_gain":0,"max_hp_loss":0,"event_name":"Drug Dealer","floor":19,"gold_loss":0,"cards_obtained":["Echo Form","White Noise"]},{"damage_healed":0,"gold_gain":0,"player_choice":"Copied","damage_taken":0,"max_hp_gain":0,"max_hp_loss":0,"event_name":"Duplicator","floor":20,"gold_loss":0,"cards_obtained":["FTL"]},{"cards_removed":["Strike_B"],"damage_healed":0,"gold_gain":0,"player_choice":"Purged","damage_taken":0,"max_hp_gain":0,"max_hp_loss":0,"event_name":"Purifier","floor":28,"gold_loss":0},{"cards_removed":["Strike_B"],"damage_healed":0,"gold_gain":0,"player_choice":"Upgrade and Remove","damage_taken":0,"max_hp_gain":0,"max_hp_loss":0,"event_name":"Designer","floor":31,"gold_loss":90,"cards_upgraded":["Zap"]},{"damage_healed":0,"gold_gain":0,"player_choice":"Fight","damage_taken":0,"max_hp_gain":0,"max_hp_loss":0,"event_name":"Mysterious Sphere","floor":37,"gold_loss":0}],"is_beta":false,"boss_relics":[{"not_picked":["Runic Pyramid","Nuclear Battery"],"picked":"Coffee Dripper"},{"not_picked":["Sozu","Runic Dome","Philosopher\u0027s Stone"]}],"items_purged_floors":[46],"is_endless":false,"potions_floor_spawned":[5,7,11,12,18,21,27,33,36,45,47],"ascension_level":5}