{"gold_per_floor":[117,117,3,3,3,3,32,32,32,50,1,1,15,30,30,125,125,140,140,153,78,96,96,113,145,168,168,168,182,182,182],"floor_reached":31,"playtime":1334,"items_purged":[],"score":334,"play_id":"de4de513-4d73-4f68-a9d3-a8378dde5c23","local_time":"20180701163929","is_ascension_mode":true,"campfire_choices":[{"data":"Fusion","floor":6,"key":"SMITH"},{"data":"Go for the Eyes","floor":8,"key":"SMITH"},{"data":"Zap","floor":12,"key":"SMITH"},{"data":"Stack","floor":15,"key":"SMITH"},{"data":"Conserve Battery","floor":23,"key":"SMITH"},{"data":"Seek","floor":28,"key":"SMITH"},{"data":"Hologram","floor":30,"key":"SMITH"}],"neow_cost":"NONE","seed_source_timestamp":64479782456219,"circlet_count":0,"master_deck":["Strike_B","Strike_B","Strike_B","Defend_B","Defend_B","Defend_B","Defend_B","Zap+1","Dualcast","Ball Lightning+1","Fusion+1","Self Repair","Go for the Eyes+1","Rebound+1","Beam Cell+1","Stack+1","Sweeping Beam+1","Seek+1","Beam Cell+1","Doom and Gloom+1","Conserve Battery+1","FTL+1","Capacitor","Hologram+1"],"relics":["Cracked Core","NeowsBlessing","Toolbox","Molten Egg 2","Eternal Feather","Mercury Hourglass","Art of War"],"potions_floor_usage":[13,14,16,20,22,25,25,29],"damage_taken":[{"damage":0,"enemies":"Cultist","floor":1,"turns":1},{"damage":0,"enemies":"Gremlin Nob","floor":7,"turns":1},{"damage":0,"enemies":"2 Louse","floor":10,"turns":1},{"damage":2,"enemies":"Small Slimes","floor":13,"turns":2},{"damage":1,"enemies":"Exordium Thugs","floor":14,"turns":3},{"damage":26,"enemies":"The Guardian","floor":16,"turns":10},{"damage":0,"enemies":"Chosen","floor":18,"turns":4},{"damage":18,"enemies":"3 Byrds","floor":20,"turns":3},{"damage":25,"enemies":"Sentry and Sphere","floor":22,"turns":6},{"damage":20,"enemies":"Centurion and Healer","floor":24,"turns":3},{"damage":17,"enemies":"Gremlin Leader","floor":25,"turns":4},{"damage":22,"enemies":"Snecko","floor":29,"turns":4},{"damage":38,"enemies":"Snake Plant","floor":31,"turns":3}],"seed_played":"7699570652777159698","potions_obtained":[{"floor":7,"key":"Block Potion"},{"floor":10,"key":"Block Potion"},{"floor":13,"key":"Explosive Potion"},{"floor":16,"key":"SkillPotion"},{"floor":18,"key":"Fire Potion"},{"floor":19,"key":"Regen Potion"},{"floor":19,"key":"Weak Potion"},{"floor":20,"key":"Poison Potion"},{"floor":25,"key":"Swift Potion"}],"is_trial":false,"path_per_floor":["M","?","$","$","?","R","E","R","T","M","$","R","M","M","R","B",null,"M","?","M","?","M","R","M","E","T","?","R","M","R"],"character_chosen":"DEFECT","items_purchased":["Fusion","Self Repair","Beam Cell+1"],"campfire_rested":0,"item_purchase_floors":[3,3,11],"current_hp_per_floor":[75,75,75,75,75,75,75,75,75,75,75,75,75,75,75,56,75,75,75,64,64,46,54,34,36,36,36,44,29,37,0],"gold":182,"neow_bonus":"THREE_ENEMY_KILL","is_prod":false,"is_daily":false,"chose_seed":false,"campfire_upgraded":7,"win_rate":0,"timestamp":1530488369,"path_taken":["M","?","?","$","?","R","E","R","T","M","?","R","M","M","R","BOSS","M","?","M","?","M","R","?","E","T","?","R","M","R","M"],"build_version":"2018-06-28","purchased_purges":0,"victory":false,"max_hp_per_floor":[75,75,75,75,75,75,75,75,75,75,75,75,75,75,75,75,75,75,75,75,75,75,75,75,75,75,75,75,75,75,75],"card_choices":[{"not_picked":["Sweeping Beam","Double Energy"],"picked":"Ball Lightning","floor":1},{"not_picked":["Sweeping Beam","Hologram"],"picked":"Go for the Eyes","floor":7},{"not_picked":["Chill","Reprogram"],"picked":"Rebound+1","floor":10},{"not_picked":["Leap","Gash+1"],"picked":"Stack","floor":13},{"not_picked":["Coolheaded","Multi-Cast"],"picked":"Sweeping Beam+1","floor":14},{"not_picked":["Reboot","Fission"],"picked":"Seek","floor":16},{"not_picked":["Lockon+1","Go for the Eyes+1"],"picked":"Beam Cell+1","floor":18},{"not_picked":["Cold Snap+1","Loop"],"picked":"Doom and Gloom+1","floor":20},{"not_picked":["Sweeping Beam+1","Storm+1"],"picked":"Conserve Battery","floor":22},{"not_picked":["Compile Driver+1","Barrage+1"],"picked":"FTL+1","floor":24},{"not_picked":["Steam Power+1","Turbo"],"picked":"Capacitor","floor":25},{"not_picked":["Capacitor","Steam Power"],"picked":"Hologram","floor":29}],"player_experience":462769,"relics_obtained":[{"floor":7,"key":"Toolbox"},{"floor":9,"key":"Molten Egg 2"},{"floor":25,"key":"Mercury Hourglass"},{"floor":26,"key":"Art of War"}],"event_choices":[{"event_name":"Living Wall","player_choice":"Grow","floor":2,"damage_taken":0},{"event_name":"The Cleric","player_choice":"Leave","floor":5,"damage_taken":0},{"event_name":"The Lab","player_choice":"Got Potions","floor":19,"damage_taken":0},{"event_name":"Beggar","player_choice":"Gave Gold","floor":21,"damage_taken":0},{"event_name":"Ghosts","player_choice":"Ignored","floor":27,"damage_taken":0}],"boss_relics":[{"not_picked":["Busted Crown","Runic Pyramid"],"picked":"Eternal Feather"}],"items_purged_floors":[],"is_endless":false,"potions_floor_spawned":[7,10,13,16,18,20,25],"killed_by":"Snake Plant","ascension_level":4}