{"gold_per_floor":[119,194,211,211,226,226,34,61,136,136,167,167,32,32,32,129,129,146,217,235,235,252,252,285,285,285,301,72,72,91,120,120,217,217,232,251,22,38,48,48,48,48,74,74,92,109,121,121,121,121],"floor_reached":51,"playtime":5562,"items_purged":[],"score":906,"play_id":"dbf71f0b-7083-4d2a-b6b9-915a0d5ef50f","local_time":"20190818025013","is_ascension_mode":true,"campfire_choices":[{"data":"Zap","floor":6,"key":"SMITH"},{"floor":10,"key":"REST"},{"data":"Defragment","floor":12,"key":"SMITH"},{"floor":15,"key":"REST"},{"data":"Buffer","floor":23,"key":"SMITH"},{"data":"Go for the Eyes","floor":25,"key":"SMITH"},{"floor":32,"key":"REST"},{"data":"Chill","floor":40,"key":"SMITH"},{"data":"Echo Form","floor":42,"key":"SMITH"},{"data":"Loop","floor":44,"key":"SMITH"},{"data":"Go for the Eyes","floor":49,"key":"SMITH"}],"neow_cost":"NONE","seed_source_timestamp":34394438732900,"circlet_count":0,"master_deck":["Strike_B","Defend_B","Defend_B","Defend_B","Defend_B","Zap+1","Dualcast","Cold Snap","Go for the Eyes+1","Melter","Turbo","Defragment+1","Electrodynamics","Glacier","Blizzard","Buffer+1","Go for the Eyes+1","Electrodynamics","Compile Driver","Loop+1","Recycle","Echo Form+1","Thunder Strike","Chill+1","Defragment+1","Glacier","Coolheaded+1","Creative AI","Defragment+1"],"relics":["FrozenCore","Bag of Marbles","Chemical X","Potion Belt","Cables","Meat on the Bone","Velvet Choker","Singing Bowl","Red Mask","Letter Opener","Runic Capacitor","Art of War","Bag of Preparation","Anchor"],"potions_floor_usage":[8,29,29,50,50],"damage_taken":[{"damage":7,"enemies":"Jaw Worm","floor":1,"turns":3},{"damage":7,"enemies":"Small Slimes","floor":3,"turns":3},{"damage":0,"enemies":"Cultist","floor":5,"turns":2},{"damage":24,"enemies":"Lagavulin","floor":8,"turns":6},{"damage":23,"enemies":"Gremlin Nob","floor":11,"turns":4},{"damage":3,"enemies":"The Guardian","floor":16,"turns":9},{"damage":1,"enemies":"Shell Parasite","floor":18,"turns":5},{"damage":3,"enemies":"Chosen","floor":20,"turns":4},{"damage":7,"enemies":"Centurion and Healer","floor":22,"turns":5},{"damage":0,"enemies":"Masked Bandits","floor":24,"turns":3},{"damage":13,"enemies":"Shelled Parasite and Fungi","floor":27,"turns":4},{"damage":16,"enemies":"Colosseum Slavers","floor":29,"turns":3},{"damage":8,"enemies":"Chosen and Byrds","floor":30,"turns":3},{"damage":24,"enemies":"Gremlin Leader","floor":31,"turns":5},{"damage":0,"enemies":"Champ","floor":33,"turns":10},{"damage":0,"enemies":"Orb Walker","floor":35,"turns":4},{"damage":8,"enemies":"3 Shapes","floor":36,"turns":4},{"damage":0,"enemies":"Maw","floor":38,"turns":8},{"damage":0,"enemies":"4 Shapes","floor":39,"turns":2},{"damage":0,"enemies":"Writhing Mass","floor":45,"turns":9},{"damage":2,"enemies":"3 Darklings","floor":46,"turns":5},{"damage":5,"enemies":"Jaw Worm Horde","floor":47,"turns":3},{"damage":0,"enemies":"Awakened One","floor":50,"turns":12}],"seed_played":"2681991105477218304","potions_obtained":[{"floor":5,"key":"Explosive Potion"},{"floor":8,"key":"Ancient Potion"},{"floor":18,"key":"FocusPotion"},{"floor":24,"key":"Ancient Potion"},{"floor":27,"key":"LiquidBronze"},{"floor":31,"key":"Poison Potion"},{"floor":38,"key":"Energy Potion"},{"floor":39,"key":"SteroidPotion"},{"floor":46,"key":"Dexterity Potion"},{"floor":47,"key":"Weak Potion"}],"is_trial":false,"path_per_floor":["M","?","M","?","M","R","$","E","T","R","E","R","$","?","R","B",null,"M","T","M","?","M","R","?","R","T","M","$","?","M","E","R","B",null,"M","M","$","M","M","R","$","R","T","R","M","M","M","?","R","B",null],"character_chosen":"DEFECT","items_purchased":["Chemical X","Glacier","Blizzard","Runic Capacitor","Loop","Glacier","Bag of Preparation"],"campfire_rested":3,"item_purchase_floors":[7,13,13,28,28,37,37],"current_hp_per_floor":[68,57,50,43,43,43,43,19,19,41,18,18,18,18,40,49,69,68,68,67,67,62,62,64,64,64,51,51,47,51,39,63,63,77,77,69,69,71,71,71,71,71,71,71,71,71,68,68,68,68],"gold":121,"neow_bonus":"THREE_CARDS","is_prod":false,"is_daily":false,"chose_seed":false,"campfire_upgraded":8,"win_rate":0,"timestamp":1566064213,"path_taken":["M","?","M","?","M","R","$","E","T","R","E","R","$","?","R","BOSS","M","?","M","?","M","R","?","R","T","M","$","?","M","E","R","BOSS","M","M","$","M","M","R","$","R","T","R","M","M","M","?","R","BOSS"],"build_version":"2019-07-17","purchased_purges":0,"victory":true,"max_hp_per_floor":[75,75,75,75,75,75,75,75,75,75,75,75,75,75,75,75,75,75,75,77,77,79,79,81,81,81,81,81,81,81,81,81,81,81,81,81,81,83,83,83,83,83,83,83,83,85,87,87,87,87],"card_choices":[{"not_picked":["Stack","Force Field"],"picked":"Cold Snap","floor":0},{"not_picked":["Cold Snap","Stack"],"picked":"Go for the Eyes","floor":1},{"not_picked":["Capacitor","Recycle"],"picked":"Melter","floor":3},{"not_picked":["Stack","Hello World"],"picked":"Turbo","floor":5},{"not_picked":["Rip and Tear","Storm"],"picked":"Defragment","floor":8},{"not_picked":["Redo","Force Field"],"picked":"Electrodynamics","floor":11},{"not_picked":["Meteor Strike","Amplify"],"picked":"Buffer","floor":16},{"not_picked":["Stack","Rebound","Lockon"],"picked":"SKIP","floor":18},{"not_picked":["FTL","Doom and Gloom","Sunder"],"picked":"Singing Bowl","floor":20},{"not_picked":["Beam Cell+1","Force Field","Hologram"],"picked":"Singing Bowl","floor":22},{"not_picked":["Sunder","Scrape","Gash"],"picked":"Singing Bowl","floor":24},{"not_picked":["Static Discharge","Darkness"],"picked":"Compile Driver","floor":27},{"not_picked":["Stack+1","Streamline+1"],"picked":"Recycle","floor":30},{"not_picked":["Self Repair","Double Energy"],"picked":"Echo Form","floor":31},{"not_picked":["Core Surge","Meteor Strike"],"picked":"Thunder Strike","floor":33},{"not_picked":["Cold Snap+1","Reinforced Body"],"picked":"Chill","floor":35},{"not_picked":["Static Discharge","Undo+1"],"picked":"Defragment+1","floor":36},{"not_picked":["Beam Cell","Leap","Aggregate"],"picked":"Singing Bowl","floor":38},{"not_picked":["Redo+1","Cold Snap"],"picked":"Coolheaded+1","floor":39},{"not_picked":["Doom and Gloom+1","Steam+1"],"picked":"Creative AI","floor":45},{"not_picked":["Darkness","Ball Lightning","Beam Cell+1"],"picked":"Singing Bowl","floor":46},{"not_picked":["Undo","Lockon+1","Sunder"],"picked":"Singing Bowl","floor":47}],"player_experience":351518,"relics_obtained":[{"floor":8,"key":"Potion Belt"},{"floor":9,"key":"Cables"},{"floor":11,"key":"Meat on the Bone"},{"floor":19,"key":"Singing Bowl"},{"floor":24,"key":"Red Mask"},{"floor":26,"key":"Letter Opener"},{"floor":31,"key":"Art of War"},{"floor":43,"key":"Anchor"}],"event_choices":[{"damage_healed":0,"gold_gain":75,"player_choice":"Gather Gold","damage_taken":11,"max_hp_gain":0,"max_hp_loss":0,"event_name":"World of Goop","floor":2,"gold_loss":0},{"damage_healed":0,"gold_gain":0,"player_choice":"Success","damage_taken":7,"relics_obtained":["Bag of Marbles"],"max_hp_gain":0,"max_hp_loss":0,"event_name":"Scrap Ooze","floor":4,"gold_loss":0},{"cards_removed":["Strike_B"],"damage_healed":0,"gold_gain":0,"player_choice":"Offered Basic","damage_taken":0,"max_hp_gain":0,"max_hp_loss":0,"event_name":"Bonfire Elementals","floor":14,"gold_loss":0},{"damage_healed":0,"gold_gain":0,"cards_transformed":["Strike_B","Strike_B"],"player_choice":"Became Test Subject","damage_taken":0,"max_hp_gain":0,"max_hp_loss":0,"event_name":"Drug Dealer","floor":21,"gold_loss":0,"cards_obtained":["Go for the Eyes","Electrodynamics"]},{"damage_healed":0,"gold_gain":0,"player_choice":"Fought Bandits","damage_taken":0,"max_hp_gain":0,"max_hp_loss":0,"event_name":"Masked Bandits","floor":24,"gold_loss":0},{"damage_healed":0,"gold_gain":0,"player_choice":"Fight","damage_taken":0,"max_hp_gain":0,"max_hp_loss":0,"event_name":"Colosseum","floor":29,"gold_loss":0},{"damage_healed":0,"gold_gain":0,"player_choice":"Fled From Nobs","damage_taken":0,"max_hp_gain":0,"max_hp_loss":0,"event_name":"Colosseum","floor":29,"gold_loss":0},{"damage_healed":0,"gold_gain":0,"player_choice":"Copied","damage_taken":0,"max_hp_gain":0,"max_hp_loss":0,"event_name":"Duplicator","floor":48,"gold_loss":0,"cards_obtained":["Defragment"]}],"is_beta":false,"boss_relics":[{"not_picked":["Ectoplasm","Fusion Hammer"],"picked":"Velvet Choker"},{"not_picked":["Eternal Feather","Runic Pyramid"],"picked":"FrozenCore"}],"items_purged_floors":[],"is_endless":false,"potions_floor_spawned":[5,8,18,24,27,29,31,38,39,46,47],"ascension_level":5}