{"gold_per_floor":[117,42,53,228,228,253,253,265,347,379,379,379,379,359,359,433,433,443,459,459,478,88,88,107,107,132,35,47,59,59,78,78,78],"floor_reached":33,"playtime":1573,"items_purged":["Normality","Doubt"],"score":421,"play_id":"49927d90-6e74-4676-899d-8e931f302a7e","local_time":"20181031160925","is_ascension_mode":true,"campfire_choices":[{"data":"Iron Wave","floor":7.0,"key":"SMITH"},{"data":"Flash of Steel","floor":11.0,"key":"SMITH"},{"data":"Bash","floor":15.0,"key":"SMITH"},{"data":"Juggernaut","floor":23,"key":"SMITH"},{"floor":25,"key":"REST"},{"floor":30,"key":"REST"},{"data":"Sentinel","floor":32,"key":"SMITH"}],"neow_cost":"CURSE","seed_source_timestamp":0,"circlet_count":0,"master_deck":["Strike_R","Strike_R","Strike_R+1","Strike_R","Strike_R","Defend_R","Defend_R","Defend_R","Defend_R","Bash+1","AscendersBane","Flame Barrier+1","Flex+1","Flash of Steel+1","Iron Wave+1","Sentinel+1","Flex+1","Juggernaut+1","Clothesline","Twin Strike","Shrug It Off+1","Flex+1","Pommel Strike","Armaments+1","Double Tap+1","Infernal Blade+1","Spot Weakness+1","Havoc+1","Cleave","Bandage Up+1","Leap+1","Storm","Twin Strike"],"special_seed":0,"relics":["Burning Blood","Torii","Smiling Mask","Toxic Egg 2","Red Skull","Orrery","MutagenicStrength","PrismaticShard","Orichalcum"],"potions_floor_usage":[16,16,19,21,21,24,28,31],"damage_taken":[{"damage":1.0,"enemies":"Small Slimes","floor":1.0,"turns":3.0},{"damage":8.0,"enemies":"Jaw Worm","floor":3.0,"turns":5.0},{"damage":24.0,"enemies":"Gremlin Nob","floor":6.0,"turns":5.0},{"damage":6.0,"enemies":"Cultist","floor":8.0,"turns":3.0},{"damage":14.0,"enemies":"Lagavulin","floor":10.0,"turns":7.0},{"damage":28,"enemies":"The Guardian","floor":16,"turns":9},{"damage":25,"enemies":"Shell Parasite","floor":18,"turns":6},{"damage":23,"enemies":"2 Thieves","floor":19,"turns":3},{"damage":0,"enemies":"Snecko","floor":21,"turns":2},{"damage":32,"enemies":"Snake Plant","floor":24,"turns":4},{"damage":2,"enemies":"Shelled Parasite and Fungi","floor":28,"turns":3},{"damage":36,"enemies":"Snecko","floor":29,"turns":6},{"damage":1,"enemies":"Sentry and Sphere","floor":31,"turns":3},{"damage":43,"enemies":"Automaton","floor":33,"turns":4}],"seed_played":"-4762984790428490594","potions_obtained":[{"floor":1.0,"key":"Explosive Potion"},{"floor":3.0,"key":"Fire Potion"},{"floor":6.0,"key":"AttackPotion"},{"floor":10.0,"key":"GamblersBrew"},{"floor":14.0,"key":"Weak Potion"},{"floor":16,"key":"SteroidPotion"},{"floor":18,"key":"Fire Potion"},{"floor":19,"key":"AttackPotion"},{"floor":24,"key":"Energy Potion"},{"floor":29,"key":"AttackPotion"},{"floor":31,"key":"GamblersBrew"}],"is_trial":false,"path_per_floor":["M","$","M","?","?","E","R","M","T","E","R","?","?","?","R","B",null,"M","M","?","M","$","R","M","R","T","$","M","M","R","M","R"],"character_chosen":"IRONCLAD","items_purchased":["PrismaticShard","Spot Weakness+1","Havoc+1","SkillPotion","Bandage Up+1"],"campfire_rested":2,"item_purchase_floors":[22,22,22,22,27],"current_hp_per_floor":[77,77,75,75,75,57,57,57,57,49,49,33,33,33,33,11,63,44,27,27,33,33,33,7,31,31,31,35,11,35,40,40,0],"gold":78,"neow_bonus":"ONE_RARE_RELIC","is_prod":false,"is_daily":false,"chose_seed":false,"campfire_upgraded":5,"win_rate":0,"timestamp":1541027365,"path_taken":["M","$","M","?","?","E","R","M","T","E","R","?","?","?","R","BOSS","M","?","?","M","$","R","M","R","T","?","?","?","R","M","R","BOSS"],"build_version":"2018-10-25v2","purchased_purges":2,"victory":false,"max_hp_per_floor":[80,80,80,80,80,80,80,80,80,80,80,80,80,80,80,80,80,80,80,80,80,80,80,80,80,80,80,80,80,80,80,80,80],"card_choices":[{"not_picked":["Rampage","Clash"],"picked":"Flame Barrier","floor":1.0},{"not_picked":["Warcry","Sword Boomerang"],"picked":"Flex","floor":3.0},{"not_picked":["Thunderclap","Dropkick"],"picked":"Iron Wave","floor":6.0},{"not_picked":["Body Slam","Anger"],"picked":"Sentinel","floor":8.0},{"not_picked":["Wild Strike","Sword Boomerang"],"picked":"Flex+1","floor":10.0},{"not_picked":["Fiend Fire","Barricade"],"picked":"Juggernaut","floor":16},{"not_picked":["Blood for Blood","Evolve"],"picked":"Clothesline","floor":17},{"not_picked":["Uppercut","Iron Wave"],"picked":"Twin Strike","floor":17},{"not_picked":["Rage+1","Havoc+1"],"picked":"Shrug It Off+1","floor":17},{"not_picked":["Warcry+1","Sentinel+1"],"picked":"Flex+1","floor":17},{"not_picked":["Perfected Strike","Clash"],"picked":"Pommel Strike","floor":17},{"not_picked":["Cleave+1","Wild Strike"],"picked":"Armaments+1","floor":18},{"not_picked":["Thunderclap","Pommel Strike"],"picked":"Double Tap+1","floor":19},{"not_picked":["Carnage","Body Slam"],"picked":"Infernal Blade+1","floor":21},{"not_picked":["Acrobatics+1","Reckless Charge"],"picked":"Cleave","floor":24},{"not_picked":["Warcry+1","Pommel Strike"],"picked":"Leap+1","floor":28},{"not_picked":["Swift Strike","Brutality"],"picked":"Storm","floor":29},{"not_picked":["Rage+1","Clash"],"picked":"Twin Strike","floor":31}],"player_experience":622648,"relics_obtained":[{"floor":6.0,"key":"Smiling Mask"},{"floor":9.0,"key":"Toxic Egg 2"},{"floor":10.0,"key":"Red Skull"},{"floor":26,"key":"Orichalcum"}],"event_choices":[{"damage_healed":0.0,"max_hp_gain":0.0,"max_hp_loss":0.0,"gold_gain":175.0,"event_name":"Liars Game","player_choice":"AGREE","floor":4.0,"gold_loss":0.0,"damage_taken":0.0,"cards_obtained":["Doubt"]},{"damage_healed":0.0,"max_hp_gain":0.0,"max_hp_loss":0.0,"gold_gain":0.0,"event_name":"Match and Keep!","player_choice":"1 cards matched","floor":5.0,"gold_loss":0.0,"damage_taken":0.0,"cards_obtained":["Flash of Steel"]},{"damage_healed":0.0,"max_hp_gain":0.0,"max_hp_loss":0.0,"gold_gain":0.0,"event_name":"Shining Light","player_choice":"Entered Light","floor":12.0,"gold_loss":0.0,"damage_taken":16.0,"cards_upgraded":["Flex","Strike_R"]},{"damage_healed":0.0,"max_hp_gain":0.0,"max_hp_loss":0.0,"gold_gain":0.0,"event_name":"Living Wall","player_choice":"Grow","floor":13.0,"gold_loss":0.0,"damage_taken":0.0,"cards_upgraded":["Flame Barrier"]},{"damage_healed":0.0,"max_hp_gain":0.0,"max_hp_loss":0.0,"gold_gain":0.0,"event_name":"The Woman in Blue","player_choice":"Bought 1 Potion","floor":14.0,"gold_loss":0.0,"damage_taken":0.0},{"damage_healed":0,"gold_gain":0,"player_choice":"Inject Mutagens","damage_taken":0,"relics_obtained":["MutagenicStrength"],"max_hp_gain":0,"max_hp_loss":0,"event_name":"Drug Dealer","floor":20,"gold_loss":0}],"is_beta":false,"boss_relics":[{"not_picked":["Philosopher\u0027s Stone","Fusion Hammer"],"picked":"Orrery"}],"items_purged_floors":[2,22],"is_endless":false,"potions_floor_spawned":[1,3,6,10,16,18,19,24,29,31],"killed_by":"Automaton","ascension_level":13}