{"gold_per_floor":[215,215,235,8,19,19,34,34,111,128,140,155,188,202,202,307,307,325,337,262,361,380,380,23,33,33,33,51,85,85,96,96,192,192,207,207,217,143,0,27,27,100,168,197,197,214,239,255,255,255,255,255,36,62,62],"floor_reached":56,"playtime":8867,"items_purged":["Strike_B","Strike_B+1","Strike_B+1"],"score":1211,"play_id":"df9981c1-161a-4856-b92a-570d50038411","local_time":"20190810105412","is_ascension_mode":false,"campfire_choices":[{"data":"Zap","floor":6,"key":"SMITH"},{"data":"Defragment","floor":15,"key":"SMITH"},{"data":"Dualcast","floor":23,"key":"SMITH"},{"data":"Capacitor","floor":32,"key":"SMITH"},{"data":"Barrage","floor":41,"key":"SMITH"},{"floor":45,"key":"RECALL"},{"data":"Go for the Eyes","floor":49,"key":"SMITH"},{"data":"Barrage","floor":52,"key":"SMITH"}],"neow_cost":"NONE","seed_source_timestamp":447876680952400,"circlet_count":0,"master_deck":["Defend_B+1","Defend_B+1","Defend_B+1","Defend_B+1","Zap+1","Dualcast+1","BootSequence","Madness","Zap+1","Rebound","Glacier+1","Streamline","Capacitor+1","Stack","Ball Lightning","Barrage+1","Defragment+1","Electrodynamics","Leap+1","Go for the Eyes+1","Redo+1","Conserve Battery+1","Redo+1","Tempest+1","Reboot+1","Skim+1","Barrage+1","Chill+1","Self Repair+1","Coolheaded+1","Barrage+1","Coolheaded+1","Capacitor","White Noise+1"],"relics":["FrozenCore","DataDisk","Kunai","Blood Vial","Toxic Egg 2","PreservedInsect","Smiling Mask","Coffee Dripper","Red Mask","War Paint","Gremlin Horn","Orichalcum","Darkstone Periapt","Boot"],"potions_floor_usage":[13,13,25,28,28,31,33,40,40,44,54,55,55,55],"damage_taken":[{"damage":0,"enemies":"2 Louse","floor":1,"turns":2},{"damage":1,"enemies":"Cultist","floor":3,"turns":3},{"damage":0,"enemies":"Jaw Worm","floor":5,"turns":4},{"damage":0,"enemies":"3 Louse","floor":7,"turns":3},{"damage":0,"enemies":"2 Fungi Beasts","floor":10,"turns":3},{"damage":0,"enemies":"Looter","floor":11,"turns":2},{"damage":1,"enemies":"Large Slime","floor":12,"turns":4},{"damage":16,"enemies":"Lagavulin","floor":13,"turns":5},{"damage":0,"enemies":"Blue Slaver","floor":14,"turns":3},{"damage":2,"enemies":"The Guardian","floor":16,"turns":8},{"damage":0,"enemies":"Shell Parasite","floor":18,"turns":5},{"damage":4,"enemies":"3 Byrds","floor":19,"turns":3},{"damage":3,"enemies":"Centurion and Healer","floor":22,"turns":6},{"damage":0,"enemies":"Snecko","floor":25,"turns":4},{"damage":1,"enemies":"Cultist and Chosen","floor":28,"turns":8},{"damage":7,"enemies":"Slavers","floor":29,"turns":5},{"damage":2,"enemies":"Centurion and Healer","floor":31,"turns":6},{"damage":30,"enemies":"Champ","floor":33,"turns":12},{"damage":3,"enemies":"Orb Walker","floor":35,"turns":4},{"damage":0,"enemies":"3 Shapes","floor":37,"turns":2},{"damage":5,"enemies":"Nemesis","floor":40,"turns":5},{"damage":3,"enemies":"Reptomancer","floor":44,"turns":5},{"damage":0,"enemies":"Transient","floor":46,"turns":5},{"damage":5,"enemies":"Giant Head","floor":47,"turns":8},{"damage":0,"enemies":"Maw","floor":48,"turns":7},{"damage":30,"enemies":"Time Eater","floor":50,"turns":15},{"damage":34,"enemies":"Shield and Spear","floor":54,"turns":8},{"damage":30,"enemies":"The Heart","floor":55,"turns":11}],"seed_played":"-1771030796162087068","potions_obtained":[{"floor":1,"key":"PowerPotion"},{"floor":7,"key":"GamblersBrew"},{"floor":12,"key":"Poison Potion"},{"floor":13,"key":"EssenceOfSteel"},{"floor":22,"key":"EntropicBrew"},{"floor":31,"key":"AttackPotion"},{"floor":33,"key":"SteroidPotion"},{"floor":35,"key":"GamblersBrew"},{"floor":46,"key":"Strength Potion"},{"floor":48,"key":"PowerPotion"},{"floor":54,"key":"PowerPotion"}],"is_trial":false,"path_per_floor":["M","?","M","$","M","R","M","$","T","M","M","M","E","M","R","B",null,"M","M","?","?","M","R","$","M","T","$","M","E","?","M","R","B",null,"M","?","M","$","?","E","R","T","T","E","R","M","E","M","R","B",null,"R","$","E","B",null],"character_chosen":"DEFECT","items_purchased":["DataDisk","Glacier","Toxic Egg 2","Redo+1","Barrage","Coolheaded+1","Capacitor","GamblersBrew"],"campfire_rested":0,"item_purchase_floors":[4,4,24,24,38,53,53,53],"current_hp_per_floor":[75,75,74,74,74,74,74,74,74,74,74,73,57,59,59,59,75,75,71,71,71,70,70,70,72,72,72,73,68,68,75,75,45,75,72,72,74,74,74,70,70,70,70,69,69,71,75,75,75,55,75,75,75,51,33],"gold":62,"neow_bonus":"HUNDRED_GOLD","is_prod":false,"is_daily":false,"chose_seed":false,"campfire_upgraded":7,"win_rate":0,"timestamp":1565402052,"path_taken":["M","?","M","$","?","R","M","$","T","M","M","M","E","M","R","BOSS","M","M","?","?","M","R","$","M","T","$","M","E","?","M","R","BOSS","M","?","M","$","?","E","R","?","T","E","R","M","E","?","R","BOSS","R","$","E","BOSS"],"build_version":"2019-07-17","purchased_purges":3,"victory":true,"max_hp_per_floor":[75,75,75,75,75,75,75,75,75,75,75,75,75,75,75,75,75,75,75,75,75,75,75,75,75,75,75,75,75,75,75,75,75,75,75,75,75,75,75,75,75,75,75,75,75,75,75,75,75,75,75,75,75,75,75],"card_choices":[{"not_picked":["Turbo","Rebound"],"picked":"BootSequence","floor":1},{"not_picked":["Redo","Stack"],"picked":"Rebound","floor":3},{"not_picked":["Turbo","Consume"],"picked":"Streamline","floor":5},{"not_picked":["Rebound","Redo"],"picked":"Capacitor","floor":7},{"not_picked":["Fusion","Darkness"],"picked":"Stack","floor":10},{"not_picked":["Sunder","Doom and Gloom"],"picked":"Ball Lightning","floor":11},{"not_picked":["Conserve Battery","Stack"],"picked":"Barrage","floor":12},{"not_picked":["Capacitor","Compile Driver","Amplify"],"picked":"SKIP","floor":13},{"not_picked":["Go for the Eyes","Streamline"],"picked":"Defragment","floor":14},{"not_picked":["Fission","Biased Cognition"],"picked":"Electrodynamics","floor":16},{"not_picked":["Storm","Lockon"],"picked":"Leap+1","floor":18},{"not_picked":["Undo","Steam Power"],"picked":"Go for the Eyes","floor":19},{"not_picked":["FTL","Compile Driver","Storm"],"picked":"SKIP","floor":22},{"not_picked":["Beam Cell","Fusion+1"],"picked":"Conserve Battery+1","floor":25},{"not_picked":["Ball Lightning","Darkness+1"],"picked":"Redo+1","floor":28},{"not_picked":["Consume+1","Redo+1","Reinforced Body+1"],"picked":"SKIP","floor":29},{"not_picked":["Heatsinks","Double Energy+1"],"picked":"Tempest+1","floor":31},{"not_picked":["Creative AI","Thunder Strike"],"picked":"Reboot+1","floor":33},{"not_picked":["Stack+1","Rip and Tear+1","Storm+1"],"picked":"SKIP","floor":35},{"not_picked":["Hologram+1","Ball Lightning"],"picked":"Skim+1","floor":37},{"not_picked":["Streamline+1","Steam+1"],"picked":"Chill+1","floor":40},{"not_picked":["BootSequence+1","Turbo+1","Recycle+1"],"picked":"SKIP","floor":44},{"not_picked":["Stack+1","Redo+1"],"picked":"Self Repair+1","floor":46},{"not_picked":["Consume+1","Storm"],"picked":"Coolheaded+1","floor":47},{"not_picked":["Compile Driver","Storm+1"],"picked":"Barrage+1","floor":48},{"not_picked":["Doom and Gloom+1","Meteor Strike"],"picked":"White Noise+1","floor":54}],"player_experience":251875,"relics_obtained":[{"floor":9,"key":"Kunai"},{"floor":13,"key":"Blood Vial"},{"floor":26,"key":"PreservedInsect"},{"floor":29,"key":"Smiling Mask"},{"floor":40,"key":"War Paint"},{"floor":43,"key":"Gremlin Horn"},{"floor":44,"key":"Orichalcum"},{"floor":47,"key":"Darkstone Periapt"},{"floor":54,"key":"Boot"}],"event_choices":[{"damage_healed":0,"gold_gain":0,"player_choice":"2 cards matched","damage_taken":0,"max_hp_gain":0,"max_hp_loss":0,"event_name":"Match and Keep!","floor":2,"gold_loss":0,"cards_obtained":["Madness","Zap"]},{"cards_removed":["Strike_B"],"damage_healed":0,"gold_gain":0,"player_choice":"Gave Gold","damage_taken":0,"max_hp_gain":0,"max_hp_loss":0,"event_name":"Beggar","floor":20,"gold_loss":75},{"damage_healed":0,"gold_gain":99,"player_choice":"Stole From Cult","damage_taken":0,"max_hp_gain":0,"max_hp_loss":0,"event_name":"Nest","floor":21,"gold_loss":0},{"damage_healed":0,"gold_gain":0,"player_choice":"Simplicity","damage_taken":0,"max_hp_gain":0,"max_hp_loss":0,"event_name":"Back to Basics","floor":30,"gold_loss":0,"cards_upgraded":["Strike_B","Strike_B","Defend_B","Defend_B","Defend_B","Defend_B"]},{"damage_healed":0,"gold_gain":0,"player_choice":"Ignored","damage_taken":0,"max_hp_gain":0,"max_hp_loss":0,"event_name":"Mysterious Sphere","floor":36,"gold_loss":0},{"damage_healed":0,"gold_gain":0,"player_choice":"Paid","damage_taken":0,"relics_obtained":["Red Mask"],"max_hp_gain":0,"max_hp_loss":0,"event_name":"Tomb of Lord Red Mask","floor":39,"gold_loss":143}],"is_beta":false,"boss_relics":[{"not_picked":["Fusion Hammer","Astrolabe"],"picked":"FrozenCore"},{"not_picked":["Tiny House","Eternal Feather"],"picked":"Coffee Dripper"}],"items_purged_floors":[24,38,53],"is_endless":false,"potions_floor_spawned":[1,7,12,13,22,31,33,35,46,48,54],"ascension_level":0}