{"gold_per_floor":[109,109,109,109,34,34,67,67,67,80,95,116,116,139,139,259,259,282,104,127,147,62,62,78,96,120,141,141,180,200,24,24,24],"floor_reached":33,"playtime":6321,"items_purged":["Defend_G","Strike_G","Defend_G"],"score":269,"play_id":"cd250da6-001d-4ea5-bbda-6e1a677578a7","local_time":"20190817075722","is_ascension_mode":false,"campfire_choices":[{"data":"Backflip","floor":6,"key":"SMITH"},{"floor":8,"key":"REST"},{"data":"Phantasmal Killer","floor":13,"key":"SMITH"},{"data":"Bullet Time","floor":15,"key":"SMITH"},{"data":"Phantasmal Killer","floor":23,"key":"SMITH"},{"floor":28,"key":"REST"},{"floor":32,"key":"REST"}],"neow_cost":"NONE","seed_source_timestamp":269508191549299,"circlet_count":0,"master_deck":["Strike_G","Strike_G","Defend_G+1","Defend_G+1","Survivor","Neutralize","Backflip+1","Dash","Phantasmal Killer+1","Dodge and Roll","Finisher","Bullet Time+1","Phantasmal Killer+1","Choke","Quick Slash+1","Sucker Punch+1","Dodge and Roll+1","Flying Knee"],"relics":["Ring of the Snake","Vajra","Golden Idol","Ice Cream","Orichalcum","Empty Cage","Boot","War Paint","FossilizedHelix"],"potions_floor_usage":[16,16,16,18,21,21,25,29,33],"damage_taken":[{"damage":0,"enemies":"Small Slimes","floor":1,"turns":5},{"damage":12,"enemies":"Gremlin Nob","floor":7,"turns":5},{"damage":0,"enemies":"2 Louse","floor":10,"turns":3},{"damage":0,"enemies":"Jaw Worm","floor":11,"turns":3},{"damage":0,"enemies":"Looter","floor":12,"turns":4},{"damage":0,"enemies":"Exordium Wildlife","floor":14,"turns":3},{"damage":36,"enemies":"Hexaghost","floor":16,"turns":13},{"damage":0,"enemies":"Shell Parasite","floor":18,"turns":6},{"damage":8,"enemies":"Spheric Guardian","floor":20,"turns":4},{"damage":1,"enemies":"Snecko","floor":21,"turns":5},{"damage":2,"enemies":"Centurion and Healer","floor":24,"turns":6},{"damage":23,"enemies":"Cultist and Chosen","floor":25,"turns":7},{"damage":7,"enemies":"Shelled Parasite and Fungi","floor":27,"turns":7},{"damage":16,"enemies":"Book of Stabbing","floor":29,"turns":6},{"damage":0,"enemies":"Centurion and Healer","floor":30,"turns":4},{"damage":96,"enemies":"Automaton","floor":33,"turns":12}],"seed_played":"-2074158195832076388","potions_obtained":[{"floor":10,"key":"Regen Potion"},{"floor":11,"key":"Ancient Potion"},{"floor":12,"key":"FearPotion"},{"floor":16,"key":"Swift Potion"},{"floor":18,"key":"Energy Potion"},{"floor":20,"key":"GamblersBrew"},{"floor":24,"key":"Regen Potion"},{"floor":27,"key":"Ancient Potion"}],"is_trial":false,"path_per_floor":["M","?","?","?","$","R","E","R","T","M","M","M","R","M","R","B",null,"M","$","M","M","?","R","M","M","T","M","R","E","M","$","R","B"],"character_chosen":"THE_SILENT","items_purchased":["Choke","Dexterity Potion"],"campfire_rested":3,"item_purchase_floors":[19,31],"current_hp_per_floor":[70,65,65,70,70,70,58,70,70,70,70,70,70,70,70,48,70,70,70,62,61,61,61,59,45,45,38,59,43,43,43,64,0],"gold":24,"neow_bonus":"RANDOM_COMMON_RELIC","is_prod":false,"is_daily":false,"chose_seed":false,"campfire_upgraded":4,"win_rate":0.0,"timestamp":1566039442,"path_taken":["M","?","?","?","$","R","E","R","T","M","M","M","R","?","R","BOSS","M","$","M","M","?","R","M","M","T","M","R","E","M","$","R","BOSS"],"build_version":"2019-07-17","purchased_purges":3,"victory":false,"max_hp_per_floor":[70,65,65,70,70,70,70,70,70,70,70,70,70,70,70,70,70,70,70,70,70,70,70,70,70,70,70,70,70,70,70,70,70],"card_choices":[{"not_picked":["Backstab","Deadly Poison"],"picked":"Backflip","floor":1},{"not_picked":["Blade Dance","Backflip"],"picked":"Phantasmal Killer","floor":7},{"not_picked":["Deflect","Outmaneuver"],"picked":"Dodge and Roll","floor":10},{"not_picked":["Outmaneuver","PiercingWail"],"picked":"Finisher","floor":11},{"not_picked":["Riddle With Holes","All Out Attack","Poisoned Stab"],"picked":"SKIP","floor":12},{"not_picked":["Riddle With Holes","All Out Attack","Poisoned Stab"],"picked":"SKIP","floor":12},{"not_picked":["Dagger Spray","Backflip"],"picked":"Bullet Time","floor":14},{"not_picked":["Venomology","Bullet Time"],"picked":"Phantasmal Killer","floor":16},{"not_picked":["Tactician","Finisher","Backstab"],"picked":"SKIP","floor":18},{"not_picked":["Underhanded Strike","Deadly Poison","Riddle With Holes"],"picked":"SKIP","floor":20},{"not_picked":["Underhanded Strike+1","PiercingWail"],"picked":"Quick Slash+1","floor":21},{"not_picked":["Deadly Poison","Terror"],"picked":"Sucker Punch+1","floor":24},{"not_picked":["Choke","Acrobatics","Masterful Stab"],"picked":"SKIP","floor":25},{"not_picked":["Outmaneuver","Eviscerate","Dagger Spray+1"],"picked":"SKIP","floor":27},{"not_picked":["Glass Knife","All Out Attack"],"picked":"Dodge and Roll+1","floor":29},{"not_picked":["Predator","Quick Slash"],"picked":"Flying Knee","floor":30}],"player_experience":61053,"relics_obtained":[{"floor":7,"key":"Ice Cream"},{"floor":9,"key":"Orichalcum"},{"floor":26,"key":"War Paint"},{"floor":29,"key":"FossilizedHelix"}],"event_choices":[{"damage_healed":0,"gold_gain":0,"player_choice":"Lose Max HP","damage_taken":0,"relics_obtained":["Golden Idol"],"max_hp_gain":0,"max_hp_loss":5,"event_name":"Golden Idol","floor":2,"gold_loss":0},{"damage_healed":0,"gold_gain":0,"cards_transformed":["Strike_G"],"player_choice":"Change","damage_taken":0,"max_hp_gain":0,"max_hp_loss":0,"event_name":"Living Wall","floor":3,"gold_loss":0,"cards_obtained":["Dash"]},{"damage_healed":0,"gold_gain":0,"player_choice":"Donut","damage_taken":0,"max_hp_gain":5,"max_hp_loss":0,"event_name":"Big Fish","floor":4,"gold_loss":0},{"damage_healed":0,"gold_gain":0,"player_choice":"Obtained Relic","damage_taken":0,"relics_obtained":["Boot"],"max_hp_gain":0,"max_hp_loss":0,"event_name":"Addict","floor":22,"gold_loss":85}],"is_beta":false,"boss_relics":[{"not_picked":["Calling Bell","Orrery"],"picked":"Empty Cage"}],"items_purged_floors":[5,19,31],"is_endless":false,"potions_floor_spawned":[10,11,12,16,18,20,24,27],"killed_by":"Automaton","ascension_level":0}