{"gold_per_floor":[115,115,134,150,150,183,183,196,196,196,214,214,227,327,327,327],"floor_reached":16,"playtime":1649,"items_purged":[],"score":102,"play_id":"6d5d7f82-8fab-40b9-be0b-ab8ddabc0747","local_time":"20190818152125","is_ascension_mode":false,"campfire_choices":[{"floor":7,"key":"REST"},{"floor":10,"key":"REST"},{"data":"Footwork","floor":12,"key":"SMITH"},{"data":"Tools of the Trade","floor":15,"key":"SMITH"}],"neow_cost":"PERCENT_DAMAGE","seed_source_timestamp":387246817188900,"circlet_count":0,"master_deck":["Strike_G","Strike_G","Strike_G","Defend_G","Defend_G","Defend_G","Defend_G","Survivor","Neutralize","Footwork+1","Backstab","Outmaneuver","Tools of the Trade+1","Leg Sweep+1","Backstab","Backflip+1"],"relics":["Ring of the Snake","Toxic Egg 2","Ginger"],"potions_floor_usage":[6,6,8],"damage_taken":[{"damage":0,"enemies":"2 Louse","floor":1,"turns":5},{"damage":0,"enemies":"Cultist","floor":3,"turns":4},{"damage":0,"enemies":"Small Slimes","floor":4,"turns":4},{"damage":24,"enemies":"Gremlin Nob","floor":6,"turns":5},{"damage":0,"enemies":"Looter","floor":8,"turns":5},{"damage":0,"enemies":"Blue Slaver","floor":11,"turns":5},{"damage":0,"enemies":"3 Louse","floor":13,"turns":4},{"damage":70,"enemies":"Slime Boss","floor":16,"turns":20}],"seed_played":"-8667717114156990384","potions_obtained":[{"floor":1,"key":"Swift Potion"},{"floor":3,"key":"PowerPotion"},{"floor":6,"key":"SteroidPotion"}],"is_trial":false,"path_per_floor":["M","?","M","M","$","E","R","M","T","R","M","R","M","?","R","B"],"character_chosen":"THE_SILENT","items_purchased":[],"campfire_rested":2,"item_purchase_floors":[],"current_hp_per_floor":[49,49,49,49,49,25,46,46,46,67,67,67,67,67,67,0],"gold":327,"neow_bonus":"REMOVE_TWO","is_prod":false,"is_daily":false,"chose_seed":false,"campfire_upgraded":2,"win_rate":0.0,"timestamp":1566152485,"path_taken":["M","?","M","M","$","E","R","?","T","R","M","R","M","?","R","BOSS"],"build_version":"2019-07-17","purchased_purges":0,"victory":false,"max_hp_per_floor":[70,70,70,70,70,70,70,70,70,70,70,70,70,70,70,70],"card_choices":[{"not_picked":["Expertise","Acrobatics"],"picked":"Footwork","floor":1},{"not_picked":["Endless Agony","Dagger Spray"],"picked":"Backstab","floor":3},{"not_picked":["Tactician","Prepared"],"picked":"Outmaneuver","floor":4},{"not_picked":["All Out Attack","Corpse Explosion"],"picked":"Tools of the Trade","floor":6},{"not_picked":["Prepared+1","Outmaneuver+1"],"picked":"Leg Sweep+1","floor":8},{"not_picked":["Dagger Spray","Endless Agony"],"picked":"Backstab","floor":11},{"not_picked":["Flechettes","Bane"],"picked":"Backflip+1","floor":13}],"player_experience":114014,"relics_obtained":[{"floor":6,"key":"Toxic Egg 2"},{"floor":9,"key":"Ginger"}],"event_choices":[{"cards_removed":["Defend_G"],"damage_healed":0,"gold_gain":0,"player_choice":"Offered Basic","damage_taken":0,"max_hp_gain":0,"max_hp_loss":0,"event_name":"Bonfire Elementals","floor":2,"gold_loss":0},{"damage_healed":0,"gold_gain":100,"player_choice":"Gold","damage_taken":0,"max_hp_gain":0,"max_hp_loss":0,"event_name":"Wheel of Change","floor":14,"gold_loss":0}],"is_beta":false,"boss_relics":[],"items_purged_floors":[],"is_endless":false,"potions_floor_spawned":[1,3,6],"killed_by":"Slime Boss","ascension_level":0}