{"gold_per_floor":[116,191,191,191,191,191,222,8,55,55,66,101,115,126,126,200,200,216,216,22,22,35,68,68,97,121,149,160,173,191,201,201,278,278,296,315,1314,1314,1314,1342,1342,1371,1371,1391,1403,1455,1470,1497,1497,1497],"floor_reached":50,"playtime":3782,"items_purged":[],"score":1200,"play_id":"a51b9646-0d8c-47e2-904c-da0889763a9f","local_time":"20181101225522","is_ascension_mode":true,"campfire_choices":[{"data":"Neutralize","floor":6.0,"key":"SMITH"},{"floor":10.0,"key":"REST"},{"data":"Infinite Blades","floor":15.0,"key":"SMITH"},{"floor":24.0,"key":"REST"},{"floor":32.0,"key":"REST"},{"floor":41.0,"key":"REST"},{"floor":49.0,"key":"REST"}],"neow_cost":"NONE","seed_source_timestamp":0,"circlet_count":0,"master_deck":["AscendersBane","Defend_G","Defend_G","Defend_G","Defend_G","Defend_G","Strike_G","Strike_G","Strike_G","Strike_G","Survivor","Neutralize+1","Caltrops","Dash","Predator","Choke","Infinite Blades+1","Quick Slash","Cloak And Dagger","Wraith Form v2","Flying Knee+1","Prepared","Finisher","Leg Sweep+1","Underhanded Strike","Heel Hook","Dagger Throw","Bullet Time","Flying Knee","Doppelganger","Backstab+1","Blade Dance","Sucker Punch","Blade Dance","Dagger Throw","Outmaneuver","Parasite","Crippling Poison","Caltrops+1"],"special_seed":0,"relics":["Ring of the Snake","Strawberry","Tingsha","Ninja Scroll","PreservedInsect","Pen Nib","Blue Candle","Fusion Hammer","Vajra","Frozen Egg 2","Ornamental Fan","Omamori","Blood Vial","Bronze Scales","Lizard Tail","Mango","Regal Pillow","Pantograph","Unceasing Top","Torii"],"potions_floor_usage":[50,50],"damage_taken":[{"damage":1.0,"enemies":"Small Slimes","floor":1.0,"turns":4.0},{"damage":24.0,"enemies":"Gremlin Nob","floor":7.0,"turns":5.0},{"damage":0.0,"enemies":"2 Louse","floor":11.0,"turns":2.0},{"damage":0.0,"enemies":"3 Sentries","floor":12.0,"turns":3.0},{"damage":0.0,"enemies":"Cultist","floor":13.0,"turns":3.0},{"damage":6.0,"enemies":"Red Slaver","floor":14.0,"turns":2.0},{"damage":9.0,"enemies":"Slime Boss","floor":16.0,"turns":9.0},{"damage":0.0,"enemies":"3 Byrds","floor":18.0,"turns":4.0},{"damage":2.0,"enemies":"Chosen","floor":22.0,"turns":3.0},{"damage":23.0,"enemies":"Book of Stabbing","floor":23.0,"turns":3.0},{"damage":3.0,"enemies":"Slavers","floor":25.0,"turns":4.0},{"damage":10.0,"enemies":"Gremlin Leader","floor":27.0,"turns":3.0},{"damage":4.0,"enemies":"Centurion and Healer","floor":28.0,"turns":4.0},{"damage":0.0,"enemies":"3 Cultists","floor":29.0,"turns":4.0},{"damage":0.0,"enemies":"Snake Plant","floor":30.0,"turns":2.0},{"damage":10.0,"enemies":"Chosen and Byrds","floor":31.0,"turns":3.0},{"damage":29.0,"enemies":"Champ","floor":33.0,"turns":10.0},{"damage":13.0,"enemies":"3 Shapes","floor":35.0,"turns":5.0},{"damage":4.0,"enemies":"3 Darklings","floor":36.0,"turns":4.0},{"damage":27.0,"enemies":"Giant Head","floor":40.0,"turns":8.0},{"damage":28.0,"enemies":"Reptomancer","floor":42.0,"turns":5.0},{"damage":22.0,"enemies":"Transient","floor":44.0,"turns":5.0},{"damage":13.0,"enemies":"Jaw Worm Horde","floor":45.0,"turns":4.0},{"damage":17.0,"enemies":"2 Orb Walkers","floor":46.0,"turns":4.0},{"damage":5.0,"enemies":"Writhing Mass","floor":47.0,"turns":3.0},{"damage":14.0,"enemies":"Giant Head","floor":48.0,"turns":8.0},{"damage":92,"enemies":"Time Eater","floor":50,"turns":11}],"seed_played":"7950361727773980306","potions_obtained":[{"floor":1.0,"key":"Weak Potion"},{"floor":7.0,"key":"SteroidPotion"},{"floor":12.0,"key":"SteroidPotion"},{"floor":16.0,"key":"Ancient Potion"},{"floor":27.0,"key":"Fire Potion"},{"floor":31.0,"key":"Weak Potion"},{"floor":40.0,"key":"GhostInAJar"},{"floor":44.0,"key":"Dexterity Potion"},{"floor":46.0,"key":"GhostInAJar"}],"is_trial":false,"path_per_floor":["M","?","?","?","?","R","E","$","T","R","M","E","M","M","R","B",null,"M","?","$","T","M","E","R","E","T","E","M","M","M","M","R","B",null,"M","M","?","?","?","E","R","E","T","M","M","?","M","E","R","B"],"character_chosen":"THE_SILENT","items_purchased":["PreservedInsect","Choke","Vajra","Prepared"],"campfire_rested":5,"item_purchase_floors":[8,8,20,20],"current_hp_per_floor":[65,54,49,49,49,49,25,25,25,46,46,46,46,40,40,31,63,63,68,68,68,66,43,64,61,61,53,51,53,55,47,68,41,65,54,52,52,52,52,41,67,41,41,21,10,43,40,28,69,0],"gold":1497,"neow_bonus":"RANDOM_COMMON_RELIC","is_prod":false,"is_daily":false,"chose_seed":false,"campfire_upgraded":2,"win_rate":0,"timestamp":1541138122,"path_taken":["M","?","?","?","?","R","E","$","T","R","M","E","?","M","R","BOSS","M","?","?","?","?","E","R","E","T","E","M","?","M","M","R","BOSS","M","M","?","?","?","E","R","E","T","M","M","?","M","E","R","BOSS"],"build_version":"2018-11-01","purchased_purges":0,"victory":false,"max_hp_per_floor":[73,73,73,73,73,73,73,73,73,73,73,73,73,73,73,73,73,73,73,73,73,73,73,73,73,73,73,73,73,73,73,73,73,73,73,73,73,73,73,87,87,87,87,87,87,87,87,87,87,87],"card_choices":[{"not_picked":["Dodge and Roll","Backflip"],"picked":"Caltrops","floor":1.0},{"not_picked":["Quick Slash","PiercingWail"],"picked":"Predator","floor":7.0},{"not_picked":["Masterful Stab","Choke"],"picked":"Deflect","floor":11.0},{"not_picked":["Cloak And Dagger","Dagger Throw"],"picked":"Infinite Blades","floor":12.0},{"not_picked":["Concentrate","Bane"],"picked":"Quick Slash","floor":13.0},{"not_picked":["Bane","Dash"],"picked":"Cloak And Dagger","floor":14.0},{"not_picked":["Night Terror","Glass Knife"],"picked":"Wraith Form v2","floor":16.0},{"not_picked":["Dagger Spray","Backflip"],"picked":"Flying Knee+1","floor":18.0},{"not_picked":["Dash","Reflex"],"picked":"Finisher","floor":22.0},{"not_picked":["Concentrate","Slice"],"picked":"Leg Sweep+1","floor":23.0},{"not_picked":["Flechettes","Deflect"],"picked":"Underhanded Strike","floor":25.0},{"not_picked":["Quick Slash","Catalyst"],"picked":"Heel Hook","floor":27.0},{"not_picked":["Deadly Poison","Expertise"],"picked":"Dagger Throw","floor":28.0},{"not_picked":["Escape Plan","Dash"],"picked":"Bullet Time","floor":29.0},{"not_picked":["Slice","Sucker Punch"],"picked":"Flying Knee","floor":30.0},{"not_picked":["Deflect","Riddle With Holes"],"picked":"Distraction","floor":31.0},{"not_picked":["Storm of Steel","Grand Finale"],"picked":"Doppelganger","floor":33.0},{"not_picked":["Reflex+1","Distraction"],"picked":"Backstab+1","floor":35.0},{"not_picked":["Slice","Quick Slash","Poisoned Stab"],"picked":"SKIP","floor":36.0},{"not_picked":["Setup","Skewer"],"picked":"Blade Dance","floor":40.0},{"not_picked":["Setup","Tactician+1"],"picked":"Sucker Punch","floor":42.0},{"not_picked":["Masterful Stab","Sucker Punch"],"picked":"Blade Dance","floor":44.0},{"not_picked":["Catalyst","Slice"],"picked":"Dagger Throw","floor":45.0},{"not_picked":["Setup","Predator"],"picked":"Outmaneuver","floor":46.0},{"not_picked":["Deflect","Predator"],"picked":"Crippling Poison","floor":47.0},{"not_picked":["Predator+1","Masterful Stab"],"picked":"Caltrops+1","floor":48.0}],"player_experience":626957,"relics_obtained":[{"floor":7.0,"key":"Ninja Scroll"},{"floor":9.0,"key":"Pen Nib"},{"floor":12.0,"key":"Blue Candle"},{"floor":21.0,"key":"Frozen Egg 2"},{"floor":23.0,"key":"Ornamental Fan"},{"floor":25.0,"key":"Omamori"},{"floor":26.0,"key":"Blood Vial"},{"floor":27.0,"key":"Bronze Scales"},{"floor":40.0,"key":"Mango"},{"floor":42.0,"key":"Regal Pillow"},{"floor":43.0,"key":"Pantograph"},{"floor":46.0,"key":"Unceasing Top"},{"floor":48.0,"key":"Torii"}],"event_choices":[{"damage_healed":0.0,"max_hp_gain":0.0,"max_hp_loss":0.0,"gold_gain":75.0,"event_name":"World of Goop","player_choice":"Gather Gold","floor":2.0,"gold_loss":0.0,"damage_taken":11.0},{"damage_healed":0.0,"max_hp_gain":0.0,"max_hp_loss":0.0,"gold_gain":0.0,"event_name":"Scrap Ooze","player_choice":"Success","floor":3.0,"gold_loss":0.0,"damage_taken":5.0,"relics_obtained":["Tingsha"]},{"damage_healed":0.0,"max_hp_gain":0.0,"max_hp_loss":0.0,"gold_gain":0.0,"event_name":"Golden Wing","player_choice":"Ignored","floor":4.0,"gold_loss":0.0,"damage_taken":0.0},{"damage_healed":0.0,"max_hp_gain":0.0,"max_hp_loss":0.0,"gold_gain":0.0,"cards_transformed":["Strike_G"],"event_name":"Transmorgrifier","player_choice":"Transformed","floor":5.0,"gold_loss":0.0,"damage_taken":0.0,"cards_obtained":["Dash"]},{"cards_removed":["Deflect"],"damage_healed":5.0,"max_hp_gain":0.0,"max_hp_loss":0.0,"gold_gain":0.0,"event_name":"Bonfire Elementals","player_choice":"Offered Common","floor":19.0,"gold_loss":0.0,"damage_taken":0.0},{"cards_removed":["Deflect"],"damage_healed":5.0,"max_hp_gain":0.0,"max_hp_loss":0.0,"gold_gain":0.0,"event_name":"Bonfire Elementals","player_choice":"Offered Special","floor":19.0,"gold_loss":0.0,"damage_taken":0.0},{"damage_healed":0.0,"max_hp_gain":0.0,"max_hp_loss":0.0,"gold_gain":999.0,"event_name":"MindBloom","player_choice":"Gold","floor":37.0,"gold_loss":0.0,"damage_taken":0.0,"cards_obtained":["Normality","Normality"]},{"cards_removed":["Distraction"],"damage_healed":0.0,"max_hp_gain":0.0,"max_hp_loss":0.0,"gold_gain":0.0,"event_name":"Falling","player_choice":"Removed Skill","floor":38.0,"gold_loss":0.0,"damage_taken":0.0},{"damage_healed":0.0,"max_hp_gain":0.0,"max_hp_loss":0.0,"gold_gain":0.0,"event_name":"Tomb of Lord Red Mask","player_choice":"Ignored","floor":39.0,"gold_loss":0.0,"damage_taken":0.0},{"damage_healed":0.0,"max_hp_gain":0.0,"max_hp_loss":0.0,"gold_gain":0.0,"event_name":"Mysterious Sphere","player_choice":"Fight","floor":46.0,"gold_loss":0.0,"damage_taken":0.0}],"is_beta":false,"boss_relics":[{"not_picked":["Calling Bell","Snecko Eye"],"picked":"Fusion Hammer"},{"not_picked":["Sozu","Coffee Dripper"],"picked":"Lizard Tail"}],"items_purged_floors":[],"is_endless":false,"potions_floor_spawned":[1,7,12,16,18,23,27,31,40,44,46,47],"killed_by":"Time Eater","ascension_level":16}