{"gold_per_floor":[113,125,139,39,39,39,54,54,128,128,145,165,165,192,192,288,288,302,317,335,350,350,350,41,59,137,156,156,168,198,213,213,315,315,335,335,435,435,435,435,435,435,435,452,95,95,110,125,125,125],"floor_reached":50,"playtime":6273,"items_purged":["Strike_B","Strike_B","Strike_B"],"score":513,"play_id":"dabb6ddb-1e54-4c85-8b1b-452a28355af4","local_time":"20190810195125","is_ascension_mode":true,"campfire_choices":[{"data":"Zap","floor":6,"key":"SMITH"},{"data":"Defragment","floor":8,"key":"SMITH"},{"data":"Dualcast","floor":10,"key":"SMITH"},{"data":"Go for the Eyes","floor":15,"key":"SMITH"},{"data":"Echo Form","floor":23,"key":"SMITH"},{"floor":28,"key":"REST"},{"floor":32,"key":"REST"},{"data":"Defragment","floor":40,"key":"SMITH"},{"data":"Redo","floor":42,"key":"SMITH"},{"data":"Capacitor","floor":46,"key":"SMITH"},{"floor":49,"key":"REST"}],"neow_cost":"NONE","seed_source_timestamp":482732729406000,"circlet_count":0,"master_deck":["Strike_B","Defend_B","Defend_B","Defend_B","Defend_B","Zap+1","Dualcast+1","Go for the Eyes+1","Defragment+1","Tempest","Beam Cell","Redo+1","FTL","Barrage","Ball Lightning","Echo Form+1","Steam Power","Consume","Melter+1","Leap","Defragment+1","Skim+1","White Noise+1","Electrodynamics","Conserve Battery","Sweeping Beam+1","Master of Strategy","Redo+1","Capacitor+1","Self Repair","Hologram","Go for the Eyes+1","Chill+1"],"relics":["FrozenCore","Anchor","The Courier","Centennial Puzzle","Runic Dome","OrangePellets","Gremlin Horn","Shuriken","WingedGreaves","Regal Pillow","Orichalcum"],"potions_floor_usage":[0,14,16,16,21,21,30,30,30,50,50],"damage_taken":[{"damage":4,"enemies":"2 Louse","floor":1,"turns":3},{"damage":1,"enemies":"Small Slimes","floor":2,"turns":2},{"damage":1,"enemies":"Cultist","floor":3,"turns":3},{"damage":3,"enemies":"Blue Slaver","floor":7,"turns":3},{"damage":0,"enemies":"Red Slaver","floor":11,"turns":2},{"damage":11,"enemies":"Exordium Wildlife","floor":12,"turns":3},{"damage":14,"enemies":"Gremlin Nob","floor":14,"turns":4},{"damage":4,"enemies":"Hexaghost","floor":16,"turns":7},{"damage":2,"enemies":"Chosen","floor":18,"turns":3},{"damage":6,"enemies":"Spheric Guardian","floor":19,"turns":3},{"damage":8,"enemies":"Chosen and Byrds","floor":20,"turns":4},{"damage":16,"enemies":"Centurion and Healer","floor":21,"turns":3},{"damage":10,"enemies":"Snecko","floor":25,"turns":4},{"damage":23,"enemies":"Cultist and Chosen","floor":27,"turns":5},{"damage":26,"enemies":"Snake Plant","floor":29,"turns":4},{"damage":5,"enemies":"Slavers","floor":30,"turns":3},{"damage":7,"enemies":"Chosen and Byrds","floor":31,"turns":6},{"damage":19,"enemies":"Automaton","floor":33,"turns":6},{"damage":0,"enemies":"Orb Walker","floor":35,"turns":4},{"damage":21,"enemies":"Mind Bloom Boss Battle","floor":37,"turns":5},{"damage":11,"enemies":"3 Shapes","floor":44,"turns":3},{"damage":20,"enemies":"Maw","floor":47,"turns":6},{"damage":9,"enemies":"4 Shapes","floor":48,"turns":2},{"damage":70,"enemies":"Awakened One","floor":50,"turns":12}],"seed_played":"2382477882639664606","potions_obtained":[{"floor":0,"key":"LiquidBronze"},{"floor":0,"key":"Fruit Juice"},{"floor":0,"key":"Ancient Potion"},{"floor":3,"key":"Dexterity Potion"},{"floor":11,"key":"Block Potion"},{"floor":14,"key":"SteroidPotion"},{"floor":16,"key":"FearPotion"},{"floor":20,"key":"Regen Potion"},{"floor":21,"key":"FocusPotion"},{"floor":25,"key":"Explosive Potion"},{"floor":33,"key":"SneckoOil"},{"floor":37,"key":"LiquidBronze"},{"floor":48,"key":"AttackPotion"}],"is_trial":false,"path_per_floor":["M","M","M","$","?","R","M","R","T","R","M","M","?","E","R","B",null,"M","M","M","M","?","R","$","M","T","M","R","M","E","M","R","B",null,"M","?","?","?","?","R","?","R","T","M","$","R","M","M","R","B"],"character_chosen":"DEFECT","items_purchased":["Beam Cell","Defragment","OrangePellets","Capacitor","Self Repair","Hologram","Orichalcum"],"campfire_rested":3,"item_purchase_floors":[4,24,24,45,45,45,45],"current_hp_per_floor":[76,75,74,74,67,67,64,64,64,64,64,53,53,39,39,35,80,78,72,64,57,49,49,49,39,39,16,40,14,9,2,26,7,80,80,80,59,59,59,59,59,59,59,48,48,48,35,26,65,0],"gold":125,"neow_bonus":"THREE_SMALL_POTIONS","is_prod":false,"is_daily":false,"chose_seed":false,"campfire_upgraded":8,"win_rate":0,"timestamp":1565434285,"path_taken":["M","M","M","$","?","R","M","R","T","R","M","M","?","E","R","BOSS","M","?","M","M","?","R","$","?","T","M","R","M","E","M","R","BOSS","M","?","?","?","?","R","?","R","T","M","$","R","M","M","R","BOSS"],"build_version":"2019-07-17","purchased_purges":3,"victory":false,"max_hp_per_floor":[80,80,80,80,80,80,80,80,80,80,80,80,80,80,80,80,80,80,80,80,80,80,80,80,80,80,80,80,80,80,80,80,80,80,80,80,80,80,80,80,80,80,80,80,80,80,80,80,80,80],"card_choices":[{"not_picked":["Hologram","Barrage"],"picked":"Go for the Eyes","floor":1},{"not_picked":["Ball Lightning","Static Discharge"],"picked":"Defragment","floor":2},{"not_picked":["Scrape","Hello World"],"picked":"Tempest","floor":3},{"not_picked":["Rebound","Steam"],"picked":"Redo","floor":7},{"not_picked":["Beam Cell","Stack"],"picked":"FTL","floor":11},{"not_picked":["Storm","Hologram"],"picked":"Barrage","floor":12},{"not_picked":["Leap","Conserve Battery"],"picked":"Ball Lightning","floor":14},{"not_picked":["All For One","Biased Cognition"],"picked":"Echo Form","floor":16},{"not_picked":["Sweeping Beam","Turbo+1"],"picked":"Steam Power","floor":18},{"not_picked":["Compile Driver","Beam Cell"],"picked":"Consume","floor":19},{"not_picked":["Compile Driver+1","Darkness"],"picked":"Melter+1","floor":20},{"not_picked":["Compile Driver","Hologram"],"picked":"Leap","floor":21},{"not_picked":["Scrape","Steam"],"picked":"Aggregate+1","floor":25},{"not_picked":["Force Field+1","Hologram"],"picked":"Skim+1","floor":27},{"not_picked":["Echo Form","Tempest","Streamline"],"picked":"SKIP","floor":29},{"not_picked":["Rebound","Aggregate+1"],"picked":"White Noise+1","floor":30},{"not_picked":["Beam Cell","Sweeping Beam","Blizzard+1"],"picked":"SKIP","floor":31},{"not_picked":["Thunder Strike","Meteor Strike"],"picked":"Electrodynamics","floor":33},{"not_picked":["Barrage","Compile Driver+1"],"picked":"Conserve Battery","floor":35},{"not_picked":["Ball Lightning","Steam+1"],"picked":"Sweeping Beam+1","floor":37},{"not_picked":["Magnetism","Dark Shackles"],"picked":"Master of Strategy","floor":41},{"not_picked":["Compile Driver","Streamline"],"picked":"Redo+1","floor":44},{"not_picked":["Beam Cell+1","Steam+1"],"picked":"Go for the Eyes+1","floor":47},{"not_picked":["Reinforced Body","Skim+1"],"picked":"Chill+1","floor":48}],"player_experience":268516,"relics_obtained":[{"floor":9,"key":"The Courier"},{"floor":14,"key":"Centennial Puzzle"},{"floor":26,"key":"Gremlin Horn"},{"floor":30,"key":"Shuriken"},{"floor":37,"key":"WingedGreaves"},{"floor":43,"key":"Regal Pillow"}],"event_choices":[{"damage_healed":0,"gold_gain":0,"player_choice":"Success","damage_taken":7,"relics_obtained":["Anchor"],"max_hp_gain":0,"max_hp_loss":0,"event_name":"Scrap Ooze","floor":5,"gold_loss":0},{"damage_healed":0,"gold_gain":0,"player_choice":"Bought 0 Potions","damage_taken":0,"max_hp_gain":0,"max_hp_loss":0,"event_name":"The Woman in Blue","floor":13,"gold_loss":0},{"damage_healed":0,"gold_gain":0,"player_choice":"","damage_taken":8,"max_hp_gain":0,"max_hp_loss":0,"event_name":"Knowing Skull","floor":22,"potions_obtained":[],"gold_loss":0,"cards_obtained":[]},{"damage_healed":0,"gold_gain":0,"player_choice":"Ignored","damage_taken":0,"max_hp_gain":0,"max_hp_loss":0,"event_name":"Tomb of Lord Red Mask","floor":36,"gold_loss":0},{"damage_healed":0,"gold_gain":0,"player_choice":"Fight","damage_taken":0,"max_hp_gain":0,"max_hp_loss":0,"event_name":"MindBloom","floor":37,"gold_loss":0},{"cards_removed":["Aggregate"],"damage_healed":0,"gold_gain":0,"player_choice":"Removed Skill","damage_taken":0,"max_hp_gain":0,"max_hp_loss":0,"event_name":"Falling","floor":38,"gold_loss":0},{"damage_healed":0,"gold_gain":0,"player_choice":"Ignored","damage_taken":0,"max_hp_gain":0,"max_hp_loss":0,"event_name":"Mysterious Sphere","floor":39,"gold_loss":0},{"damage_healed":0,"gold_gain":0,"player_choice":"Memory 1","damage_taken":0,"max_hp_gain":0,"max_hp_loss":0,"event_name":"SensoryStone","floor":41,"gold_loss":0}],"is_beta":false,"boss_relics":[{"not_picked":["Orrery","Empty Cage"],"picked":"Runic Dome"},{"not_picked":["Sozu","Cursed Key"],"picked":"FrozenCore"}],"items_purged_floors":[4,24,45],"is_endless":false,"potions_floor_spawned":[3,11,14,16,20,21,25,33,37,48],"killed_by":"Awakened One","ascension_level":2}