{"gold_per_floor":[111,122,79,229,242,275,291,23,23,23,40,40,40,72,72,149,149,167,167,167,167,183,218,218,247,547,564,589,33,53,79,79,156,156,167,167,10,110,128,128,161,179,205,128,128,143,171,171,171,171],"floor_reached":51,"playtime":3969,"items_purged":["Doubt","Writhe"],"score":1468,"play_id":"d90d3e66-b7c2-4f8e-99b6-47b0d076fad6","local_time":"20190802212354","is_ascension_mode":true,"campfire_choices":[{"floor":10.0,"key":"REST"},{"floor":13.0,"key":"REST"},{"data":"Terror","floor":15.0,"key":"SMITH"},{"floor":24.0,"key":"REST"},{"floor":32.0,"key":"REST"},{"data":"1","floor":40.0,"key":"LIFT"},{"data":"2","floor":45.0,"key":"LIFT"},{"data":"3","floor":49.0,"key":"LIFT"}],"neow_cost":"NONE","seed_source_timestamp":0,"circlet_count":0,"master_deck":["AscendersBane","Defend_G","Defend_G","Defend_G","Defend_G","Defend_G","Survivor","Neutralize","Quick Slash","Quick Slash","Noxious Fumes","Dodge and Roll","Terror+1","Dagger Spray","Sucker Punch","Cloak And Dagger","Glass Knife","Doppelganger","Flying Knee","Bite","Bite","Bite","Bite","Bite","Blur","Blur+1","Dagger Spray","Blade Dance+1","Wraith Form v2+1","Cloak And Dagger","Discovery","Flying Knee","Infinite Blades","Prepared+1","Catalyst","Secret Technique","Backflip","Noxious Fumes","Footwork","Predator","Infinite Blades+1","Dagger Spray"],"special_seed":0,"relics":["Black Star","Happy Flower","Incense Burner","PreservedInsect","Blue Candle","Ancient Tea Set","Prayer Wheel","Busted Crown","Mummified Hand","Pear","Pen Nib","Meat on the Bone","Bottled Lightning","Old Coin","Red Mask","Lantern","Girya","Tough Bandages","Lizard Tail","Du-Vu Doll","Dream Catcher","Thread and Needle","Oddly Smooth Stone","War Paint","Juzu Bracelet"],"potions_floor_usage":[50,50],"damage_taken":[{"damage":10.0,"enemies":"Cultist","floor":1.0,"turns":4.0},{"damage":3.0,"enemies":"2 Louse","floor":2.0,"turns":3.0},{"damage":2.0,"enemies":"Small Slimes","floor":5.0,"turns":4.0},{"damage":15.0,"enemies":"Lagavulin","floor":6.0,"turns":8.0},{"damage":12.0,"enemies":"2 Fungi Beasts","floor":7.0,"turns":5.0},{"damage":2.0,"enemies":"3 Louse","floor":11.0,"turns":3.0},{"damage":22.0,"enemies":"3 Sentries","floor":14.0,"turns":6.0},{"damage":14.0,"enemies":"The Guardian","floor":16.0,"turns":13.0},{"damage":9.0,"enemies":"Shell Parasite","floor":18.0,"turns":5.0},{"damage":8.0,"enemies":"2 Thieves","floor":22.0,"turns":4.0},{"damage":33.0,"enemies":"Book of Stabbing","floor":23.0,"turns":4.0},{"damage":15.0,"enemies":"Gremlin Leader","floor":25.0,"turns":5.0},{"damage":19.0,"enemies":"Centurion and Healer","floor":27.0,"turns":5.0},{"damage":28.0,"enemies":"Masked Bandits","floor":28.0,"turns":4.0},{"damage":21.0,"enemies":"Sentry and Sphere","floor":30.0,"turns":5.0},{"damage":16.0,"enemies":"Slavers","floor":31.0,"turns":7.0},{"damage":62.0,"enemies":"Collector","floor":33.0,"turns":13.0},{"damage":34.0,"enemies":"3 Darklings","floor":35.0,"turns":5.0},{"damage":9.0,"enemies":"Mind Bloom Boss Battle","floor":38.0,"turns":9.0},{"damage":0.0,"enemies":"Orb Walker","floor":39.0,"turns":2.0},{"damage":0.0,"enemies":"Giant Head","floor":41.0,"turns":6.0},{"damage":13.0,"enemies":"Jaw Worm Horde","floor":42.0,"turns":5.0},{"damage":0.0,"enemies":"Sphere and 2 Shapes","floor":46.0,"turns":5.0},{"damage":10.0,"enemies":"Reptomancer","floor":47.0,"turns":4.0},{"damage":95,"enemies":"Time Eater","floor":50,"turns":12}],"seed_played":"-2211473388454377444","potions_obtained":[{"floor":2.0,"key":"Dexterity Potion"},{"floor":14.0,"key":"Fire Potion"},{"floor":16.0,"key":"LiquidBronze"},{"floor":22.0,"key":"SteroidPotion"},{"floor":23.0,"key":"FearPotion"},{"floor":25.0,"key":"Explosive Potion"},{"floor":30.0,"key":"PowerPotion"},{"floor":35.0,"key":"Strength Potion"},{"floor":39.0,"key":"GamblersBrew"},{"floor":42.0,"key":"Ancient Potion"}],"is_trial":false,"path_per_floor":["M","M","$","?","M","E","M","$","T","R","M","?","R","E","R","B",null,"M","?","?","?","M","E","R","E","T","M","?","$","M","E","R","B",null,"M","?","$","?","M","R","E","M","T","$","R","M","E","?","R","B",null],"character_chosen":"THE_SILENT","items_purchased":["Noxious Fumes","PreservedInsect","Sucker Punch","Wraith Form v2","Cloak And Dagger","GhostInAJar","Discovery","Lantern","SkillPotion","Footwork"],"campfire_rested":4,"item_purchase_floors":[3,8,8,29,29,29,29,29,37,44],"current_hp_per_floor":[49,46,46,46,44,29,17,17,17,36,34,34,53,31,31,17,54,45,45,45,45,43,28,44,41,41,32,24,24,23,29,45,21,47,31,31,31,36,38,38,48,45,45,45,45,51,45,45,45,30],"gold":171,"neow_bonus":"BOSS_RELIC","is_prod":false,"is_daily":false,"chose_seed":false,"campfire_upgraded":1,"win_rate":0,"timestamp":1564806234,"path_taken":["M","M","?","?","M","E","M","$","T","R","M","?","R","E","R","BOSS","M","?","?","?","M","E","R","E","T","M","?","$","M","E","R","BOSS","M","?","$","?","M","R","E","M","T","?","R","M","E","?","R","BOSS"],"build_version":"2019-07-17","purchased_purges":2,"victory":true,"max_hp_per_floor":[66,66,66,66,66,66,66,66,66,66,66,66,66,66,66,66,66,66,46,46,46,46,56,56,56,56,56,56,56,56,56,56,56,56,56,56,56,56,56,56,56,56,56,56,56,56,56,56,56,56],"card_choices":[{"not_picked":["Slice","Eviscerate"],"picked":"Quick Slash","floor":1.0},{"not_picked":["Underhanded Strike","Slice"],"picked":"Quick Slash","floor":2.0},{"not_picked":["Dagger Throw","All Out Attack"],"picked":"Dodge and Roll","floor":5.0},{"not_picked":["Riddle With Holes","Flying Knee"],"picked":"Terror","floor":6.0},{"not_picked":["Masterful Stab","Backflip"],"picked":"Dagger Spray","floor":7.0},{"not_picked":["Masterful Stab","Choke"],"picked":"Cloak And Dagger","floor":11.0},{"not_picked":["Quick Slash","Deflect"],"picked":"Glass Knife","floor":14.0},{"not_picked":["Corpse Explosion","A Thousand Cuts"],"picked":"Doppelganger","floor":16.0},{"not_picked":[],"picked":"Flying Knee","floor":18.0},{"not_picked":["Deadly Poison"],"picked":"SKIP","floor":18.0},{"not_picked":[],"picked":"Blur","floor":22.0},{"not_picked":[],"picked":"Dagger Spray","floor":22.0},{"not_picked":["Heel Hook"],"picked":"SKIP","floor":23.0},{"not_picked":["Expertise"],"picked":"SKIP","floor":25.0},{"not_picked":["Finisher"],"picked":"SKIP","floor":27.0},{"not_picked":["Deadly Poison"],"picked":"SKIP","floor":27.0},{"not_picked":[],"picked":"Blade Dance","floor":28.0},{"not_picked":[],"picked":"Flying Knee","floor":30.0},{"not_picked":[],"picked":"Infinite Blades","floor":30.0},{"not_picked":[],"picked":"Prepared+1","floor":31.0},{"not_picked":[],"picked":"Catalyst","floor":35.0},{"not_picked":["Poisoned Stab"],"picked":"SKIP","floor":35.0},{"not_picked":[],"picked":"Secret Technique","floor":36.0},{"not_picked":[],"picked":"Backflip","floor":39.0},{"not_picked":["Deadly Poison+1"],"picked":"SKIP","floor":39.0},{"not_picked":["Finisher"],"picked":"SKIP","floor":41.0},{"not_picked":[],"picked":"Noxious Fumes","floor":42.0},{"not_picked":["Tactician"],"picked":"SKIP","floor":42.0},{"not_picked":[],"picked":"Predator","floor":46.0},{"not_picked":[],"picked":"Infinite Blades+1","floor":46.0},{"not_picked":[],"picked":"Dagger Spray","floor":47.0}],"player_experience":654929,"relics_obtained":[{"floor":6.0,"key":"Happy Flower"},{"floor":6.0,"key":"Incense Burner"},{"floor":9.0,"key":"Blue Candle"},{"floor":14.0,"key":"Ancient Tea Set"},{"floor":14.0,"key":"Prayer Wheel"},{"floor":23.0,"key":"Pear"},{"floor":23.0,"key":"Pen Nib"},{"floor":25.0,"key":"Meat on the Bone"},{"floor":25.0,"key":"Bottled Lightning"},{"floor":26.0,"key":"Old Coin"},{"floor":28.0,"key":"Red Mask"},{"floor":31.0,"key":"Girya"},{"floor":31.0,"key":"Tough Bandages"},{"floor":38.0,"key":"Du-Vu Doll"},{"floor":41.0,"key":"Dream Catcher"},{"floor":41.0,"key":"Thread and Needle"},{"floor":43.0,"key":"Oddly Smooth Stone"},{"floor":47.0,"key":"War Paint"},{"floor":47.0,"key":"Juzu Bracelet"}],"event_choices":[{"damage_healed":0.0,"max_hp_gain":0.0,"max_hp_loss":0.0,"gold_gain":150.0,"event_name":"Liars Game","player_choice":"AGREE","floor":4.0,"gold_loss":0.0,"damage_taken":0.0,"cards_obtained":["Doubt"]},{"damage_healed":0.0,"max_hp_gain":0.0,"max_hp_loss":0.0,"gold_gain":0.0,"event_name":"Golden Wing","player_choice":"Ignored","floor":12.0,"gold_loss":0.0,"damage_taken":0.0},{"damage_healed":0.0,"max_hp_gain":0.0,"max_hp_loss":20.0,"gold_gain":0.0,"event_name":"Vampires","player_choice":"Became a vampire","floor":19.0,"gold_loss":0.0,"damage_taken":0.0,"cards_obtained":["Bite","Bite","Bite","Bite","Bite"]},{"damage_healed":0.0,"max_hp_gain":0.0,"max_hp_loss":0.0,"gold_gain":0.0,"event_name":"The Mausoleum","player_choice":"Opened","floor":20.0,"gold_loss":0.0,"damage_taken":0.0,"relics_obtained":["Mummified Hand"],"cards_obtained":["Writhe"]},{"damage_healed":0.0,"max_hp_gain":0.0,"max_hp_loss":0.0,"gold_gain":0.0,"event_name":"The Library","player_choice":"Read","floor":21.0,"gold_loss":0.0,"damage_taken":0.0,"cards_obtained":["Blur"]},{"damage_healed":0.0,"max_hp_gain":0.0,"max_hp_loss":0.0,"gold_gain":0.0,"event_name":"Masked Bandits","player_choice":"Fought Bandits","floor":28.0,"gold_loss":0.0,"damage_taken":0.0},{"damage_healed":0.0,"max_hp_gain":0.0,"max_hp_loss":0.0,"gold_gain":0.0,"event_name":"SensoryStone","player_choice":"Memory 1","floor":36.0,"gold_loss":0.0,"damage_taken":0.0},{"damage_healed":0.0,"max_hp_gain":0.0,"max_hp_loss":0.0,"gold_gain":0.0,"event_name":"MindBloom","player_choice":"Fight","floor":38.0,"gold_loss":0.0,"damage_taken":0.0},{"damage_healed":0.0,"max_hp_gain":0.0,"max_hp_loss":0.0,"gold_gain":0.0,"event_name":"Upgrade Shrine","player_choice":"Upgraded","floor":48.0,"gold_loss":0.0,"damage_taken":0.0,"cards_upgraded":["Wraith Form v2"]}],"is_beta":false,"boss_relics":[{"not_picked":["Empty Cage","Ectoplasm"],"picked":"Busted Crown"},{"not_picked":["Fusion Hammer","Coffee Dripper"],"picked":"Lizard Tail"}],"items_purged_floors":[8,37],"is_endless":false,"potions_floor_spawned":[2,14,16,22,23,25,30,35,39,42],"ascension_level":16}