{"gold_per_floor":[114,114,114,125,139,139,139,139,165,165,203,17,17,30,30,156,156,174,174,174,192,192,192,205,221,247,247,247,247,9,0,0,125,125,148,166,499,518,118,118,137,37,94,141,141,141,141,161,161,161],"floor_reached":51,"playtime":3744,"items_purged":["Writhe","Writhe"],"score":1021,"play_id":"244d6eb3-5c00-48fe-ba29-6be83702b8cd","local_time":"20180725114659","is_ascension_mode":true,"campfire_choices":[{"data":"White Noise","floor":6.0,"key":"SMITH"},{"data":"Zap","floor":8.0,"key":"SMITH"},{"data":"Steam","floor":10.0,"key":"SMITH"},{"floor":15.0,"key":"REST"},{"data":"Fusion","floor":23.0,"key":"SMITH"},{"data":"White Noise","floor":27.0,"key":"SMITH"},{"data":"Buffer","floor":29.0,"key":"SMITH"},{"data":"Biased Cognition","floor":32.0,"key":"SMITH"},{"data":"Tempest","floor":40.0,"key":"SMITH"},{"data":"Mind Blast","floor":47.0,"key":"SMITH"},{"data":"Panacea","floor":49.0,"key":"SMITH"}],"neow_cost":"","seed_source_timestamp":0,"circlet_count":0,"master_deck":["Strike_B+1","Strike_B+1","Strike_B+1","Defend_B+1","Defend_B+1","Defend_B+1","Defend_B+1","Zap+1","Dualcast+1","AscendersBane","Steam+1","White Noise+1","Cold Snap+1","Undo+1","Conserve Battery","White Noise+1","Glacier","Buffer+1","Force Field+1","Fusion+1","Hologram+1","White Noise+1","Stack","Cold Snap","Biased Cognition+1","Gash","Amplify","Force Field","Sweeping Beam","Thunder Strike","Tempest+1","Ball Lightning","Finesse","Panacea+1","Mind Blast+1","Barrage"],"special_seed":0,"relics":["Cracked Core","Omamori","Regal Pillow","Dodecahedron","Vajra","Sozu","Letter Opener","Centennial Puzzle","Calling Bell","War Paint","Cables","Bird Faced Urn","Question Card","Tiny Chest","Oddly Smooth Stone"],"potions_floor_usage":[],"damage_taken":[{"damage":4.0,"enemies":"Jaw Worm","floor":1.0,"turns":4.0},{"damage":0.0,"enemies":"Small Slimes","floor":4.0,"turns":2.0},{"damage":0.0,"enemies":"2 Louse","floor":5.0,"turns":2.0},{"damage":18.0,"enemies":"Lagavulin","floor":11.0,"turns":8.0},{"damage":15.0,"enemies":"Gremlin Gang","floor":14.0,"turns":3.0},{"damage":22.0,"enemies":"The Guardian","floor":16.0,"turns":12.0},{"damage":0.0,"enemies":"Spheric Guardian","floor":18.0,"turns":6.0},{"damage":0.0,"enemies":"2 Thieves","floor":21.0,"turns":4.0},{"damage":9.0,"enemies":"Sentry and Sphere","floor":24.0,"turns":9.0},{"damage":0.0,"enemies":"Snecko","floor":25.0,"turns":7.0},{"damage":27.0,"enemies":"Automaton","floor":33.0,"turns":13.0},{"damage":44.0,"enemies":"Flame Bruiser 1 Orb","floor":35.0,"turns":18.0},{"damage":0.0,"enemies":"3 Shapes","floor":36.0,"turns":5.0},{"damage":0.0,"enemies":"Maw","floor":38.0,"turns":8.0},{"damage":18.0,"enemies":"3 Darklings","floor":41.0,"turns":3.0},{"damage":22.0,"enemies":"Flame Bruiser 2 Orb","floor":48.0,"turns":3.0},{"damage":51,"enemies":"Time Eater","floor":50,"turns":11}],"seed_played":"-7599180163109871491","potions_obtained":[{"floor":11.0,"key":"Fire Potion"},{"floor":14.0,"key":"SkillPotion"}],"is_trial":false,"path_per_floor":["M","?","?","M","M","R","?","R","T","R","E","$","?","M","R","B",null,"M","?","?","M","?","R","M","M","T","R","?","R","$","?","R","B",null,"M","M","?","M","$","R","M","$","T","T","?","?","R","M","R","B"],"character_chosen":"DEFECT","items_purchased":["Vajra","White Noise","Stack","Cold Snap","Biased Cognition","Gash","Tempest","Question Card"],"campfire_rested":1,"item_purchase_floors":[12,12,30,30,30,30,39,39],"current_hp_per_floor":[64,57,57,57,57,57,57,57,57,57,39,39,24,9,46,24,62,69,69,69,69,69,69,67,67,67,67,67,67,67,67,67,54,70,47,68,68,75,75,75,75,75,75,75,65,65,65,65,65,24],"gold":161,"neow_bonus":"","is_prod":false,"is_daily":false,"chose_seed":false,"campfire_upgraded":10,"win_rate":0,"timestamp":1532544419,"path_taken":["M","?","?","M","M","R","?","R","T","R","E","$","?","M","R","BOSS","M","?","?","M","?","R","M","?","T","R","?","R","$","?","R","BOSS","M","?","?","M","$","R","M","$","T","?","?","?","R","?","R","BOSS"],"build_version":"2018-07-19v2","purchased_purges":2,"victory":true,"max_hp_per_floor":[75,75,75,75,75,75,75,75,75,75,75,75,75,75,75,75,75,75,75,75,75,75,75,75,75,75,75,75,75,75,75,75,75,75,75,75,75,75,75,75,75,75,75,75,75,75,75,75,75,75],"card_choices":[{"not_picked":["Streamline","Coolheaded"],"picked":"Steam","floor":1.0},{"not_picked":["Beam Cell","Reinforced Body"],"picked":"Cold Snap","floor":4.0},{"not_picked":["Hologram","Steam"],"picked":"Undo","floor":5.0},{"not_picked":["Capacitor","Beam Cell"],"picked":"Conserve Battery","floor":11.0},{"not_picked":["Cold Snap","Conserve Battery"],"picked":"Glacier","floor":14.0},{"not_picked":["Fission","Reboot"],"picked":"Buffer","floor":16.0},{"not_picked":["Compile Driver","Ball Lightning"],"picked":"Force Field+1","floor":18.0},{"not_picked":["Go for the Eyes","Cold Snap"],"picked":"Fusion","floor":21.0},{"not_picked":["Beam Cell","Undo"],"picked":"Hologram+1","floor":24.0},{"not_picked":["Streamline","Cold Snap"],"picked":"Self Repair","floor":25.0},{"not_picked":["Hyperbeam","Fission"],"picked":"Amplify","floor":33.0},{"not_picked":["BootSequence","Stack"],"picked":"Force Field","floor":35.0},{"not_picked":["Turbo","Hologram"],"picked":"Sweeping Beam","floor":36.0},{"not_picked":["Streamline","Recycle"],"picked":"Thunder Strike","floor":38.0},{"not_picked":["Coolheaded","Barrage","Turbo+1"],"picked":"Ball Lightning","floor":41.0},{"not_picked":["Trip","Deep Breath","Flash of Steel"],"picked":"Finesse","floor":45.0},{"not_picked":["Madness","Deep Breath","Mind Blast"],"picked":"Panacea","floor":45.0},{"not_picked":["Blind","Flash of Steel","Secret Technique"],"picked":"Mind Blast","floor":45.0},{"not_picked":["Compile Driver+1","Redo","Blizzard"],"picked":"Barrage","floor":48.0}],"player_experience":573287,"relics_obtained":[{"floor":9.0,"key":"Regal Pillow"},{"floor":11.0,"key":"Dodecahedron"},{"floor":26.0,"key":"Centennial Puzzle"},{"floor":34.0,"key":"War Paint"},{"floor":34.0,"key":"Cables"},{"floor":34.0,"key":"Bird Faced Urn"},{"floor":43.0,"key":"Tiny Chest"},{"floor":44.0,"key":"Oddly Smooth Stone"}],"event_choices":[{"event_name":"Scrap Ooze","player_choice":"success","floor":2.0,"damage_taken":7.0},{"event_name":"Transmorgrifier","player_choice":"Transform","floor":3.0,"damage_taken":0.0},{"event_name":"Golden Idol","player_choice":"Take Wound","floor":7.0,"damage_taken":0.0},{"event_name":"Shining Light","player_choice":"Entered Light","floor":13.0,"damage_taken":0.0},{"event_name":"Back to Basics","player_choice":"Simplicity","floor":19.0,"damage_taken":0.0},{"event_name":"The Mausoleum","player_choice":"Yes","floor":20.0,"damage_taken":0.0},{"event_name":"Beggar","player_choice":"Ignored","floor":22.0,"damage_taken":0.0},{"event_name":"Duplicator","player_choice":"One dupe","floor":28.0,"damage_taken":0.0},{"event_name":"Masked Bandits","player_choice":"Paid Bandits 9 gold","floor":31.0,"damage_taken":0.0},{"event_name":"The Moai Head","player_choice":"Gave Idol","floor":37.0,"damage_taken":0.0},{"event_name":"SensoryStone","player_choice":"Memory 3","floor":45.0,"damage_taken":0.0},{"event_name":"Falling","player_choice":"Removed Power","floor":46.0,"damage_taken":0.0}],"is_beta":false,"boss_relics":[{"not_picked":["Cursed Key","Black Star"],"picked":"Sozu"},{"not_picked":["Nuclear Battery","Busted Crown"],"picked":"Calling Bell"}],"items_purged_floors":[39,42],"is_endless":false,"potions_floor_spawned":[11,14,21,33,36,38],"ascension_level":12}