{"gold_per_floor":[112,85,95,95,113,113,89,102,102,102,126,126,140,152,152,254,254,274,289,255,270,270],"floor_reached":22,"playtime":1990,"items_purged":[],"score":178,"play_id":"766901ba-fdab-429f-84fe-2ede297e3209","local_time":"20190806055150","is_ascension_mode":false,"campfire_choices":[{"data":"Dagger Spray","floor":6,"key":"SMITH"},{"data":"All Out Attack","floor":10,"key":"SMITH"},{"floor":15,"key":"REST"}],"neow_cost":"NONE","seed_source_timestamp":11295409323227,"circlet_count":0,"master_deck":["Strike_G","Strike_G","Strike_G","Strike_G","Strike_G","Defend_G","Defend_G","Defend_G","Defend_G","Survivor","Neutralize","Finisher","Deadly Poison","Dagger Spray+1","Caltrops","Slice","All Out Attack+1","Outmaneuver","Malaise","Heel Hook","Crippling Poison","Burst","Dagger Throw","PiercingWail+1","Footwork","Noxious Fumes"],"relics":["Ring of the Snake","Tough Bandages","Odd Mushroom"],"potions_floor_usage":[21,21],"damage_taken":[{"damage":0,"enemies":"Jaw Worm","floor":1,"turns":6},{"damage":1,"enemies":"2 Louse","floor":3,"turns":4},{"damage":4,"enemies":"Cultist","floor":5,"turns":4},{"damage":7,"enemies":"2 Fungi Beasts","floor":8,"turns":4},{"damage":3,"enemies":"The Mushroom Lair","floor":11,"turns":3},{"damage":0,"enemies":"Lots of Slimes","floor":13,"turns":1},{"damage":0,"enemies":"3 Louse","floor":14,"turns":2},{"damage":38,"enemies":"The Guardian","floor":16,"turns":13},{"damage":18,"enemies":"Shell Parasite","floor":18,"turns":7},{"damage":26,"enemies":"2 Thieves","floor":19,"turns":5},{"damage":27,"enemies":"Snecko","floor":21,"turns":7},{"damage":19,"enemies":"Sentry and Sphere","floor":22,"turns":3}],"seed_played":"-1819230150519700805","potions_obtained":[{"floor":1,"key":"Dexterity Potion"},{"floor":3,"key":"Regen Potion"},{"floor":5,"key":"Regen Potion"},{"floor":13,"key":"Fire Potion"},{"floor":16,"key":"Energy Potion"}],"is_trial":false,"path_per_floor":["M","$","M","$","M","R","$","M","T","R","?","?","M","M","R","B",null,"M","M","$","M","M"],"character_chosen":"THE_SILENT","items_purchased":["Deadly Poison","Slice","Footwork"],"campfire_rested":1,"item_purchase_floors":[2,7,20],"current_hp_per_floor":[77,77,76,76,72,72,72,65,65,65,62,62,62,62,77,39,77,59,33,33,18,0],"gold":270,"neow_bonus":"TEN_PERCENT_HP_BONUS","is_prod":false,"is_daily":false,"chose_seed":false,"campfire_upgraded":2,"win_rate":0.0,"timestamp":1565095910,"path_taken":["M","$","M","$","M","R","$","M","T","R","?","?","M","M","R","BOSS","M","M","?","M","M"],"build_version":"2019-07-17","purchased_purges":0,"victory":false,"max_hp_per_floor":[77,77,77,77,77,77,77,77,77,77,77,77,77,77,77,77,77,77,77,77,77,77],"card_choices":[{"not_picked":["Slice","Dagger Spray"],"picked":"Finisher","floor":1},{"not_picked":["Quick Slash","Deadly Poison"],"picked":"Dagger Spray","floor":3},{"not_picked":["Calculated Gamble","Deadly Poison"],"picked":"Caltrops","floor":5},{"not_picked":["Choke","Masterful Stab"],"picked":"All Out Attack","floor":8},{"not_picked":["Dodge and Roll","Backflip"],"picked":"Outmaneuver","floor":11},{"not_picked":["Dagger Spray","Poisoned Stab"],"picked":"Heel Hook","floor":13},{"not_picked":["Deflect","Outmaneuver"],"picked":"Crippling Poison","floor":14},{"not_picked":["Wraith Form v2","Bullet Time"],"picked":"Burst","floor":16},{"not_picked":["Outmaneuver","Underhanded Strike"],"picked":"Dagger Throw","floor":18},{"not_picked":["Dagger Spray","All Out Attack"],"picked":"PiercingWail+1","floor":19},{"not_picked":["Terror","Eviscerate+1"],"picked":"Noxious Fumes","floor":21}],"player_experience":4627,"relics_obtained":[{"floor":9,"key":"Tough Bandages"},{"floor":11,"key":"Odd Mushroom"}],"event_choices":[{"damage_healed":0,"gold_gain":0,"player_choice":"Fought Mushrooms","damage_taken":0,"max_hp_gain":0,"max_hp_loss":0,"event_name":"Mushrooms","floor":11,"gold_loss":0},{"damage_healed":0,"gold_gain":0,"cards_transformed":["Defend_G"],"player_choice":"Transformed","damage_taken":0,"max_hp_gain":0,"max_hp_loss":0,"event_name":"Transmorgrifier","floor":12,"gold_loss":0,"cards_obtained":["Malaise"]}],"is_beta":false,"boss_relics":[{"not_picked":["Cursed Key","Snecko Eye","Philosopher\u0027s Stone"]}],"items_purged_floors":[],"is_endless":false,"potions_floor_spawned":[1,3,5,13,16,18],"killed_by":"Sentry and Sphere","ascension_level":0}