{"gold_per_floor":[116,116,136,136,156,156,134,149,149,163,175,175,175,100,100,201,201,221,221,234,246,260,260],"floor_reached":23,"playtime":1315,"items_purged":["Strike_R"],"score":194,"play_id":"697db1ae-cffe-43bb-aa4a-3d37640d0db8","local_time":"20190810222412","is_ascension_mode":true,"campfire_choices":[{"data":"Infernal Blade","floor":6,"key":"SMITH"},{"data":"Shrug It Off","floor":12,"key":"SMITH"},{"data":"Iron Wave","floor":15,"key":"SMITH"}],"neow_cost":"NONE","seed_source_timestamp":532551251288987,"circlet_count":0,"master_deck":["Strike_R","Strike_R","Strike_R","Defend_R","Defend_R","Defend_R","Defend_R","Bash","Infernal Blade+1","Cleave","Iron Wave+1","Shrug It Off+1","Pommel Strike","Metallicize","Clothesline","Reaper","Limit Break","Havoc","Shrug It Off","Barricade+1","Heavy Blade","Flex+1","Infernal Blade+1","Body Slam","Body Slam"],"relics":["Burning Blood","Boot","WarpedTongs","Dodecahedron","Orrery"],"potions_floor_usage":[16],"damage_taken":[{"damage":10,"enemies":"Jaw Worm","floor":1,"turns":4},{"damage":5,"enemies":"Cultist","floor":3,"turns":3},{"damage":1,"enemies":"Small Slimes","floor":5,"turns":2},{"damage":11,"enemies":"Gremlin Gang","floor":8,"turns":4},{"damage":5,"enemies":"3 Louse","floor":10,"turns":4},{"damage":16,"enemies":"Exordium Wildlife","floor":11,"turns":4},{"damage":10,"enemies":"The Guardian","floor":16,"turns":17},{"damage":15,"enemies":"3 Byrds","floor":18,"turns":7},{"damage":20,"enemies":"Spheric Guardian","floor":20,"turns":10},{"damage":7,"enemies":"3 Cultists","floor":21,"turns":5},{"damage":14,"enemies":"Sentry and Sphere","floor":22,"turns":8},{"damage":53,"enemies":"Gremlin Leader","floor":23,"turns":5}],"seed_played":"-5394895406258559822","potions_obtained":[{"floor":1,"key":"Dexterity Potion"},{"floor":3,"key":"EssenceOfSteel"},{"floor":10,"key":"Weak Potion"},{"floor":20,"key":"SteroidPotion"}],"is_trial":false,"path_per_floor":["M","?","M","?","M","R","$","M","T","M","M","R","?","$","R","B",null,"M","?","M","M","M","E"],"character_chosen":"IRONCLAD","items_purchased":["Pommel Strike"],"campfire_rested":0,"item_purchase_floors":[7],"current_hp_per_floor":[76,76,77,77,80,80,80,75,75,76,66,66,59,59,59,60,80,71,71,57,56,51,0],"gold":260,"neow_bonus":"RANDOM_COMMON_RELIC","is_prod":false,"is_daily":false,"chose_seed":false,"campfire_upgraded":3,"win_rate":0,"timestamp":1565468652,"path_taken":["M","?","?","?","M","R","$","?","T","M","M","R","?","?","R","BOSS","M","?","?","M","M","E"],"build_version":"2019-07-17","purchased_purges":1,"victory":false,"max_hp_per_floor":[80,80,80,80,80,80,80,80,80,80,80,80,80,80,80,80,80,80,80,80,80,80,80],"card_choices":[{"not_picked":["Power Through","Inflame"],"picked":"Infernal Blade","floor":1},{"not_picked":["Body Slam","Intimidate"],"picked":"Cleave","floor":3},{"not_picked":["Twin Strike","Armaments"],"picked":"Shrug It Off","floor":5},{"not_picked":["Wild Strike","Iron Wave"],"picked":"Metallicize","floor":8},{"not_picked":["Thunderclap","Iron Wave"],"picked":"Clothesline","floor":10},{"not_picked":["Clothesline","Havoc"],"picked":"Reaper","floor":11},{"not_picked":["Immolate","Double Tap"],"picked":"Limit Break","floor":16},{"not_picked":["Iron Wave","Wild Strike"],"picked":"Havoc","floor":17},{"not_picked":["Sever Soul","Headbutt"],"picked":"Shrug It Off","floor":17},{"not_picked":["Twin Strike","Clash"],"picked":"Barricade","floor":17},{"not_picked":["Iron Wave","Warcry"],"picked":"Heavy Blade","floor":17},{"not_picked":["Thunderclap","Power Through"],"picked":"Flex+1","floor":18},{"not_picked":["Perfected Strike","Sword Boomerang"],"picked":"Infernal Blade+1","floor":20},{"not_picked":["Hemokinesis+1","Pommel Strike"],"picked":"Body Slam","floor":21},{"not_picked":["Combust","Inflame"],"picked":"Body Slam","floor":22}],"player_experience":78006,"relics_obtained":[{"floor":9,"key":"Dodecahedron"}],"event_choices":[{"damage_healed":0,"gold_gain":0,"player_choice":"Rummage","damage_taken":0,"relics_obtained":["WarpedTongs"],"max_hp_gain":0,"max_hp_loss":0,"event_name":"Accursed Blacksmith","floor":2,"gold_loss":0,"cards_obtained":["Pain"]},{"damage_healed":0,"gold_gain":0,"cards_transformed":["Strike_R"],"player_choice":"Transformed","damage_taken":0,"max_hp_gain":0,"max_hp_loss":0,"event_name":"Transmorgrifier","floor":4,"gold_loss":0,"cards_obtained":["Iron Wave"]},{"cards_removed":["Pain"],"damage_healed":0,"gold_gain":0,"player_choice":"Card Removal","damage_taken":7,"max_hp_gain":0,"max_hp_loss":0,"event_name":"Golden Wing","floor":13,"gold_loss":0},{"damage_healed":0,"gold_gain":0,"player_choice":"Upgraded","damage_taken":0,"max_hp_gain":0,"max_hp_loss":0,"event_name":"Upgrade Shrine","floor":19,"gold_loss":0,"cards_upgraded":["Barricade"]}],"is_beta":false,"boss_relics":[{"not_picked":["Ectoplasm","Busted Crown"],"picked":"Orrery"}],"items_purged_floors":[14],"is_endless":false,"potions_floor_spawned":[1,3,10,20],"killed_by":"Gremlin Leader","ascension_level":1}