{"gold_per_floor":[115,135,149,160,160,160,191,210,210,240,240,259,274,274,274,369,369,389,389,389,389,404,404,738,753,753,753,117,117,132,147,147,246,246,259,259,276,26,26,26],"floor_reached":41,"playtime":2211,"items_purged":["Strike_B"],"score":970,"play_id":"1db23e89-d222-4294-807c-83183e334970","local_time":"20190810081110","is_ascension_mode":true,"campfire_choices":[{"data":"Go for the Eyes","floor":6.0,"key":"SMITH"},{"data":"Defragment","floor":11.0,"key":"SMITH"},{"floor":15.0,"key":"REST"},{"floor":23.0,"key":"REST"},{"floor":27.0,"key":"REST"},{"floor":32.0,"key":"REST"}],"neow_cost":"NONE","seed_source_timestamp":31584275283101,"circlet_count":0,"master_deck":["AscendersBane","Defend_B+1","Defend_B","Defend_B+1","Defend_B","Zap+1","Dualcast","Melter","Defragment+1","Go for the Eyes+1","Leap","Leap","Biased Cognition","Cold Snap","White Noise","Loop","Buffer","Beam Cell+1","White Noise","Self Repair","Storm","Defragment","Master of Strategy","Hologram","Biased Cognition","Steam Power+1","Reboot","BootSequence","Defragment","Capacitor","Cold Snap"],"special_seed":0,"relics":["Cracked Core","War Paint","Bottled Lightning","Boot","Fusion Hammer","The Courier","Old Coin","Letter Opener","FossilizedHelix","Nuclear Battery","Oddly Smooth Stone"],"potions_floor_usage":[40,40],"damage_taken":[{"damage":1.0,"enemies":"Cultist","floor":1.0,"turns":3.0},{"damage":0.0,"enemies":"2 Louse","floor":2.0,"turns":2.0},{"damage":4.0,"enemies":"Jaw Worm","floor":3.0,"turns":3.0},{"damage":9.0,"enemies":"2 Fungi Beasts","floor":4.0,"turns":3.0},{"damage":21.0,"enemies":"3 Sentries","floor":7.0,"turns":6.0},{"damage":0.0,"enemies":"Exordium Thugs","floor":8.0,"turns":5.0},{"damage":2.0,"enemies":"Lagavulin","floor":10.0,"turns":6.0},{"damage":12.0,"enemies":"Red Slaver","floor":12.0,"turns":3.0},{"damage":0.0,"enemies":"Exordium Wildlife","floor":13.0,"turns":6.0},{"damage":0.0,"enemies":"Exordium Thugs","floor":14.0,"turns":1.0},{"damage":15.0,"enemies":"Slime Boss","floor":16.0,"turns":6.0},{"damage":0.0,"enemies":"Chosen","floor":18.0,"turns":4.0},{"damage":6.0,"enemies":"Shell Parasite","floor":22.0,"turns":6.0},{"damage":44.0,"enemies":"Gremlin Leader","floor":24.0,"turns":9.0},{"damage":22.0,"enemies":"Snecko","floor":25.0,"turns":5.0},{"damage":10.0,"enemies":"Shelled Parasite and Fungi","floor":30.0,"turns":4.0},{"damage":0.0,"enemies":"Snake Plant","floor":31.0,"turns":4.0},{"damage":27.0,"enemies":"Collector","floor":33.0,"turns":10.0},{"damage":0.0,"enemies":"Orb Walker","floor":35.0,"turns":4.0},{"damage":0.0,"enemies":"3 Darklings","floor":37.0,"turns":3.0},{"damage":5,"enemies":"Time Eater","floor":40,"turns":11}],"seed_played":"8924141459765394349","potions_obtained":[{"floor":1.0,"key":"Swift Potion"},{"floor":4.0,"key":"Explosive Potion"},{"floor":7.0,"key":"PowerPotion"},{"floor":12.0,"key":"SmokeBomb"},{"floor":16.0,"key":"FearPotion"},{"floor":18.0,"key":"SteroidPotion"},{"floor":24.0,"key":"Weak Potion"},{"floor":30.0,"key":"Weak Potion"},{"floor":31.0,"key":"Block Potion"}],"is_trial":false,"path_per_floor":["M","M","M","M","?","R","E","M","T","E","R","M","M","M","R","B",null,"M","?","T","?","M","R","E","M","T","R","$","?","M","M","R","B",null,"M","?","M","$","?","B",null],"character_chosen":"DEFECT","items_purchased":["FossilizedHelix","Storm","Defragment","Heatsinks","Master of Strategy","Capacitor","Oddly Smooth Stone","Cold Snap","Ancient Potion"],"campfire_rested":4,"item_purchase_floors":[28,28,28,28,28,38,38,38,38],"current_hp_per_floor":[67,67,63,54,54,54,33,33,33,31,31,19,19,19,41,26,63,63,63,63,49,43,67,23,1,1,25,25,25,15,15,39,19,65,72,72,79,79,79,74],"gold":26,"neow_bonus":"UPGRADE_CARD","is_prod":false,"is_daily":false,"chose_seed":false,"campfire_upgraded":2,"win_rate":0,"timestamp":1565442670,"path_taken":["M","M","?","M","?","R","E","?","T","E","R","M","M","M","R","BOSS","M","?","?","?","M","R","E","M","T","R","$","?","M","M","R","BOSS","M","?","?","$","?","BOSS"],"build_version":"2019-07-17","purchased_purges":1,"victory":true,"max_hp_per_floor":[75,75,75,75,75,75,75,75,75,75,75,75,75,75,75,75,75,75,75,75,80,80,80,80,80,80,80,80,80,80,80,80,80,80,80,80,80,80,80,80],"card_choices":[{"not_picked":["Hello World","Lockon"],"picked":"Melter","floor":1.0},{"not_picked":["Rebound","Beam Cell"],"picked":"Defragment","floor":2.0},{"not_picked":["Leap","Static Discharge"],"picked":"Go for the Eyes","floor":3.0},{"not_picked":["Scrape","Gash"],"picked":"Leap","floor":4.0},{"not_picked":["Compile Driver","Double Energy"],"picked":"Leap","floor":7.0},{"not_picked":["Defragment","Steam"],"picked":"Biased Cognition","floor":8.0},{"not_picked":["Go for the Eyes","Recycle"],"picked":"Cold Snap","floor":10.0},{"not_picked":["Compile Driver","Leap"],"picked":"White Noise","floor":12.0},{"not_picked":["Scrape","Cold Snap"],"picked":"Loop","floor":13.0},{"not_picked":["Hyperbeam","Reboot"],"picked":"Buffer","floor":16.0},{"not_picked":["Rebound","Steam","Stack"],"picked":"SKIP","floor":18.0},{"not_picked":["Redo","Steam+1"],"picked":"Beam Cell+1","floor":22.0},{"not_picked":["Reinforced Body","Thunder Strike"],"picked":"White Noise","floor":24.0},{"not_picked":["Sweeping Beam+1","Hologram"],"picked":"Self Repair","floor":25.0},{"not_picked":["Genetic Algorithm","Rebound"],"picked":"Steam Power+1","floor":30.0},{"not_picked":["Streamline","Sweeping Beam","Steam+1"],"picked":"SKIP","floor":31.0},{"not_picked":["Creative AI","Amplify"],"picked":"Reboot","floor":33.0},{"not_picked":["Aggregate","Leap"],"picked":"BootSequence","floor":35.0},{"not_picked":["Steam","Chaos"],"picked":"Defragment","floor":37.0}],"player_experience":266022,"relics_obtained":[{"floor":7.0,"key":"War Paint"},{"floor":9.0,"key":"Bottled Lightning"},{"floor":10.0,"key":"Boot"},{"floor":20.0,"key":"The Courier"},{"floor":24.0,"key":"Old Coin"},{"floor":26.0,"key":"Letter Opener"}],"event_choices":[{"cards_removed":["Strike_B"],"damage_healed":0.0,"max_hp_gain":0.0,"max_hp_loss":0.0,"gold_gain":0.0,"event_name":"Purifier","player_choice":"Purged","floor":5.0,"gold_loss":0.0,"damage_taken":0.0},{"damage_healed":0.0,"max_hp_gain":0.0,"max_hp_loss":0.0,"gold_gain":0.0,"event_name":"The Mausoleum","player_choice":"Ignored","floor":19.0,"gold_loss":0.0,"damage_taken":0.0},{"damage_healed":0.0,"max_hp_gain":5.0,"max_hp_loss":0.0,"gold_gain":0.0,"event_name":"Forgotten Altar","player_choice":"Shed Blood","floor":21.0,"gold_loss":0.0,"damage_taken":19.0},{"damage_healed":0.0,"max_hp_gain":0.0,"max_hp_loss":0.0,"gold_gain":0.0,"cards_transformed":["Strike_B","Strike_B"],"event_name":"Drug Dealer","player_choice":"Became Test Subject","floor":29.0,"gold_loss":0.0,"damage_taken":0.0,"cards_obtained":["Hologram","Biased Cognition"]},{"cards_removed":["Heatsinks"],"damage_healed":0.0,"max_hp_gain":0.0,"max_hp_loss":0.0,"gold_gain":0.0,"event_name":"Purifier","player_choice":"Purged","floor":36.0,"gold_loss":0.0,"damage_taken":0.0},{"damage_healed":0.0,"max_hp_gain":0.0,"max_hp_loss":0.0,"gold_gain":0.0,"event_name":"SecretPortal","player_choice":"Took Portal","floor":39.0,"gold_loss":0.0,"damage_taken":0.0}],"is_beta":false,"boss_relics":[{"not_picked":["Runic Dome","Philosopher\u0027s Stone"],"picked":"Fusion Hammer"},{"not_picked":["Coffee Dripper","Calling Bell"],"picked":"Nuclear Battery"}],"items_purged_floors":[28],"is_endless":false,"potions_floor_spawned":[1,4,7,12,16,18,24,30,31,35],"ascension_level":12}