{"gold_per_floor":[119,99,99,119,119,119,150,150,173,204,217,217,230,230,230,326,326,341,353,405,423,423,423,35,55,100,117,129,142,153,39,39,134,134,150,150,161,175,187,187,212,212,212,212,42,42,42,55,55,55],"floor_reached":51,"playtime":2667,"items_purged":["Strike_B","Strike_B"],"score":1013,"play_id":"c0e24db1-385d-4d53-b9c2-24052cf1730e","local_time":"20190809130446","is_ascension_mode":true,"campfire_choices":[{"data":"Zap","floor":6.0,"key":"SMITH"},{"data":"Dualcast","floor":8.0,"key":"SMITH"},{"floor":12.0,"key":"REST"},{"data":"Conserve Battery","floor":15.0,"key":"SMITH"},{"data":"FTL","floor":23.0,"key":"SMITH"},{"data":"Loop","floor":32.0,"key":"SMITH"},{"floor":40.0,"key":"REST"},{"floor":47,"key":"REST"},{"data":"Capacitor","floor":49,"key":"SMITH"}],"neow_cost":"NONE","seed_source_timestamp":509695024859584,"circlet_count":0,"master_deck":["Defend_B","Defend_B","Defend_B","Defend_B","Zap+1","Dualcast+1","Coolheaded","Conserve Battery+1","Rebound+1","Ball Lightning","Go for the Eyes+1","Machine Learning","FTL+1","Melter","Ball Lightning+1","Loop+1","Conserve Battery","Chaos+1","Melter+1","Capacitor+1","Rip and Tear","Biased Cognition","Leap","Static Discharge+1","Auto Shields+1","Trip","Defragment","Chill+1"],"special_seed":0,"relics":["Cracked Core","Bag of Marbles","Blood Vial","Happy Flower","Pen Nib","Runic Pyramid","Centennial Puzzle","Kunai","Whetstone","Vajra","Nuclear Battery","Ancient Tea Set","Ice Cream"],"potions_floor_usage":[41,50,50,50],"damage_taken":[{"damage":8.0,"enemies":"Jaw Worm","floor":1.0,"turns":4.0},{"damage":3.0,"enemies":"Small Slimes","floor":4.0,"turns":4.0},{"damage":24.0,"enemies":"Lagavulin","floor":7.0,"turns":10.0},{"damage":16.0,"enemies":"Gremlin Nob","floor":10.0,"turns":4.0},{"damage":0.0,"enemies":"Cultist","floor":11.0,"turns":3.0},{"damage":0.0,"enemies":"3 Louse","floor":13.0,"turns":1.0},{"damage":36.0,"enemies":"Slime Boss","floor":16.0,"turns":9.0},{"damage":3.0,"enemies":"Shell Parasite","floor":18.0,"turns":5.0},{"damage":10.0,"enemies":"3 Byrds","floor":19.0,"turns":5.0},{"damage":7.0,"enemies":"Centurion and Healer","floor":21.0,"turns":6.0},{"damage":6.0,"enemies":"Sentry and Sphere","floor":25.0,"turns":3.0},{"damage":2.0,"enemies":"Chosen and Byrds","floor":27.0,"turns":4.0},{"damage":0.0,"enemies":"Centurion and Healer","floor":28.0,"turns":6.0},{"damage":4.0,"enemies":"Shelled Parasite and Fungi","floor":29.0,"turns":4.0},{"damage":3.0,"enemies":"Cultist and Chosen","floor":30.0,"turns":3.0},{"damage":18.0,"enemies":"Champ","floor":33.0,"turns":7.0},{"damage":31.0,"enemies":"3 Darklings","floor":35.0,"turns":5.0},{"damage":11.0,"enemies":"3 Shapes","floor":37.0,"turns":3.0},{"damage":14.0,"enemies":"Writhing Mass","floor":38.0,"turns":6.0},{"damage":14.0,"enemies":"Maw","floor":39.0,"turns":6.0},{"damage":7,"enemies":"Giant Head","floor":41,"turns":7},{"damage":4,"enemies":"Spire Growth","floor":48,"turns":4},{"damage":26,"enemies":"Donu and Deca","floor":50,"turns":10}],"seed_played":"-7274835919573678233","potions_obtained":[{"floor":1.0,"key":"Fire Potion"},{"floor":7.0,"key":"Explosive Potion"},{"floor":13.0,"key":"Explosive Potion"},{"floor":19.0,"key":"Weak Potion"},{"floor":21.0,"key":"Block Potion"},{"floor":28.0,"key":"Energy Potion"},{"floor":30.0,"key":"Block Potion"},{"floor":35.0,"key":"Poison Potion"},{"floor":38.0,"key":"FocusPotion"},{"floor":41,"key":"AttackPotion"},{"floor":46,"key":"Dexterity Potion"},{"floor":46,"key":"EssenceOfSteel"}],"is_trial":false,"path_per_floor":["M","?","?","M","T","R","E","R","T","E","M","R","M","?","R","B",null,"M","M","T","M","?","R","$","M","T","M","M","M","M","$","R","B",null,"M","?","M","M","M","R","E","?","T","?","$","?","R","M","R","B",null],"character_chosen":"DEFECT","items_purchased":["Kunai","Whetstone","Rip and Tear","Defragment"],"campfire_rested":3,"item_purchase_floors":[24,24,31,45],"current_hp_per_floor":[67,67,60,57,57,57,33,33,33,19,21,45,47,47,47,13,65,64,56,56,51,51,51,51,47,47,47,49,47,46,46,46,30,69,40,40,31,19,7,31,26,26,26,26,26,26,49,47,47,23],"gold":55,"neow_bonus":"TEN_PERCENT_HP_BONUS","is_prod":false,"is_daily":false,"chose_seed":false,"campfire_upgraded":6,"win_rate":0,"timestamp":1565373886,"path_taken":["M","?","?","M","?","R","E","R","T","E","?","R","M","?","R","BOSS","M","M","?","M","?","R","$","M","T","M","M","?","M","$","R","BOSS","M","?","M","?","M","R","E","?","T","?","$","?","R","?","R","BOSS"],"build_version":"2019-07-17","purchased_purges":2,"victory":true,"max_hp_per_floor":[82,82,82,82,82,82,82,82,82,82,82,82,82,82,82,82,82,82,82,82,82,82,82,82,82,82,82,82,82,82,82,82,82,82,82,82,82,82,82,82,82,78,78,78,78,78,78,78,78,78],"card_choices":[{"not_picked":["Storm","Steam Power"],"picked":"Coolheaded","floor":1.0},{"not_picked":["Steam","Force Field"],"picked":"Conserve Battery","floor":4.0},{"not_picked":["Turbo","Heatsinks","Redo"],"picked":"SKIP","floor":7.0},{"not_picked":["White Noise","Blizzard"],"picked":"Rebound","floor":10.0},{"not_picked":["FTL","Reinforced Body"],"picked":"Ball Lightning","floor":11.0},{"not_picked":["Recycle","Turbo"],"picked":"Go for the Eyes","floor":13.0},{"not_picked":["Fission","Multi-Cast"],"picked":"Machine Learning","floor":16.0},{"not_picked":["Ball Lightning","Redo"],"picked":"FTL","floor":18.0},{"not_picked":["Streamline","Skim"],"picked":"Melter","floor":19.0},{"not_picked":["Gash","Redo"],"picked":"Ball Lightning","floor":21.0},{"not_picked":["Hello World","Streamline"],"picked":"Loop","floor":25.0},{"not_picked":["Leap","Blizzard"],"picked":"Conserve Battery","floor":27.0},{"not_picked":["Machine Learning","Coolheaded+1"],"picked":"Chaos+1","floor":28.0},{"not_picked":["Lockon+1","Steam"],"picked":"Melter+1","floor":29.0},{"not_picked":["Leap","Fusion"],"picked":"Capacitor","floor":30.0},{"not_picked":["Meteor Strike","Fission"],"picked":"Biased Cognition","floor":33.0},{"not_picked":["Ball Lightning","Redo","Stack+1"],"picked":"SKIP","floor":35.0},{"not_picked":["Consume+1","Compile Driver+1"],"picked":"Leap","floor":37.0},{"not_picked":["Steam","Compile Driver+1","Steam Power+1"],"picked":"SKIP","floor":38.0},{"not_picked":["Leap","Stack"],"picked":"Static Discharge+1","floor":39.0},{"not_picked":["Sunder+1","Chaos"],"picked":"Auto Shields+1","floor":41},{"not_picked":["Sadistic Nature","Madness"],"picked":"Trip","floor":44},{"not_picked":["FTL","Aggregate"],"picked":"Chill+1","floor":48}],"player_experience":253541,"relics_obtained":[{"floor":5.0,"key":"Bag of Marbles"},{"floor":7.0,"key":"Blood Vial"},{"floor":9.0,"key":"Happy Flower"},{"floor":10.0,"key":"Pen Nib"},{"floor":20.0,"key":"Centennial Puzzle"},{"floor":26.0,"key":"Vajra"},{"floor":41,"key":"Ancient Tea Set"},{"floor":43,"key":"Ice Cream"}],"event_choices":[{"damage_healed":0.0,"max_hp_gain":0.0,"max_hp_loss":0.0,"gold_gain":0.0,"event_name":"World of Goop","player_choice":"Left Gold","floor":2.0,"gold_loss":20.0,"damage_taken":0.0},{"cards_removed":["Strike_B"],"damage_healed":0.0,"max_hp_gain":0.0,"max_hp_loss":0.0,"gold_gain":0.0,"event_name":"Golden Wing","player_choice":"Card Removal","floor":3.0,"gold_loss":0.0,"damage_taken":7.0},{"damage_healed":0.0,"max_hp_gain":0.0,"max_hp_loss":0.0,"gold_gain":0.0,"event_name":"Accursed Blacksmith","player_choice":"Forge","floor":14.0,"gold_loss":0.0,"damage_taken":0.0,"cards_upgraded":["Go for the Eyes"]},{"cards_removed":["Strike_B"],"damage_healed":0.0,"max_hp_gain":0.0,"max_hp_loss":0.0,"gold_gain":0.0,"event_name":"Wheel of Change","player_choice":"Card Removal","floor":22.0,"gold_loss":0.0,"damage_taken":0.0},{"damage_healed":0.0,"max_hp_gain":0.0,"max_hp_loss":0.0,"gold_gain":0.0,"event_name":"FaceTrader","player_choice":"Leave","floor":36.0,"gold_loss":0.0,"damage_taken":0.0},{"damage_healed":0,"gold_gain":0,"player_choice":"Max HP","damage_taken":0,"max_hp_gain":0,"max_hp_loss":4,"event_name":"Winding Halls","floor":42,"gold_loss":0},{"damage_healed":0,"gold_gain":0,"player_choice":"Memory 1","damage_taken":0,"max_hp_gain":0,"max_hp_loss":0,"event_name":"SensoryStone","floor":44,"gold_loss":0},{"damage_healed":0,"gold_gain":0,"player_choice":"Got Potions","damage_taken":0,"max_hp_gain":0,"max_hp_loss":0,"event_name":"Lab","floor":46,"gold_loss":0}],"is_beta":false,"boss_relics":[{"not_picked":["Busted Crown","Orrery"],"picked":"Runic Pyramid"},{"not_picked":["Lizard Tail","White Beast Statue"],"picked":"Nuclear Battery"}],"items_purged_floors":[31,45],"is_endless":false,"potions_floor_spawned":[1,7,13,19,21,28,30,35,38,41],"ascension_level":9}