{"gold_per_floor":[218,82,82,82,93,125,125,125,193,193,268,288,306,322,322,322],"floor_reached":16,"playtime":810,"items_purged":[],"score":150,"play_id":"1a3535b9-6df3-40b8-ac7d-573af0f41813","local_time":"20180702160303","is_ascension_mode":true,"campfire_choices":[{"data":"Chill","floor":7,"key":"SMITH"},{"data":"FTL","floor":10,"key":"SMITH"},{"data":"White Noise","floor":15,"key":"SMITH"}],"neow_cost":"NONE","seed_source_timestamp":31403023934122,"circlet_count":0,"master_deck":["Strike_B","Strike_B","Strike_B","Strike_B","Defend_B","Defend_B","Defend_B","Zap","Dualcast","Stack+1","Self Repair","Chill+1","FTL+1","Steam","White Noise+1","Cold Snap"],"relics":["Cracked Core","Dream Catcher","Pear"],"potions_floor_usage":[5,13,16,16],"damage_taken":[{"damage":1,"enemies":"Cultist","floor":1,"turns":3},{"damage":0,"enemies":"Small Slimes","floor":5,"turns":3},{"damage":36,"enemies":"Gremlin Nob","floor":6,"turns":5},{"damage":0,"enemies":"2 Louse","floor":12,"turns":2},{"damage":0,"enemies":"Looter","floor":13,"turns":3},{"damage":11,"enemies":"Exordium Thugs","floor":14,"turns":5},{"damage":60,"enemies":"The Guardian","floor":16,"turns":13}],"seed_played":"4094331446705619389","potions_obtained":[{"floor":6,"key":"AttackPotion"},{"floor":12,"key":"Energy Potion"},{"floor":14,"key":"FearPotion"}],"is_trial":false,"path_per_floor":["M","$","?","?","M","E","R","?","T","R","?","M","M","M","R"],"character_chosen":"DEFECT","items_purchased":["Fruit Juice","Self Repair"],"campfire_rested":0,"item_purchase_floors":[2,2],"current_hp_per_floor":[74,74,74,74,80,51,51,51,61,61,50,50,57,53,53,0],"gold":322,"neow_bonus":"HUNDRED_GOLD","is_prod":false,"is_daily":false,"chose_seed":false,"campfire_upgraded":3,"win_rate":0,"timestamp":1530572583,"path_taken":["M","?","?","?","M","E","R","?","T","R","?","?","M","M","R","BOSS"],"build_version":"2018-06-28","purchased_purges":0,"victory":false,"max_hp_per_floor":[75,75,75,75,80,80,80,80,90,90,90,90,90,90,90,90],"card_choices":[{"not_picked":["Redo","Beam Cell"],"picked":"Stack","floor":1},{"not_picked":["Blizzard","Scrape"],"picked":"Chill","floor":5},{"not_picked":["Force Field","Beam Cell"],"picked":"FTL","floor":6},{"not_picked":["Coolheaded","Chill"],"picked":"Steam","floor":12},{"not_picked":["Tempest","Steam"],"picked":"White Noise","floor":13},{"not_picked":["All For One","Stack"],"picked":"Cold Snap","floor":14}],"player_experience":469322,"relics_obtained":[{"floor":6,"key":"Dream Catcher"},{"floor":9,"key":"Pear"}],"event_choices":[{"event_name":"Upgrade Shrine","player_choice":"Upgraded","floor":3,"damage_taken":0},{"event_name":"Purifier","player_choice":"One Purge","floor":4,"damage_taken":0},{"event_name":"Golden Wing","player_choice":"Ignored","floor":8,"damage_taken":0},{"event_name":"World of Goop","player_choice":"Gather Gold","floor":11,"damage_taken":0}],"boss_relics":[],"items_purged_floors":[],"is_endless":false,"potions_floor_spawned":[6,12,14],"killed_by":"The Guardian","ascension_level":5}