{"gold_per_floor":[114,131,56,66,66,99,99,125,193,251,284,284,314,7,7,107,107,88,98,8,19,33,33,51,51,74,74,103,103,103,114,114,212,212,229,241,261,274,274,274,274,274,274,286,297,316,316,347,347,347,347,347,5,34,34],"floor_reached":56,"playtime":3305,"items_purged":["Strike_B","Pain"],"score":1551,"play_id":"420a768d-5682-4ecb-96ac-0f16ba107b42","local_time":"20190807104336","is_ascension_mode":true,"campfire_choices":[{"data":"Auto Shields","floor":7.0,"key":"SMITH"},{"data":"Capacitor","floor":15.0,"key":"SMITH"},{"data":"Go for the Eyes","floor":23.0,"key":"SMITH"},{"data":"Dualcast","floor":25.0,"key":"SMITH"},{"floor":30.0,"key":"REST"},{"floor":32.0,"key":"REST"},{"floor":40.0,"key":"RECALL"},{"data":"Biased Cognition","floor":42.0,"key":"SMITH"},{"data":"Coolheaded","floor":47.0,"key":"SMITH"},{"floor":49.0,"key":"REST"},{"data":"Machine Learning","floor":52.0,"key":"SMITH"}],"neow_cost":"NONE","seed_source_timestamp":326828457312172,"circlet_count":0,"master_deck":["Strike_B+1","Defend_B+1","Defend_B+1","Defend_B+1","Defend_B+1","Zap+1","Dualcast+1","Auto Shields+1","Rip and Tear+1","Rebound+1","Self Repair","Go for the Eyes+1","Gash","Cold Snap","Capacitor+1","Core Surge","Ball Lightning","Beam Cell+1","Go for the Eyes+1","Consume+1","Capacitor+1","Biased Cognition+1","Electrodynamics","Coolheaded+1","Ball Lightning+1","Glacier+1","Machine Learning+1","Skim+1","Coolheaded+1","Static Discharge+1","Gash","Hologram+1"],"special_seed":0,"relics":["FrozenCore","Torii","Strawberry","Ornamental Fan","Darkstone Periapt","Pen Nib","Sundial","Shuriken","Bag of Preparation","StoneCalendar","Cursed Key","Potion Belt","Bag of Marbles","Pear"],"potions_floor_usage":[55,55,55,55,55],"damage_taken":[{"damage":2.0,"enemies":"Jaw Worm","floor":1.0,"turns":3.0},{"damage":5.0,"enemies":"Small Slimes","floor":2.0,"turns":3.0},{"damage":0.0,"enemies":"Cultist","floor":4.0,"turns":3.0},{"damage":0.0,"enemies":"Gremlin Nob","floor":6.0,"turns":2.0},{"damage":15.0,"enemies":"Lagavulin","floor":8.0,"turns":6.0},{"damage":14.0,"enemies":"3 Sentries","floor":10.0,"turns":7.0},{"damage":17.0,"enemies":"3 Sentries","floor":11.0,"turns":6.0},{"damage":23.0,"enemies":"Gremlin Nob","floor":13.0,"turns":4.0},{"damage":11.0,"enemies":"Hexaghost","floor":16.0,"turns":10.0},{"damage":11.0,"enemies":"2 Thieves","floor":18.0,"turns":4.0},{"damage":6.0,"enemies":"3 Byrds","floor":19.0,"turns":3.0},{"damage":2.0,"enemies":"Cultist and Chosen","floor":21.0,"turns":6.0},{"damage":23.0,"enemies":"Shelled Parasite and Fungi","floor":22.0,"turns":5.0},{"damage":11.0,"enemies":"Centurion and Healer","floor":24.0,"turns":7.0},{"damage":25.0,"enemies":"Slavers","floor":28.0,"turns":8.0},{"damage":1.0,"enemies":"Snecko","floor":31.0,"turns":7.0},{"damage":10.0,"enemies":"Champ","floor":33.0,"turns":8.0},{"damage":7.0,"enemies":"3 Shapes","floor":35.0,"turns":5.0},{"damage":0.0,"enemies":"Orb Walker","floor":36.0,"turns":2.0},{"damage":31.0,"enemies":"Jaw Worm Horde","floor":37.0,"turns":3.0},{"damage":1.0,"enemies":"Transient","floor":38.0,"turns":5.0},{"damage":14.0,"enemies":"Maw","floor":44.0,"turns":7.0},{"damage":12.0,"enemies":"Sphere and 2 Shapes","floor":45.0,"turns":5.0},{"damage":3.0,"enemies":"Transient","floor":46.0,"turns":5.0},{"damage":21.0,"enemies":"Giant Head","floor":48.0,"turns":8.0},{"damage":36.0,"enemies":"Awakened One","floor":50.0,"turns":12.0},{"damage":36.0,"enemies":"Shield and Spear","floor":54.0,"turns":6.0},{"damage":32,"enemies":"The Heart","floor":55,"turns":11}],"seed_played":"7373802491210747300","potions_obtained":[{"floor":1.0,"key":"FearPotion"},{"floor":2.0,"key":"LiquidBronze"},{"floor":6.0,"key":"EssenceOfSteel"},{"floor":21.0,"key":"FearPotion"},{"floor":22.0,"key":"Dexterity Potion"},{"floor":44.0,"key":"Fire Potion"},{"floor":45.0,"key":"Strength Potion"},{"floor":48.0,"key":"EssenceOfSteel"}],"is_trial":false,"path_per_floor":["M","M","$","M","?","E","R","E","T","?","E","?","E","$","R","B",null,"M","M","?","M","M","R","M","R","T","?","E","?","R","M","R","B",null,"M","M","M","M","$","R","?","R","T","M","M","M","R","E","R","B",null,"R","$","E","B",null],"character_chosen":"DEFECT","items_purchased":["Shuriken","Capacitor","Bag of Marbles","Swift Potion","Strength Potion"],"campfire_rested":3,"item_purchase_floors":[14,14,53,53,53],"current_hp_per_floor":[66,61,61,61,54,54,54,53,53,46,36,36,20,20,20,16,66,62,63,63,61,38,38,34,34,34,34,9,9,33,39,63,60,77,77,77,53,59,59,59,59,59,65,58,53,57,57,43,69,40,76,76,76,57,25],"gold":34,"neow_bonus":"UPGRADE_CARD","is_prod":false,"is_daily":false,"chose_seed":false,"campfire_upgraded":7,"win_rate":0,"timestamp":1565192616,"path_taken":["M","M","$","M","?","E","R","E","T","?","E","?","E","$","R","BOSS","M","M","?","?","M","R","M","R","T","?","E","?","R","M","R","BOSS","M","M","M","?","$","R","?","R","T","M","M","M","R","E","R","BOSS","R","$","E","BOSS"],"build_version":"2019-07-17","purchased_purges":2,"victory":true,"max_hp_per_floor":[75,75,75,75,75,75,75,82,82,82,82,82,82,82,82,82,82,82,82,82,82,82,82,82,82,82,82,82,82,82,82,82,82,82,82,82,82,82,82,82,82,82,88,88,88,88,88,88,88,88,88,88,88,98,98],"card_choices":[{"not_picked":["Reprogram","Double Energy"],"picked":"Auto Shields","floor":1.0},{"not_picked":["Hologram","White Noise"],"picked":"Rip and Tear","floor":2.0},{"not_picked":["Stack","Redo"],"picked":"Rebound","floor":4.0},{"not_picked":["Go for the Eyes","Hologram"],"picked":"Self Repair","floor":6.0},{"not_picked":["Stack","Self Repair"],"picked":"Go for the Eyes","floor":8.0},{"not_picked":["Streamline","Beam Cell"],"picked":"Gash","floor":10.0},{"not_picked":["Go for the Eyes","Leap"],"picked":"Cold Snap","floor":11.0},{"not_picked":["Recycle","Redo","Rebound"],"picked":"SKIP","floor":13.0},{"not_picked":["Seek","Rainbow"],"picked":"Core Surge","floor":16.0},{"not_picked":["Compile Driver+1","Chaos"],"picked":"Ball Lightning","floor":18.0},{"not_picked":["Tempest+1","Reinforced Body"],"picked":"Beam Cell+1","floor":19.0},{"not_picked":["Conserve Battery","Turbo"],"picked":"Go for the Eyes+1","floor":21.0},{"not_picked":["Stack","Go for the Eyes","Sweeping Beam"],"picked":"SKIP","floor":22.0},{"not_picked":["Reprogram","Doom and Gloom+1","Blizzard"],"picked":"SKIP","floor":24.0},{"not_picked":["White Noise","Chill"],"picked":"Consume+1","floor":28.0},{"not_picked":["Sweeping Beam","Ball Lightning"],"picked":"Biased Cognition","floor":31.0},{"not_picked":["Biased Cognition","Creative AI"],"picked":"Electrodynamics","floor":33.0},{"not_picked":["Rebound","Conserve Battery"],"picked":"Coolheaded","floor":35.0},{"not_picked":["Undo","Leap"],"picked":"Ball Lightning+1","floor":36.0},{"not_picked":["Hello World","White Noise+1"],"picked":"Glacier+1","floor":37.0},{"not_picked":["Sunder","Storm+1","Barrage+1"],"picked":"SKIP","floor":38.0},{"not_picked":["Streamline","Barrage"],"picked":"Skim+1","floor":44.0},{"not_picked":["Stack","Tempest"],"picked":"Coolheaded+1","floor":45.0},{"not_picked":["Amplify","Turbo"],"picked":"Static Discharge+1","floor":46.0},{"not_picked":["Conserve Battery","Skim+1"],"picked":"Gash","floor":48.0},{"not_picked":["Darkness","Compile Driver+1"],"picked":"Hologram+1","floor":54.0}],"player_experience":244816,"relics_obtained":[{"floor":6.0,"key":"Torii"},{"floor":8.0,"key":"Strawberry"},{"floor":9.0,"key":"Ornamental Fan"},{"floor":10.0,"key":"Darkstone Periapt"},{"floor":11.0,"key":"Pen Nib"},{"floor":13.0,"key":"Sundial"},{"floor":26.0,"key":"Bag of Preparation"},{"floor":28.0,"key":"StoneCalendar"},{"floor":48.0,"key":"Potion Belt"},{"floor":54.0,"key":"Pear"}],"event_choices":[{"cards_removed":["Strike_B"],"damage_healed":0.0,"max_hp_gain":0.0,"max_hp_loss":0.0,"gold_gain":0.0,"event_name":"Golden Wing","player_choice":"Card Removal","floor":5.0,"gold_loss":0.0,"damage_taken":7.0},{"damage_healed":0.0,"max_hp_gain":0.0,"max_hp_loss":0.0,"gold_gain":0.0,"event_name":"Dead Adventurer","player_choice":"Searched \u00271\u0027 times","floor":10.0,"gold_loss":0.0,"damage_taken":0.0},{"damage_healed":0.0,"max_hp_gain":0.0,"max_hp_loss":0.0,"gold_gain":0.0,"event_name":"Living Wall","player_choice":"Grow","floor":12.0,"gold_loss":0.0,"damage_taken":0.0,"cards_upgraded":["Rip and Tear"]},{"cards_removed":["Strike_B"],"damage_healed":0.0,"max_hp_gain":0.0,"max_hp_loss":0.0,"gold_gain":0.0,"event_name":"Designer","player_choice":"Upgrade and Remove","floor":20.0,"gold_loss":90.0,"damage_taken":0.0,"cards_upgraded":["Rebound"]},{"damage_healed":0.0,"max_hp_gain":0.0,"max_hp_loss":0.0,"gold_gain":0.0,"event_name":"Back to Basics","player_choice":"Simplicity","floor":27.0,"gold_loss":0.0,"damage_taken":0.0,"cards_upgraded":["Strike_B","Defend_B","Defend_B","Defend_B","Defend_B"]},{"damage_healed":0.0,"max_hp_gain":0.0,"max_hp_loss":0.0,"gold_gain":0.0,"event_name":"Duplicator","player_choice":"Copied","floor":29.0,"gold_loss":0.0,"damage_taken":0.0,"cards_obtained":["Capacitor"]},{"damage_healed":0.0,"max_hp_gain":0.0,"max_hp_loss":0.0,"gold_gain":0.0,"event_name":"Match and Keep!","player_choice":"1 cards matched","floor":41.0,"gold_loss":0.0,"damage_taken":0.0,"cards_obtained":["Machine Learning"]}],"is_beta":false,"boss_relics":[{"not_picked":["Runic Dome","Empty Cage"],"picked":"FrozenCore"},{"not_picked":["Philosopher\u0027s Stone","Calling Bell"],"picked":"Cursed Key"}],"items_purged_floors":[3,53],"is_endless":false,"potions_floor_spawned":[1,2,6,21,22,44,45,48],"ascension_level":7}