{"gold_per_floor":[117,132,132,3,13,31,66,66,141,155,174,199,199,199,199,276,326,343,315,334,334,384,384],"floor_reached":23,"playtime":1137,"items_purged":[],"score":387,"play_id":"04000d04-b7f0-4ac1-b1a1-00f2787c84bf","local_time":"20190818151351","is_ascension_mode":true,"campfire_choices":[{"floor":13.0,"key":"REST"},{"data":"Deep Breath","floor":15.0,"key":"SMITH"}],"neow_cost":"NONE","seed_source_timestamp":0,"circlet_count":0,"master_deck":["AscendersBane","Strike_R","Strike_R","Strike_R","Strike_R","Strike_R","Defend_R","Defend_R","Defend_R","Defend_R+1","Bash","Shrug It Off","Perfected Strike","Deep Breath+1","Perfected Strike","Whirlwind","Impervious","Perfected Strike+1","Clothesline+1","Impervious","Bludgeon+1","Sword Boomerang+1","Pommel Strike+1","Perfected Strike+1","Shockwave","Writhe"],"special_seed":0,"relics":["Burning Blood","NeowsBlessing","Pantograph","Blue Candle","Molten Egg 2","Blood Vial","Tiny House","FossilizedHelix"],"potions_floor_usage":[23],"damage_taken":[{"damage":0.0,"enemies":"Cultist","floor":1.0,"turns":1.0},{"damage":0.0,"enemies":"2 Louse","floor":2.0,"turns":1.0},{"damage":0.0,"enemies":"Small Slimes","floor":5.0,"turns":1.0},{"damage":0.0,"enemies":"3 Louse","floor":6.0,"turns":2.0},{"damage":38.0,"enemies":"Lagavulin","floor":7.0,"turns":6.0},{"damage":12.0,"enemies":"Looter","floor":10.0,"turns":3.0},{"damage":13.0,"enemies":"Gremlin Gang","floor":11.0,"turns":3.0},{"damage":22.0,"enemies":"3 Sentries","floor":12.0,"turns":6.0},{"damage":45.0,"enemies":"Slime Boss","floor":16.0,"turns":14.0},{"damage":17.0,"enemies":"Chosen","floor":18.0,"turns":5.0},{"damage":41.0,"enemies":"Shell Parasite","floor":20.0,"turns":6.0},{"damage":37,"enemies":"Book of Stabbing","floor":23,"turns":6}],"seed_played":"2345551393631416825","potions_obtained":[{"floor":5.0,"key":"Fire Potion"},{"floor":6.0,"key":"SkillPotion"},{"floor":7.0,"key":"EssenceOfSteel"},{"floor":17.0,"key":"FairyPotion"},{"floor":20.0,"key":"Energy Potion"}],"is_trial":false,"path_per_floor":["M","M","?","$","M","M","E","T","T","M","M","E","R","?","R","B",null,"M","$","M","?","?","E"],"character_chosen":"IRONCLAD","items_purchased":["Perfected Strike","Deep Breath","Perfected Strike+1"],"campfire_rested":1,"item_purchase_floors":[4,4,19],"current_hp_per_floor":[74,75,75,75,75,75,43,43,43,37,30,14,36,36,36,24,67,58,58,25,25,25,0],"gold":384,"neow_bonus":"THREE_ENEMY_KILL","is_prod":false,"is_daily":false,"chose_seed":false,"campfire_upgraded":1,"win_rate":0,"timestamp":1566166431,"path_taken":["M","?","?","$","?","M","E","?","T","M","?","E","R","?","R","BOSS","M","$","M","?","?","E"],"build_version":"2019-07-17","purchased_purges":0,"victory":false,"max_hp_per_floor":[75,75,75,75,75,75,75,75,75,75,75,75,75,75,75,75,80,80,80,80,80,80,80],"card_choices":[{"not_picked":["Armaments","Wild Strike"],"picked":"Shrug It Off","floor":1.0},{"not_picked":["Sentinel","Battle Trance"],"picked":"Blood for Blood","floor":2.0},{"not_picked":["Clothesline","Armaments"],"picked":"Perfected Strike","floor":5.0},{"not_picked":["Rupture","Havoc"],"picked":"Whirlwind","floor":6.0},{"not_picked":["Searing Blow","Headbutt"],"picked":"Impervious","floor":7.0},{"not_picked":["Uppercut+1","Anger+1"],"picked":"Perfected Strike+1","floor":10.0},{"not_picked":["True Grit","Body Slam+1"],"picked":"Clothesline+1","floor":11.0},{"not_picked":["Power Through","Pommel Strike+1"],"picked":"Impervious","floor":12.0},{"not_picked":["Dark Embrace","Limit Break"],"picked":"Bludgeon+1","floor":16.0},{"not_picked":["Headbutt+1","Blood for Blood+1"],"picked":"Sword Boomerang+1","floor":17.0},{"not_picked":["Anger+1","Body Slam+1"],"picked":"Pommel Strike+1","floor":18.0},{"not_picked":["Evolve","Heavy Blade+1"],"picked":"Shockwave","floor":20.0}],"player_experience":681180,"relics_obtained":[{"floor":7.0,"key":"Pantograph"},{"floor":8.0,"key":"Blue Candle"},{"floor":9.0,"key":"Molten Egg 2"},{"floor":12.0,"key":"Blood Vial"}],"event_choices":[{"cards_removed":["Blood for Blood"],"damage_healed":0.0,"max_hp_gain":0.0,"max_hp_loss":0.0,"gold_gain":0.0,"event_name":"Bonfire Elementals","player_choice":"Offered Uncommon","floor":3.0,"gold_loss":0.0,"damage_taken":0.0},{"damage_healed":0.0,"max_hp_gain":0.0,"max_hp_loss":0.0,"gold_gain":0.0,"event_name":"Dead Adventurer","player_choice":"Searched \u00271\u0027 times","floor":14.0,"gold_loss":0.0,"damage_taken":0.0},{"damage_healed":0.0,"max_hp_gain":0.0,"max_hp_loss":0.0,"gold_gain":0.0,"event_name":"The Mausoleum","player_choice":"Opened","floor":21.0,"gold_loss":0.0,"damage_taken":0.0,"relics_obtained":["FossilizedHelix"],"cards_obtained":["Writhe"]},{"damage_healed":0.0,"max_hp_gain":0.0,"max_hp_loss":0.0,"gold_gain":50.0,"event_name":"Nest","player_choice":"Stole From Cult","floor":22.0,"gold_loss":0.0,"damage_taken":0.0}],"is_beta":false,"boss_relics":[{"not_picked":["Coffee Dripper","Lizard Tail"],"picked":"Tiny House"}],"items_purged_floors":[],"is_endless":false,"potions_floor_spawned":[5,6,7,20],"killed_by":"Book of Stabbing","ascension_level":16}