{"gold_per_floor":[116,116,41,53,65,65,93,112,139,139,139,52,52,62,62,139,139,149,149,164,35,46,74,74,102,102,120,145,145,155,167,167,241,241,261,275,275,0,0,28,28,60,87,122,122,142,175,189,189,189,189,189,189,28,60,60],"floor_reached":57,"playtime":4234,"items_purged":["Strike_R","Strike_R","Defend_R"],"score":2935,"play_id":"9f36ed09-4391-4a3c-9213-489fb1f9a005","local_time":"20190818194117","is_ascension_mode":true,"campfire_choices":[{"data":"Bash","floor":6.0,"key":"SMITH"},{"data":"Inflame","floor":10.0,"key":"SMITH"},{"data":"Evolve","floor":13.0,"key":"SMITH"},{"data":"Power Through","floor":15.0,"key":"SMITH"},{"data":"Combust","floor":24.0,"key":"SMITH"},{"data":"Clothesline","floor":29.0,"key":"SMITH"},{"data":"Heavy Blade","floor":32.0,"key":"SMITH"},{"data":"Limit Break","floor":41,"key":"SMITH"},{"floor":49,"key":"RECALL"},{"data":"True Grit","floor":53,"key":"SMITH"}],"neow_cost":"NONE","seed_source_timestamp":27277949552777,"circlet_count":0,"master_deck":["AscendersBane","Defend_R","Defend_R+1","Bash+1","Power Through+1","Shrug It Off","Inflame+1","Offering","Evolve+1","Headbutt","Reaper","Clothesline+1","Shrug It Off","Exhume+1","Feel No Pain","Heavy Blade+1","Reaper","Feel No Pain+1","Blood for Blood+1","Heavy Blade+1","Flame Barrier","Limit Break+1","True Grit+1","Corruption+1","Shrug It Off","Shrug It Off+1","True Grit+1","Dual Wield+1","Impervious+1","True Grit+1"],"special_seed":0,"relics":["Burning Blood","Pen Nib","Vajra","Smiling Mask","Lantern","Snecko Eye","Nunchaku","Mummified Hand","Pocketwatch","Bottled Flame","Astrolabe","War Paint","Orichalcum","Toxic Egg 2","PreservedInsect","Bottled Lightning"],"potions_floor_usage":[56,56],"damage_taken":[{"damage":7.0,"enemies":"2 Louse","floor":1.0,"turns":3.0},{"damage":2.0,"enemies":"Jaw Worm","floor":4.0,"turns":4.0},{"damage":4.0,"enemies":"Small Slimes","floor":5.0,"turns":4.0},{"damage":39.0,"enemies":"3 Sentries","floor":7.0,"turns":15.0},{"damage":7.0,"enemies":"2 Fungi Beasts","floor":8.0,"turns":4.0},{"damage":6.0,"enemies":"Lots of Slimes","floor":14.0,"turns":3.0},{"damage":17.0,"enemies":"Hexaghost","floor":16.0,"turns":7.0},{"damage":25.0,"enemies":"Shell Parasite","floor":18.0,"turns":8.0},{"damage":6.0,"enemies":"3 Byrds","floor":20.0,"turns":3.0},{"damage":10.0,"enemies":"Centurion and Healer","floor":22.0,"turns":5.0},{"damage":50.0,"enemies":"Slavers","floor":23.0,"turns":6.0},{"damage":32.0,"enemies":"Gremlin Leader","floor":25.0,"turns":6.0},{"damage":24.0,"enemies":"Shelled Parasite and Fungi","floor":27.0,"turns":5.0},{"damage":30.0,"enemies":"Slavers","floor":28.0,"turns":5.0},{"damage":0.0,"enemies":"Snake Plant","floor":30.0,"turns":2.0},{"damage":17.0,"enemies":"3 Cultists","floor":31.0,"turns":3.0},{"damage":20.0,"enemies":"Automaton","floor":33.0,"turns":6.0},{"damage":9,"enemies":"3 Shapes","floor":35,"turns":4},{"damage":17,"enemies":"Orb Walker","floor":36,"turns":4},{"damage":23,"enemies":"Reptomancer","floor":40,"turns":4},{"damage":12,"enemies":"Giant Head","floor":42,"turns":4},{"damage":1,"enemies":"Reptomancer","floor":44,"turns":3},{"damage":37,"enemies":"Spire Growth","floor":46,"turns":4},{"damage":9,"enemies":"Giant Head","floor":47,"turns":3},{"damage":9,"enemies":"Sphere and 2 Shapes","floor":48,"turns":2},{"damage":77,"enemies":"Awakened One","floor":50,"turns":8},{"damage":20,"enemies":"Time Eater","floor":51,"turns":8},{"damage":35,"enemies":"Shield and Spear","floor":55,"turns":8},{"damage":57,"enemies":"The Heart","floor":56,"turns":10}],"seed_played":"-7724562857357791986","potions_obtained":[{"floor":7.0,"key":"LiquidBronze"},{"floor":8.0,"key":"Ancient Potion"},{"floor":16.0,"key":"Ancient Potion"},{"floor":18.0,"key":"SteroidPotion"}],"is_trial":false,"path_per_floor":["M","?","?","M","M","R","E","M","T","R","?","$","R","M","R","B",null,"M","?","M","$","M","E","R","E","T","M","E","R","M","M","R","B",null,"M","M","?","$","?","E","R","E","T","E","?","M","E","M","R","B","B",null,"R","$","E","B",null],"character_chosen":"IRONCLAD","items_purchased":["Evolve","Combust","Limit Break","True Grit","Impervious+1"],"campfire_rested":0,"item_purchase_floors":[12,21,38,38,54],"current_hp_per_floor":[67,67,67,71,73,73,40,39,39,39,39,39,39,39,39,28,63,52,52,75,75,75,52,52,73,73,57,50,50,56,61,61,63,72,75,75,75,75,71,71,71,71,71,71,71,71,71,71,71,71,71,71,71,71,71,71],"gold":60,"neow_bonus":"RANDOM_COMMON_RELIC","is_prod":false,"is_daily":false,"chose_seed":false,"campfire_upgraded":9,"win_rate":0,"timestamp":1566150077,"path_taken":["M","?","?","M","M","R","E","M","T","R","?","$","R","M","R","BOSS","M","?","M","$","M","E","R","E","T","M","E","R","M","?","R","BOSS","M","M","?","$","?","E","R","E","T","E","?","M","E","M","R","BOSS","BOSS","R","$","E","BOSS"],"build_version":"2019-07-17","purchased_purges":3,"victory":true,"max_hp_per_floor":[75,75,75,75,75,75,75,75,75,75,75,75,75,75,75,75,75,75,75,75,75,75,75,75,75,75,75,75,75,75,75,75,75,75,75,75,75,75,71,71,71,71,71,71,71,71,71,71,71,71,71,71,71,71,71,71],"card_choices":[{"not_picked":["Wild Strike","Heavy Blade"],"picked":"Anger","floor":1.0},{"not_picked":["Iron Wave","Reckless Charge"],"picked":"Power Through","floor":4.0},{"not_picked":["Heavy Blade","Havoc"],"picked":"Shrug It Off","floor":5.0},{"not_picked":["Dual Wield","Hemokinesis"],"picked":"Inflame","floor":7.0},{"not_picked":["Seeing Red","Headbutt"],"picked":"Offering","floor":8.0},{"not_picked":["Anger","Warcry"],"picked":"Headbutt","floor":14.0},{"not_picked":["Exhume","Offering"],"picked":"Reaper","floor":16.0},{"not_picked":["Shrug It Off","Rage"],"picked":"Clothesline","floor":18.0},{"not_picked":["Flex","Wild Strike","Perfected Strike"],"picked":"SKIP","floor":20.0},{"not_picked":["Pummel","Second Wind","Body Slam"],"picked":"SKIP","floor":22.0},{"not_picked":["Searing Blow","Pommel Strike"],"picked":"Exhume","floor":23.0},{"not_picked":["Clothesline","Dual Wield"],"picked":"Feel No Pain","floor":25.0},{"not_picked":["Clash","Thunderclap","Anger"],"picked":"SKIP","floor":27.0},{"not_picked":["Sword Boomerang+1","Berserk"],"picked":"Heavy Blade","floor":28.0},{"not_picked":["Thunderclap+1","Havoc+1","Body Slam"],"picked":"SKIP","floor":30.0},{"not_picked":["Thunderclap+1","Havoc+1","Body Slam"],"picked":"SKIP","floor":30.0},{"not_picked":["Iron Wave","Pommel Strike","Heavy Blade"],"picked":"SKIP","floor":31.0},{"not_picked":["Immolate","Offering"],"picked":"Reaper","floor":33.0},{"not_picked":["Cleave","Body Slam+1"],"picked":"Flame Barrier","floor":35},{"not_picked":["Rampage","Flex+1","Metallicize"],"picked":"SKIP","floor":36},{"not_picked":["Intimidate","Reckless Charge"],"picked":"Corruption+1","floor":40},{"not_picked":["Headbutt","Whirlwind+1"],"picked":"Shrug It Off","floor":42},{"not_picked":["Whirlwind","Havoc+1"],"picked":"Shrug It Off","floor":44},{"not_picked":["Intimidate+1","Metallicize"],"picked":"True Grit+1","floor":46},{"not_picked":["Corruption","Wild Strike+1"],"picked":"Dual Wield+1","floor":47},{"not_picked":["Heavy Blade","Corruption","Pommel Strike"],"picked":"SKIP","floor":48},{"not_picked":["Clothesline","Uppercut"],"picked":"True Grit+1","floor":55}],"player_experience":1476492,"relics_obtained":[{"floor":7.0,"key":"Vajra"},{"floor":9.0,"key":"Smiling Mask"},{"floor":23.0,"key":"Nunchaku"},{"floor":25.0,"key":"Mummified Hand"},{"floor":26.0,"key":"Pocketwatch"},{"floor":28.0,"key":"Bottled Flame"},{"floor":40,"key":"War Paint"},{"floor":42,"key":"Orichalcum"},{"floor":44,"key":"Toxic Egg 2"},{"floor":47,"key":"PreservedInsect"},{"floor":55,"key":"Bottled Lightning"}],"event_choices":[{"damage_healed":0.0,"max_hp_gain":0.0,"max_hp_loss":0.0,"gold_gain":0.0,"event_name":"Liars Game","player_choice":"Ignored","floor":2.0,"gold_loss":0.0,"damage_taken":0.0},{"cards_removed":["Strike_R"],"damage_healed":0.0,"max_hp_gain":0.0,"max_hp_loss":0.0,"gold_gain":0.0,"event_name":"The Cleric","player_choice":"Card Removal","floor":3.0,"gold_loss":75.0,"damage_taken":0.0},{"damage_healed":0.0,"max_hp_gain":0.0,"max_hp_loss":0.0,"gold_gain":0.0,"event_name":"Dead Adventurer","player_choice":"Searched \u00271\u0027 times","floor":11.0,"gold_loss":0.0,"damage_taken":0.0,"relics_obtained":["Lantern"]},{"damage_healed":0.0,"max_hp_gain":0.0,"max_hp_loss":0.0,"gold_gain":0.0,"cards_transformed":["Anger"],"event_name":"Transmorgrifier","player_choice":"Transformed","floor":19.0,"gold_loss":0.0,"damage_taken":0.0,"cards_obtained":["Shrug It Off"]},{"damage_healed":0,"gold_gain":0,"player_choice":"Ignored","damage_taken":0,"max_hp_gain":0,"max_hp_loss":0,"event_name":"Tomb of Lord Red Mask","floor":37,"gold_loss":0},{"damage_healed":0,"gold_gain":0,"player_choice":"Max HP","damage_taken":0,"max_hp_gain":0,"max_hp_loss":4,"event_name":"Winding Halls","floor":39,"gold_loss":0},{"cards_removed":["Combust"],"damage_healed":0,"gold_gain":0,"player_choice":"Purged","damage_taken":0,"max_hp_gain":0,"max_hp_loss":0,"event_name":"Purifier","floor":45,"gold_loss":0}],"is_beta":false,"boss_relics":[{"not_picked":["Mark of Pain","White Beast Statue"],"picked":"Snecko Eye"},{"not_picked":["Runic Pyramid","Empty Cage"],"picked":"Astrolabe"}],"items_purged_floors":[12,21,38],"is_endless":false,"potions_floor_spawned":[7,8,16,18,23,30,31,33,40,42,48],"ascension_level":20}