{"gold_per_floor":[115,115,31,44,9,44,44,74,74,93,112,141,194,38,38,136,136,150,75,93,105,105,105,138,153,153,53,53,53,71,71,71,168,168,187,202,202,202,214,247,258,258,282,44,44,64,64,118,118,118],"floor_reached":51,"playtime":3780,"items_purged":["Shame","Decay"],"score":834,"play_id":"be95535b-4ce6-4ef1-bdca-53ad76871171","local_time":"20190811225217","is_ascension_mode":true,"campfire_choices":[{"data":"Discovery","floor":7,"key":"SMITH"},{"data":"Uppercut","floor":15,"key":"SMITH"},{"floor":23,"key":"REST"},{"floor":32,"key":"REST"},{"data":"Metallicize","floor":42,"key":"SMITH"},{"data":"Fiend Fire","floor":45,"key":"SMITH"},{"data":"Bludgeon","floor":47,"key":"SMITH"},{"floor":49,"key":"REST"}],"neow_cost":"NONE","seed_source_timestamp":572973258728154,"circlet_count":0,"master_deck":["Strike_R","Strike_R","Strike_R+1","Strike_R+1","Strike_R","Defend_R","Defend_R","Defend_R","Defend_R","Bash","Heavy Blade","Discovery+1","Combust","Shrug It Off","Disarm","Shrug It Off","Bludgeon+1","Metallicize+1","Uppercut+1","Feel No Pain","Impervious","Clumsy","Entrench+1","Seeing Red+1","Uppercut","RitualDagger","True Grit+1","Fiend Fire+1","Rampage","Secret Technique+1","Flash of Steel","Flame Barrier+1","Sever Soul+1"],"relics":["Burning Blood","NeowsBlessing","Question Card","Strawberry","Singing Bowl","Letter Opener","Red Skull","Calling Bell","Bronze Scales","Toxic Egg 2","Thread and Needle","Calipers","Darkstone Periapt","Snecko Eye","Dead Branch","Pear","Potion Belt","Mummified Hand","Ice Cream"],"potions_floor_usage":[12,16,25,33,33,50],"damage_taken":[{"damage":0,"enemies":"2 Louse","floor":1,"turns":1},{"damage":0,"enemies":"Jaw Worm","floor":4,"turns":1},{"damage":0,"enemies":"Gremlin Nob","floor":6,"turns":1},{"damage":22,"enemies":"3 Sentries","floor":8,"turns":4},{"damage":1,"enemies":"Cultist","floor":10,"turns":3},{"damage":14,"enemies":"Lots of Slimes","floor":11,"turns":3},{"damage":20,"enemies":"Lagavulin","floor":12,"turns":8},{"damage":25,"enemies":"The Guardian","floor":16,"turns":11},{"damage":31,"enemies":"2 Thieves","floor":18,"turns":5},{"damage":9,"enemies":"Shell Parasite","floor":20,"turns":7},{"damage":19,"enemies":"Shelled Parasite and Fungi","floor":21,"turns":7},{"damage":12,"enemies":"Book of Stabbing","floor":24,"turns":8},{"damage":16,"enemies":"Cultist and Chosen","floor":25,"turns":9},{"damage":18,"enemies":"Centurion and Healer","floor":30,"turns":10},{"damage":49,"enemies":"Automaton","floor":33,"turns":12},{"damage":0,"enemies":"Orb Walker","floor":35,"turns":4},{"damage":15,"enemies":"3 Shapes","floor":36,"turns":3},{"damage":40,"enemies":"Jaw Worm Horde","floor":39,"turns":5},{"damage":0,"enemies":"Nemesis","floor":40,"turns":6},{"damage":10,"enemies":"Spire Growth","floor":41,"turns":6},{"damage":0,"enemies":"Writhing Mass","floor":46,"turns":6},{"damage":10,"enemies":"2 Orb Walkers","floor":48,"turns":7},{"damage":4,"enemies":"Awakened One","floor":50,"turns":14}],"seed_played":"-5939485344203762497","potions_obtained":[{"floor":1,"key":"EssenceOfSteel"},{"floor":6,"key":"Energy Potion"},{"floor":8,"key":"Regen Potion"},{"floor":11,"key":"Fire Potion"},{"floor":21,"key":"BloodPotion"},{"floor":24,"key":"Weak Potion"},{"floor":25,"key":"Explosive Potion"},{"floor":31,"key":"SkillPotion"},{"floor":39,"key":"SkillPotion"},{"floor":41,"key":"Explosive Potion"}],"is_trial":false,"path_per_floor":["M","?","$","M","?","E","R","E","T","M","M","E","T","$","R","B",null,"M","$","M","M","?","R","E","M","T","$","?","?","M","?","R","B",null,"M","M","?","T","M","E","M","R","T","$","R","M","R","?","R","B",null],"character_chosen":"IRONCLAD","items_purchased":["Discovery","Uppercut","Feel No Pain","Mummified Hand"],"campfire_rested":3,"item_purchase_floors":[3,14,14,44],"current_hp_per_floor":[80,64,64,70,80,80,80,71,71,76,68,66,66,66,66,47,87,62,62,61,50,50,77,73,86,86,86,80,80,68,68,93,50,93,93,86,81,81,47,63,61,61,61,61,61,69,69,67,100,102],"gold":118,"neow_bonus":"THREE_ENEMY_KILL","is_prod":false,"is_daily":false,"chose_seed":false,"campfire_upgraded":5,"win_rate":0,"timestamp":1565556737,"path_taken":["M","?","$","M","?","E","R","E","T","M","?","E","?","$","R","BOSS","M","?","?","M","?","R","E","M","T","$","?","?","M","?","R","BOSS","M","?","?","?","M","E","M","R","T","$","R","M","R","?","R","BOSS"],"build_version":"2019-07-17","purchased_purges":2,"victory":true,"max_hp_per_floor":[80,80,80,80,80,80,80,87,87,87,87,87,87,87,87,87,87,87,87,89,91,91,91,93,93,93,93,93,93,93,93,93,93,93,93,95,95,95,95,105,107,107,107,107,107,109,109,111,111,111],"card_choices":[{"not_picked":["Evolve","Wild Strike"],"picked":"Heavy Blade","floor":1},{"not_picked":["Perfected Strike","Twin Strike"],"picked":"Combust","floor":4},{"not_picked":["Perfected Strike","Berserk"],"picked":"Shrug It Off","floor":6},{"not_picked":["True Grit","Sword Boomerang","Anger"],"picked":"Disarm","floor":8},{"not_picked":["Dual Wield","Wild Strike","Disarm"],"picked":"Shrug It Off","floor":10},{"not_picked":["Carnage","Clothesline","Thunderclap"],"picked":"Bludgeon","floor":11},{"not_picked":["Cleave","Fire Breathing","Heavy Blade"],"picked":"Metallicize","floor":12},{"not_picked":["Double Tap","Fiend Fire","Exhume"],"picked":"Impervious","floor":16},{"not_picked":["Rage+1","Perfected Strike","Sword Boomerang"],"picked":"Entrench+1","floor":18},{"not_picked":["Warcry+1","Pummel","Heavy Blade","Whirlwind"],"picked":"Singing Bowl","floor":20},{"not_picked":["Flex+1","Spot Weakness+1","Sentinel+1","Dual Wield+1"],"picked":"Singing Bowl","floor":21},{"not_picked":["Evolve+1","Perfected Strike+1","Clash","Heavy Blade"],"picked":"Singing Bowl","floor":24},{"not_picked":["Double Tap+1","Sentinel+1","Twin Strike"],"picked":"Uppercut","floor":25},{"not_picked":["Heavy Blade","Thunderclap+1","Havoc+1"],"picked":"True Grit+1","floor":30},{"not_picked":["Immolate","Dark Embrace","Juggernaut"],"picked":"Fiend Fire","floor":33},{"not_picked":["Perfected Strike","Clothesline","Wild Strike+1"],"picked":"Rampage","floor":35},{"not_picked":["Metallicize+1","Twin Strike+1","Rampage+1","Combust"],"picked":"Singing Bowl","floor":36},{"not_picked":["Discovery+1","Flash of Steel","Panache"],"picked":"Secret Technique+1","floor":37},{"not_picked":["Dramatic Entrance","Purity+1","Trip+1"],"picked":"Flash of Steel","floor":37},{"not_picked":["Cleave+1","Second Wind+1","Shrug It Off+1"],"picked":"Flame Barrier+1","floor":39},{"not_picked":["Battle Trance+1","Wild Strike","Burning Pact+1"],"picked":"Sever Soul+1","floor":40},{"not_picked":["Twin Strike","Power Through+1","Shrug It Off+1","Spot Weakness+1"],"picked":"Singing Bowl","floor":41},{"not_picked":["Anger+1","Burning Pact+1","Flex+1","Heavy Blade"],"picked":"Singing Bowl","floor":46},{"not_picked":["Fire Breathing","Perfected Strike","Sword Boomerang","Iron Wave+1"],"picked":"Singing Bowl","floor":48}],"player_experience":87285,"relics_obtained":[{"floor":6,"key":"Question Card"},{"floor":8,"key":"Strawberry"},{"floor":9,"key":"Singing Bowl"},{"floor":12,"key":"Letter Opener"},{"floor":13,"key":"Red Skull"},{"floor":17,"key":"Bronze Scales"},{"floor":17,"key":"Toxic Egg 2"},{"floor":17,"key":"Thread and Needle"},{"floor":24,"key":"Calipers"},{"floor":26,"key":"Darkstone Periapt"},{"floor":38,"key":"Dead Branch"},{"floor":40,"key":"Pear"},{"floor":43,"key":"Potion Belt"},{"floor":48,"key":"Ice Cream"}],"event_choices":[{"damage_healed":0,"gold_gain":0,"player_choice":"Entered Light","damage_taken":16,"max_hp_gain":0,"max_hp_loss":0,"event_name":"Shining Light","floor":2,"gold_loss":0,"cards_upgraded":["Strike_R","Strike_R"]},{"damage_healed":20,"gold_gain":0,"player_choice":"Healed","damage_taken":0,"max_hp_gain":0,"max_hp_loss":0,"event_name":"The Cleric","floor":5,"gold_loss":35},{"damage_healed":0,"gold_gain":0,"player_choice":"Read","damage_taken":0,"max_hp_gain":0,"max_hp_loss":0,"event_name":"The Library","floor":22,"gold_loss":0,"cards_obtained":["Seeing Red"]},{"damage_healed":0,"gold_gain":0,"player_choice":"Joined the Cult","damage_taken":6,"max_hp_gain":0,"max_hp_loss":0,"event_name":"Nest","floor":28,"gold_loss":0,"cards_obtained":["RitualDagger"]},{"damage_healed":0,"gold_gain":0,"player_choice":"Ignored","damage_taken":0,"max_hp_gain":0,"max_hp_loss":0,"event_name":"Ghosts","floor":29,"gold_loss":0},{"damage_healed":0,"gold_gain":0,"player_choice":"Got Potions","damage_taken":0,"max_hp_gain":0,"max_hp_loss":0,"event_name":"Lab","floor":31,"gold_loss":0},{"damage_healed":0,"gold_gain":0,"player_choice":"Memory 2","damage_taken":5,"max_hp_gain":0,"max_hp_loss":0,"event_name":"SensoryStone","floor":37,"gold_loss":0},{"damage_healed":0,"gold_gain":0,"player_choice":"Fight","damage_taken":0,"max_hp_gain":0,"max_hp_loss":0,"event_name":"Mysterious Sphere","floor":48,"gold_loss":0}],"is_beta":false,"boss_relics":[{"not_picked":["White Beast Statue","Eternal Feather"],"picked":"Calling Bell"},{"not_picked":["Tiny House","Sozu"],"picked":"Snecko Eye"}],"items_purged_floors":[19,27],"is_endless":false,"potions_floor_spawned":[1,6,8,11,21,24,25,30,39,41],"ascension_level":2}