{"gold_per_floor":[110,127,202,16,28,28,28,42,90,161,192,204,216,255,267,383,395,421,433,360,383,415,456,468,491,526,538,580,612,624,92,92,189,189,204,204,222,235,1234,1269,1269,1297,1297,385,395,414,440,36,36,36],"floor_reached":51,"playtime":3634,"items_purged":["Decay","Pain","Writhe"],"score":1227,"play_id":"96f8f64a-40ac-412f-bb89-961b1694aec2","local_time":"20180724014418","is_ascension_mode":true,"campfire_choices":[{"data":"Apotheosis","floor":6,"key":"SMITH"},{"data":"1","floor":12,"key":"LIFT"},{"data":"2","floor":15,"key":"LIFT"},{"floor":24,"key":"REST"},{"floor":27,"key":"REST"},{"data":"3","floor":30,"key":"LIFT"},{"floor":32,"key":"REST"},{"data":"Seek","floor":49,"key":"SMITH"}],"neow_cost":"CURSE","seed_source_timestamp":44417251554673,"circlet_count":0,"master_deck":["Strike_B","Strike_B","Strike_B","Strike_B","Defend_B","Defend_B","Defend_B","Defend_B","Zap","Dualcast","AscendersBane","Sweeping Beam","Self Repair+1","Apotheosis+1","Beam Cell","Amplify","Loop","Conserve Battery","Go for the Eyes","Creative AI","Stack","Undo+1","FTL+1","Leap","Leap","Ball Lightning","All For One","Barrage+1","Sweeping Beam","Panacea","Conserve Battery+1","All For One","Cold Snap+1","Chill+1","Heatsinks+1","Go for the Eyes","Glacier","Seek+1","BootSequence","Thunder Strike","Defragment","Steam Power"],"relics":["Cracked Core","Girya","MawBank","Orichalcum","Omamori","Runic Dome","Bag of Marbles","Dream Catcher","Ancient Tea Set","Shuriken","Bronze Scales","Bag of Preparation","Cursed Key","Art of War","Thread and Needle","Question Card","Vajra","Lee\u0027s Waffle","Pantograph","Oddly Smooth Stone","Pear"],"potions_floor_usage":[10,10,14,19,19,23,25,28,33,40],"damage_taken":[{"damage":3,"enemies":"2 Louse","floor":1,"turns":3},{"damage":8,"enemies":"Jaw Worm","floor":2,"turns":4},{"damage":0,"enemies":"Cultist","floor":5,"turns":3},{"damage":13,"enemies":"Blue Slaver","floor":8,"turns":4},{"damage":0,"enemies":"Gremlin Nob","floor":10,"turns":2},{"damage":0,"enemies":"Exordium Wildlife","floor":11,"turns":2},{"damage":28,"enemies":"Lagavulin","floor":14,"turns":6},{"damage":27,"enemies":"Slime Boss","floor":16,"turns":9},{"damage":7,"enemies":"Chosen","floor":18,"turns":4},{"damage":0,"enemies":"2 Thieves","floor":19,"turns":1},{"damage":23,"enemies":"Centurion and Healer","floor":21,"turns":6},{"damage":15,"enemies":"3 Cultists","floor":22,"turns":5},{"damage":53,"enemies":"Slavers","floor":23,"turns":6},{"damage":41,"enemies":"Snecko","floor":25,"turns":6},{"damage":21,"enemies":"Gremlin Leader","floor":28,"turns":7},{"damage":2,"enemies":"Cultist and Chosen","floor":29,"turns":6},{"damage":53,"enemies":"Champ","floor":33,"turns":8},{"damage":0,"enemies":"3 Shapes","floor":35,"turns":2},{"damage":0,"enemies":"Orb Walker","floor":37,"turns":3},{"damage":9,"enemies":"Flame Bruiser 2 Orb","floor":38,"turns":5},{"damage":18,"enemies":"Giant Head","floor":40,"turns":6},{"damage":22,"enemies":"Nemesis","floor":42,"turns":7},{"damage":7,"enemies":"3 Darklings","floor":45,"turns":6},{"damage":8,"enemies":"4 Shapes","floor":46,"turns":3},{"damage":16,"enemies":"Giant Head","floor":47,"turns":6},{"damage":18,"enemies":"Donu and Deca","floor":50,"turns":5}],"seed_played":"7662872442562169705","potions_obtained":[{"floor":2,"key":"SteroidPotion"},{"floor":5,"key":"AttackPotion"},{"floor":10,"key":"SteroidPotion"},{"floor":10,"key":"SmokeBomb"},{"floor":11,"key":"PowerPotion"},{"floor":18,"key":"Poison Potion"},{"floor":21,"key":"SpeedPotion"},{"floor":23,"key":"Poison Potion"},{"floor":25,"key":"Block Potion"},{"floor":35,"key":"Ancient Potion"},{"floor":37,"key":"Block Potion"},{"floor":42,"key":"Block Potion"}],"is_trial":false,"path_per_floor":["M","M","?","$","M","R","?","M","T","?","M","R","?","E","R","B",null,"M","M","?","M","M","E","R","M","T","R","E","M","R","$","R","B",null,"M","?","M","M","?","E","?","E","T","$","M","M","E","$","R","B"],"character_chosen":"DEFECT","items_purchased":["Apotheosis","Bronze Scales","Bag of Preparation","FocusPotion","Panacea","Vajra","Lee\u0027s Waffle","Pantograph","Seek","BootSequence","Pear","Steam Power"],"campfire_rested":3,"item_purchase_floors":[4,31,31,31,31,44,44,44,44,44,48,48],"current_hp_per_floor":[65,57,46,46,56,56,56,53,53,53,53,53,53,35,35,18,61,74,75,75,62,67,34,56,25,25,47,26,34,34,34,56,13,60,70,70,70,71,71,63,75,63,63,82,82,82,82,92,92,84],"gold":36,"neow_bonus":"ONE_RARE_RELIC","is_prod":false,"is_daily":false,"chose_seed":false,"campfire_upgraded":2,"win_rate":0,"timestamp":1532421858,"path_taken":["M","M","?","?","?","R","?","M","T","?","M","R","?","E","R","BOSS","M","?","?","M","M","E","R","?","T","R","E","M","R","$","R","BOSS","M","?","M","M","?","E","?","E","T","$","M","M","E","$","R","BOSS"],"build_version":"2018-07-19v2","purchased_purges":3,"victory":true,"max_hp_per_floor":[75,75,75,75,75,75,75,75,75,75,75,75,75,75,75,75,75,75,75,75,75,75,75,75,75,75,75,75,75,75,75,75,75,75,75,75,75,75,75,75,75,75,75,82,82,82,82,92,92,92],"card_choices":[{"not_picked":["Chaos","Compile Driver"],"picked":"Sweeping Beam","floor":1},{"not_picked":["Conserve Battery","White Noise"],"picked":"Self Repair","floor":2},{"not_picked":["Skim","Auto Shields"],"picked":"Beam Cell","floor":5},{"not_picked":["Self Repair","Heatsinks"],"picked":"Amplify","floor":8},{"not_picked":["Glacier","Barrage"],"picked":"Loop","floor":10},{"not_picked":["Streamline","Capacitor"],"picked":"Conserve Battery","floor":11},{"not_picked":["Rainbow","Consume"],"picked":"Go for the Eyes","floor":14},{"not_picked":["Amplify","Biased Cognition"],"picked":"Creative AI","floor":16},{"not_picked":["Steam","Sweeping Beam"],"picked":"Stack","floor":18},{"not_picked":["Stack+1","Reinforced Body+1"],"picked":"Undo+1","floor":21},{"not_picked":["Chill","Redo"],"picked":"FTL+1","floor":22},{"not_picked":["Hello World","Rebound"],"picked":"Leap","floor":23},{"not_picked":["Streamline","Barrage"],"picked":"Leap","floor":24},{"not_picked":["Defragment","Chill"],"picked":"Ball Lightning","floor":25},{"not_picked":["Leap","Tempest"],"picked":"All For One","floor":27},{"not_picked":["Stack","Beam Cell"],"picked":"Barrage+1","floor":28},{"not_picked":["Leap","Chill"],"picked":"Sweeping Beam","floor":29},{"not_picked":["Compile Driver","Leap+1"],"picked":"Conserve Battery+1","floor":32},{"not_picked":["Machine Learning","Buffer"],"picked":"All For One","floor":33},{"not_picked":["Redo+1","Capacitor"],"picked":"Cold Snap+1","floor":35},{"not_picked":["Gash","Sweeping Beam"],"picked":"Chill+1","floor":37},{"not_picked":["Chill+1","Melter+1"],"picked":"Heatsinks+1","floor":38},{"not_picked":["Gash+1","Turbo"],"picked":"Go for the Eyes","floor":40},{"not_picked":["Go for the Eyes+1","Doom and Gloom+1"],"picked":"Glacier","floor":42},{"not_picked":["Ball Lightning+1","Darkness+1","Gash+1"],"picked":"Thunder Strike","floor":45},{"not_picked":["Sunder","Fusion+1","Genetic Algorithm","Loop"],"picked":"SKIP","floor":46},{"not_picked":["Lockon+1","BootSequence","Double Energy+1"],"picked":"Defragment","floor":47}],"player_experience":566206,"relics_obtained":[{"floor":9,"key":"MawBank"},{"floor":10,"key":"Orichalcum"},{"floor":14,"key":"Omamori"},{"floor":23,"key":"Dream Catcher"},{"floor":26,"key":"Ancient Tea Set"},{"floor":28,"key":"Shuriken"},{"floor":40,"key":"Art of War"},{"floor":42,"key":"Thread and Needle"},{"floor":43,"key":"Question Card"},{"floor":47,"key":"Oddly Smooth Stone"}],"event_choices":[{"event_name":"World of Goop","player_choice":"Gather Gold","floor":3,"damage_taken":0},{"event_name":"Living Wall","player_choice":"Grow","floor":7,"damage_taken":0},{"event_name":"Dead Adventurer","player_choice":"Searched \u00271\u0027 times","floor":10,"damage_taken":0},{"event_name":"Liars Game","player_choice":"disagreed","floor":13,"damage_taken":0},{"event_name":"Addict","player_choice":"Obtained Relic","floor":20,"damage_taken":0},{"event_name":"Tomb of Lord Red Mask","player_choice":"Ignored","floor":36,"damage_taken":0},{"event_name":"MindBloom","player_choice":"Gold","floor":39,"damage_taken":0},{"event_name":"Winding Halls","player_choice":"Writhe","floor":41,"damage_taken":0}],"is_beta":false,"boss_relics":[{"not_picked":["Empty Cage","White Beast Statue"],"picked":"Runic Dome"},{"not_picked":["Inserter","Runic Pyramid"],"picked":"Cursed Key"}],"items_purged_floors":[31,44,48],"is_endless":false,"potions_floor_spawned":[2,5,10,10,11,18,21,23,25,35,37,42,47],"ascension_level":11}