{"gold_per_floor":[117,128,138,121,51,51,71,71,71,71,85,102,102,116,116,212,212,224,242,88,106,117,117,146,146,171,171,171,187,187,207,207,207],"floor_reached":33,"playtime":2682,"items_purged":[],"score":263,"play_id":"085c6439-a3c6-4e9f-9d03-153470da5d4c","local_time":"20190807004835","is_ascension_mode":false,"campfire_choices":[{"data":"After Image","floor":6,"key":"SMITH"},{"floor":8,"key":"REST"},{"data":"Burst","floor":10,"key":"SMITH"},{"data":"Backstab","floor":15,"key":"SMITH"},{"floor":23,"key":"REST"},{"floor":27,"key":"REST"},{"floor":28,"key":"REST"},{"floor":30,"key":"REST"},{"floor":32,"key":"REST"}],"neow_cost":"NONE","seed_source_timestamp":78810170536822,"circlet_count":0,"master_deck":["Strike_G","Strike_G","Strike_G","Strike_G","Strike_G","Defend_G","Defend_G","Defend_G","Defend_G","Defend_G","Survivor","Neutralize","Burst+1","Dagger Throw","Dagger Spray","Flying Knee","After Image+1","Crippling Poison","Backstab+1","Regret","Backstab","Doppelganger","All Out Attack","Caltrops","Bane","Tactician","Backstab+1","Quick Slash"],"relics":["Ring of the Snake","Gambling Chip","Darkstone Periapt","WristBlade","Blood Vial","WingedGreaves","Vajra"],"potions_floor_usage":[24,24,24,33,33],"damage_taken":[{"damage":2,"enemies":"Cultist","floor":1,"turns":6},{"damage":5,"enemies":"Small Slimes","floor":2,"turns":3},{"damage":0,"enemies":"Jaw Worm","floor":3,"turns":6},{"damage":0,"enemies":"Exordium Thugs","floor":4,"turns":4},{"damage":4,"enemies":"Large Slime","floor":7,"turns":6},{"damage":9,"enemies":"3 Louse","floor":11,"turns":3},{"damage":0,"enemies":"Blue Slaver","floor":12,"turns":3},{"damage":3,"enemies":"Exordium Wildlife","floor":14,"turns":4},{"damage":61,"enemies":"The Guardian","floor":16,"turns":18},{"damage":7,"enemies":"3 Byrds","floor":18,"turns":5},{"damage":6,"enemies":"Chosen","floor":19,"turns":5},{"damage":39,"enemies":"Sentry and Sphere","floor":21,"turns":9},{"damage":10,"enemies":"Centurion and Healer","floor":22,"turns":8},{"damage":25,"enemies":"Gremlin Leader","floor":24,"turns":8},{"damage":10,"enemies":"Chosen and Byrds","floor":29,"turns":8},{"damage":17,"enemies":"Shelled Parasite and Fungi","floor":31,"turns":6},{"damage":83,"enemies":"Automaton","floor":33,"turns":8}],"seed_played":"-1714729583217068673","potions_obtained":[{"floor":4,"key":"GamblersBrew"},{"floor":11,"key":"Poison Potion"},{"floor":14,"key":"Explosive Potion"},{"floor":22,"key":"SpeedPotion"},{"floor":29,"key":"SteroidPotion"},{"floor":31,"key":"Fire Potion"}],"is_trial":false,"path_per_floor":["M","M","M","M","$","R","M","R","T","R","M","M","?","M","R","B",null,"M","M","$","M","M","R","E","?","T","R","R","M","R","M","R","B"],"character_chosen":"THE_SILENT","items_purchased":["After Image","Blood Vial"],"campfire_rested":6,"item_purchase_floors":[5,20],"current_hp_per_floor":[68,63,63,63,63,63,59,70,70,70,61,61,67,64,64,3,76,69,63,63,26,18,40,17,17,17,39,61,53,75,59,76,0],"gold":207,"neow_bonus":"ONE_RANDOM_RARE_CARD","is_prod":false,"is_daily":false,"chose_seed":false,"campfire_upgraded":3,"win_rate":0.0,"timestamp":1565164115,"path_taken":["M","M","M","M","$","R","M","R","T","R","M","M","?","M","R","BOSS","M","M","$","M","M","R","E","?","T","R","R","M","R","M","R","BOSS"],"build_version":"2019-07-17","purchased_purges":0,"victory":false,"max_hp_per_floor":[70,70,70,70,70,70,70,70,70,70,70,70,76,76,76,76,76,76,76,76,76,76,76,76,76,76,76,76,76,76,76,76,76],"card_choices":[{"not_picked":["Quick Slash","Underhanded Strike"],"picked":"Dagger Throw","floor":1},{"not_picked":["Predator","Deadly Poison"],"picked":"Dagger Spray","floor":2},{"not_picked":["Backflip","Calculated Gamble"],"picked":"Flying Knee","floor":3},{"not_picked":["Quick Slash","Masterful Stab","PiercingWail"],"picked":"SKIP","floor":4},{"not_picked":["PiercingWail","Bane"],"picked":"Crippling Poison","floor":7},{"not_picked":["Flechettes","PiercingWail"],"picked":"Backstab","floor":11},{"not_picked":["Outmaneuver","PiercingWail","Dagger Spray"],"picked":"SKIP","floor":12},{"not_picked":["Leg Sweep","Sucker Punch"],"picked":"Backstab","floor":14},{"not_picked":["Venomology","Burst"],"picked":"Doppelganger","floor":16},{"not_picked":["Underhanded Strike","Calculated Gamble"],"picked":"All Out Attack","floor":18},{"not_picked":["Bouncing Flask+1","Dagger Spray"],"picked":"Caltrops","floor":19},{"not_picked":["Poisoned Stab+1","Sucker Punch"],"picked":"Bane","floor":21},{"not_picked":["Flying Knee","Acrobatics","Terror"],"picked":"SKIP","floor":22},{"not_picked":["Unload","Catalyst"],"picked":"Tactician","floor":24},{"not_picked":["Acrobatics+1","Calculated Gamble"],"picked":"Quick Slash","floor":29},{"not_picked":["Crippling Poison","Poisoned Stab","Footwork"],"picked":"SKIP","floor":31}],"player_experience":14870,"relics_obtained":[{"floor":9,"key":"Gambling Chip"},{"floor":24,"key":"WingedGreaves"},{"floor":26,"key":"Vajra"}],"event_choices":[{"damage_healed":0,"gold_gain":0,"player_choice":"Box","damage_taken":0,"relics_obtained":["Darkstone Periapt"],"max_hp_gain":0,"max_hp_loss":0,"event_name":"Big Fish","floor":13,"gold_loss":0,"cards_obtained":["Regret"]},{"damage_healed":0,"gold_gain":0,"player_choice":"Copied","damage_taken":0,"max_hp_gain":0,"max_hp_loss":0,"event_name":"Duplicator","floor":25,"gold_loss":0,"cards_obtained":["Backstab"]}],"is_beta":false,"boss_relics":[{"not_picked":["Black Star","Ring of the Serpent"],"picked":"WristBlade"}],"items_purged_floors":[],"is_endless":false,"potions_floor_spawned":[4,11,14,21,22,29,31],"killed_by":"Automaton","ascension_level":0}