{"gold_per_floor":[114,130,140,23,33,33,33,60,130,130,156,156,183,183,183,286,286,297,297,14,14,32,32,45,65,88,88,147,83,83,98,98,195,195,213,98,108,108,5,5,17,17,17,17,31,31,83,101,101,101],"floor_reached":51,"playtime":5422,"items_purged":["Pain","Writhe","Strike_G"],"score":835,"play_id":"5dbbf8ff-0421-4f80-8a83-34631d1d9d89","local_time":"20190819012844","is_ascension_mode":true,"campfire_choices":[{"data":"Neutralize","floor":6,"key":"SMITH"},{"data":"Burst","floor":10,"key":"SMITH"},{"floor":12,"key":"REST"},{"data":"Noxious Fumes","floor":15,"key":"SMITH"},{"data":"Footwork","floor":23,"key":"SMITH"},{"floor":27,"key":"REST"},{"data":"Dodge and Roll","floor":32,"key":"SMITH"},{"data":"Footwork","floor":40,"key":"SMITH"},{"data":"Blur","floor":42,"key":"SMITH"},{"data":"Bane","floor":44,"key":"SMITH"},{"data":"Dash","floor":49,"key":"SMITH"}],"neow_cost":"PERCENT_DAMAGE","seed_source_timestamp":116051210785300,"circlet_count":0,"master_deck":["Strike_G","Strike_G","Strike_G","Strike_G","Defend_G","Defend_G","Defend_G","Defend_G","Defend_G","Survivor","Neutralize+1","Burst+1","Dash+1","Blur+1","Dagger Throw","Noxious Fumes+1","Bane+1","Cloak And Dagger","Dodge and Roll+1","Backstab","Corpse Explosion+1","Footwork+1","Catalyst+1","Calculated Gamble+1","Blur+1","Deadly Poison+1","Bouncing Flask+1","Bullet Time+1","Expertise+1","Footwork+1","Bandage Up+1","Bandage Up+1","Acrobatics+1","Backflip+1","Sucker Punch+1"],"relics":["Ring of the Snake","Odd Mushroom","Toxic Egg 2","Bronze Scales","Bottled Tornado","Dead Branch","Philosopher\u0027s Stone","Dodecahedron","Membership Card","Anchor","WarpedTongs","Bag of Marbles","Tiny Chest","Oddly Smooth Stone","Sozu","Letter Opener","Vajra"],"potions_floor_usage":[11,11,18,28,33,50,50],"damage_taken":[{"damage":0,"enemies":"Cultist","floor":1,"turns":5},{"damage":0,"enemies":"Small Slimes","floor":2,"turns":4},{"damage":0,"enemies":"Jaw Worm","floor":3,"turns":4},{"damage":2,"enemies":"3 Louse","floor":5,"turns":4},{"damage":11,"enemies":"The Mushroom Lair","floor":8,"turns":7},{"damage":5,"enemies":"3 Sentries","floor":11,"turns":7},{"damage":7,"enemies":"Gremlin Nob","floor":13,"turns":4},{"damage":11,"enemies":"The Guardian","floor":16,"turns":10},{"damage":14,"enemies":"2 Thieves","floor":18,"turns":3},{"damage":3,"enemies":"3 Byrds","floor":22,"turns":3},{"damage":2,"enemies":"3 Cultists","floor":24,"turns":3},{"damage":0,"enemies":"Shelled Parasite and Fungi","floor":25,"turns":2},{"damage":3,"enemies":"Book of Stabbing","floor":28,"turns":4},{"damage":0,"enemies":"Chosen and Byrds","floor":31,"turns":5},{"damage":13,"enemies":"Champ","floor":33,"turns":8},{"damage":31,"enemies":"3 Darklings","floor":35,"turns":4},{"damage":0,"enemies":"Orb Walker","floor":37,"turns":3},{"damage":0,"enemies":"3 Darklings","floor":41,"turns":5},{"damage":3,"enemies":"Maw","floor":45,"turns":5},{"damage":0,"enemies":"Sphere and 2 Shapes","floor":48,"turns":3},{"damage":6,"enemies":"Time Eater","floor":50,"turns":13}],"seed_played":"-8046057076765383834","potions_obtained":[{"floor":3,"key":"SteroidPotion"},{"floor":5,"key":"LiquidBronze"},{"floor":8,"key":"PowerPotion"},{"floor":16,"key":"PowerPotion"},{"floor":18,"key":"SteroidPotion"},{"floor":24,"key":"AttackPotion"},{"floor":31,"key":"Regen Potion"},{"floor":33,"key":"Dexterity Potion"}],"is_trial":false,"path_per_floor":["M","M","M","$","M","R","$","?","T","R","E","R","E","?","R","B",null,"M","?","$","?","M","R","M","M","T","R","E","$","T","M","R","B",null,"M","$","M","?","$","R","M","R","T","R","M","T","T","M","R","B",null],"character_chosen":"THE_SILENT","items_purchased":["Noxious Fumes","Bane","Membership Card","Anchor","Dexterity Potion","Footwork","Bandage Up+1","Acrobatics+1","Backflip+1"],"campfire_rested":2,"item_purchase_floors":[4,4,20,20,29,36,36,39,39],"current_hp_per_floor":[49,49,49,49,47,47,47,36,36,36,31,52,45,42,42,31,60,46,46,46,46,43,43,41,41,41,62,59,59,59,59,59,61,68,37,37,43,43,43,43,55,55,55,55,64,64,64,64,64,70],"gold":101,"neow_bonus":"THREE_RARE_CARDS","is_prod":false,"is_daily":false,"chose_seed":false,"campfire_upgraded":9,"win_rate":0,"timestamp":1566145724,"path_taken":["M","M","M","$","?","R","$","?","T","R","E","R","E","?","R","BOSS","M","?","$","?","M","R","M","?","T","R","E","$","?","M","R","BOSS","M","$","M","?","$","R","?","R","T","R","M","?","?","M","R","BOSS"],"build_version":"2019-07-17","purchased_purges":3,"victory":true,"max_hp_per_floor":[70,70,70,70,70,70,70,70,70,70,70,70,70,70,70,70,70,70,70,70,70,70,70,70,70,70,70,70,70,70,70,70,70,70,70,70,70,70,70,70,70,70,70,70,70,70,70,70,70,70],"card_choices":[{"not_picked":["Tools of the Trade","Malaise"],"picked":"Burst","floor":0},{"not_picked":["Sucker Punch","Quick Slash"],"picked":"Dash","floor":1},{"not_picked":["Distraction","Sucker Punch"],"picked":"Blur","floor":2},{"not_picked":["Slice","Escape Plan"],"picked":"Dagger Throw","floor":3},{"not_picked":["Heel Hook","Slice"],"picked":"Cloak And Dagger","floor":5},{"not_picked":["Underhanded Strike","Acrobatics"],"picked":"Dodge and Roll","floor":8},{"not_picked":["Endless Agony","Dagger Throw","Bane"],"picked":"SKIP","floor":11},{"not_picked":["Dagger Throw","Choke"],"picked":"Backstab","floor":13},{"not_picked":["Night Terror+1","Venomology+1"],"picked":"Corpse Explosion+1","floor":16},{"not_picked":["Dodge and Roll+1","Sucker Punch"],"picked":"Footwork","floor":18},{"not_picked":["Dodge and Roll+1","Deflect+1"],"picked":"Catalyst+1","floor":22},{"not_picked":["Reflex+1","Sucker Punch"],"picked":"Calculated Gamble+1","floor":24},{"not_picked":["Deflect+1","Cloak And Dagger+1"],"picked":"Blur+1","floor":25},{"not_picked":["Corpse Explosion+1","Outmaneuver+1"],"picked":"Deadly Poison+1","floor":28},{"not_picked":["Deflect+1","Eviscerate"],"picked":"Bouncing Flask+1","floor":31},{"not_picked":["Die Die Die","Burst+1"],"picked":"Bullet Time+1","floor":33},{"not_picked":["Deadly Poison+1","Infinite Blades"],"picked":"Expertise+1","floor":35},{"not_picked":["Footwork","Dodge and Roll+1","Bouncing Flask+1"],"picked":"SKIP","floor":37},{"not_picked":["Cloak And Dagger+1","Concentrate+1","Noxious Fumes+1"],"picked":"SKIP","floor":41},{"not_picked":["Terror+1","Calculated Gamble+1"],"picked":"Sucker Punch+1","floor":45},{"not_picked":["Blade Dance+1","Riddle With Holes","Cloak And Dagger+1"],"picked":"SKIP","floor":48}],"player_experience":361051,"relics_obtained":[{"floor":8,"key":"Odd Mushroom"},{"floor":9,"key":"Toxic Egg 2"},{"floor":11,"key":"Bronze Scales"},{"floor":13,"key":"Bottled Tornado"},{"floor":26,"key":"Bag of Marbles"},{"floor":28,"key":"Tiny Chest"},{"floor":30,"key":"Oddly Smooth Stone"},{"floor":43,"key":"Letter Opener"},{"floor":47,"key":"Vajra"}],"event_choices":[{"damage_healed":0,"gold_gain":0,"player_choice":"Fought Mushrooms","damage_taken":0,"max_hp_gain":0,"max_hp_loss":0,"event_name":"Mushrooms","floor":8,"gold_loss":0},{"damage_healed":0,"gold_gain":0,"player_choice":"Success","damage_taken":3,"relics_obtained":["Dead Branch"],"max_hp_gain":0,"max_hp_loss":0,"event_name":"Scrap Ooze","floor":14,"gold_loss":0},{"damage_healed":0,"gold_gain":0,"player_choice":"Opened","damage_taken":0,"relics_obtained":["Dodecahedron"],"max_hp_gain":0,"max_hp_loss":0,"event_name":"The Mausoleum","floor":19,"gold_loss":0,"cards_obtained":["Writhe"]},{"damage_healed":0,"gold_gain":0,"player_choice":"Rummage","damage_taken":0,"relics_obtained":["WarpedTongs"],"max_hp_gain":0,"max_hp_loss":0,"event_name":"Accursed Blacksmith","floor":21,"gold_loss":0,"cards_obtained":["Pain"]},{"damage_healed":0,"gold_gain":0,"player_choice":"1 cards matched","damage_taken":0,"max_hp_gain":0,"max_hp_loss":0,"event_name":"Match and Keep!","floor":38,"gold_loss":0,"cards_obtained":["Bandage Up"]}],"is_beta":false,"boss_relics":[{"not_picked":["Orrery","Fusion Hammer"],"picked":"Philosopher\u0027s Stone"},{"not_picked":["Tiny House","Runic Dome"],"picked":"Sozu"}],"items_purged_floors":[29,36,39],"is_endless":false,"potions_floor_spawned":[3,5,8,16,18,24,31,33,41,48],"ascension_level":5}