{"gold_per_floor":[117,117,42,42,42,75,24,24,24,24,68,91,111,126,126,249,249,272,547,568,568],"floor_reached":21,"playtime":784,"items_purged":["Strike_R"],"score":249,"play_id":"d46d0488-01fa-4c04-84a9-7afaa9bcf0fc","local_time":"20190811171545","is_ascension_mode":true,"campfire_choices":[{"data":"Armaments","floor":8,"key":"SMITH"},{"data":"Clothesline","floor":10,"key":"SMITH"},{"data":"Thunderclap","floor":15,"key":"SMITH"}],"neow_cost":"NONE","seed_source_timestamp":555787082900004,"circlet_count":0,"master_deck":["Strike_R","Strike_R","Strike_R","Defend_R","Defend_R+1","Defend_R+1","Defend_R","Bash","Clothesline+1","Armaments+1","Seeing Red+1","Perfected Strike","Thunderclap+1","Shockwave+1","Brutality","Seeing Red+1","Regret","Dual Wield+1"],"relics":["Burning Blood","NeowsBlessing","Golden Idol","War Paint","Regal Pillow","Toxic Egg 2","Potion Belt","Black Star"],"potions_floor_usage":[21],"damage_taken":[{"damage":0,"enemies":"Jaw Worm","floor":1,"turns":1},{"damage":0,"enemies":"Lagavulin","floor":6,"turns":1},{"damage":0,"enemies":"Gremlin Nob","floor":11,"turns":1},{"damage":0,"enemies":"2 Louse","floor":12,"turns":3},{"damage":0,"enemies":"Cultist","floor":13,"turns":3},{"damage":6,"enemies":"Exordium Thugs","floor":14,"turns":5},{"damage":25,"enemies":"The Guardian","floor":16,"turns":13},{"damage":18,"enemies":"Chosen","floor":18,"turns":5},{"damage":35,"enemies":"Spheric Guardian","floor":20,"turns":7},{"damage":42,"enemies":"3 Cultists","floor":21,"turns":5}],"seed_played":"1526234221910576167","potions_obtained":[{"floor":6,"key":"Dexterity Potion"},{"floor":11,"key":"Swift Potion"},{"floor":12,"key":"Block Potion"},{"floor":20,"key":"SpeedPotion"}],"is_trial":false,"path_per_floor":["M","?","$","?","?","E","$","R","T","R","E","M","M","M","R","B",null,"M","?","M","M"],"character_chosen":"IRONCLAD","items_purchased":["Armaments"],"campfire_rested":0,"item_purchase_floors":[7],"current_hp_per_floor":[80,73,73,53,53,59,59,59,59,59,65,71,77,77,77,58,80,68,68,39,0],"gold":568,"neow_bonus":"THREE_ENEMY_KILL","is_prod":false,"is_daily":false,"chose_seed":false,"campfire_upgraded":3,"win_rate":0,"timestamp":1565536545,"path_taken":["M","?","$","?","?","E","$","R","T","R","E","M","M","?","R","BOSS","M","?","M","?"],"build_version":"2019-07-17","purchased_purges":1,"victory":false,"max_hp_per_floor":[80,80,80,80,80,80,80,80,80,80,80,80,80,80,80,80,80,80,80,80,80],"card_choices":[{"not_picked":["Havoc","Shrug It Off"],"picked":"Pommel Strike","floor":1},{"not_picked":["Anger","Flex"],"picked":"Clothesline","floor":6},{"not_picked":["Pommel Strike","Thunderclap"],"picked":"Seeing Red+1","floor":11},{"not_picked":["Armaments+1","Anger"],"picked":"Perfected Strike","floor":12},{"not_picked":["Sword Boomerang","Anger"],"picked":"Thunderclap","floor":13},{"not_picked":["Berserk","Headbutt"],"picked":"Shockwave+1","floor":14},{"not_picked":["Dark Embrace","Feed"],"picked":"Brutality","floor":16},{"not_picked":["Iron Wave","Headbutt"],"picked":"Seeing Red+1","floor":18},{"not_picked":["Headbutt","Sentinel+1"],"picked":"Dual Wield+1","floor":20}],"player_experience":80189,"relics_obtained":[{"floor":6,"key":"Regal Pillow"},{"floor":9,"key":"Toxic Egg 2"},{"floor":11,"key":"Potion Belt"}],"event_choices":[{"cards_removed":["Strike_R"],"damage_healed":0,"gold_gain":0,"player_choice":"Card Removal","damage_taken":7,"max_hp_gain":0,"max_hp_loss":0,"event_name":"Golden Wing","floor":2,"gold_loss":0},{"damage_healed":0,"gold_gain":0,"player_choice":"Take Damage","damage_taken":20,"relics_obtained":["Golden Idol"],"max_hp_gain":0,"max_hp_loss":0,"event_name":"Golden Idol","floor":4,"gold_loss":0},{"cards_removed":["Pommel Strike"],"damage_healed":0,"gold_gain":0,"player_choice":"Gave Card","damage_taken":0,"relics_obtained":["War Paint"],"max_hp_gain":0,"max_hp_loss":0,"event_name":"WeMeetAgain","floor":5,"gold_loss":0},{"damage_healed":0,"gold_gain":275,"player_choice":"Desecrate","damage_taken":0,"max_hp_gain":0,"max_hp_loss":0,"event_name":"Golden Shrine","floor":19,"gold_loss":0,"cards_obtained":["Regret"]}],"is_beta":false,"boss_relics":[{"not_picked":["Eternal Feather","Coffee Dripper"],"picked":"Black Star"}],"items_purged_floors":[3],"is_endless":false,"potions_floor_spawned":[6,11,12,20],"killed_by":"3 Cultists","ascension_level":1}