{"gold_per_floor":[117,267,267,38,70,108,131,174,267,279,291,329,341,368,380,463,475,504,27,31,31,42,67,67,96,123,123,135,135,147,166,166,242,242,252,252,252,100,114,114,139,139,186,214,227,247,247,281,281,281],"floor_reached":51,"playtime":4196,"items_purged":["Doubt","Madness+1"],"score":1333,"play_id":"8de69637-d0e4-467d-a0ff-b3e7b88fc8e6","local_time":"20180823214527","is_ascension_mode":true,"campfire_choices":[{"floor":11.0,"key":"REST"},{"floor":13.0,"key":"REST"},{"floor":15.0,"key":"REST"},{"floor":24,"key":"REST"},{"floor":29,"key":"REST"},{"floor":32,"key":"REST"},{"floor":40,"key":"REST"},{"floor":42,"key":"REST"},{"floor":47,"key":"REST"},{"floor":49,"key":"REST"}],"neow_cost":"NONE","seed_source_timestamp":0,"circlet_count":0,"master_deck":["Defend_G","Defend_G+1","Defend_G","Defend_G","Defend_G","Strike_G","Strike_G+1","Strike_G","Strike_G","Survivor+1","Neutralize","AscendersBane","Outmaneuver","Cloak And Dagger","Dagger Spray","Backflip","Malaise+1","Infinite Blades","Burst","Flying Knee","PiercingWail+1","Dagger Throw+1","Crippling Poison+1","Blade Dance+1","Envenom+1","Dagger Spray+1","Distraction+1","Malaise+1","Accuracy+1","Madness+1","Blade Dance+1","Dodge and Roll+1","Backflip+1","Burst+1","Riddle With Holes","Finisher+1","Blade Dance+1","Backflip+1"],"special_seed":0,"relics":["Fusion Hammer","MawBank","StoneCalendar","Art of War","Question Card","Regal Pillow","Black Star","Shuriken","Frozen Egg 2","Smiling Mask","Toxic Egg 2","Pen Nib","Lantern","Blood Vial","White Beast Statue","Whetstone","Bag of Preparation","Oddly Smooth Stone","War Paint","Potion Belt","Vajra","Ancient Tea Set"],"potions_floor_usage":[23,28,30,44,45,50,50],"damage_taken":[{"damage":0.0,"enemies":"Cultist","floor":1.0,"turns":5.0},{"damage":0.0,"enemies":"2 Louse","floor":5.0,"turns":4.0},{"damage":17.0,"enemies":"3 Sentries","floor":6.0,"turns":10.0},{"damage":0.0,"enemies":"Jaw Worm","floor":7.0,"turns":4.0},{"damage":7.0,"enemies":"Lagavulin","floor":8.0,"turns":9.0},{"damage":8.0,"enemies":"Looter","floor":14.0,"turns":4.0},{"damage":33.0,"enemies":"The Guardian","floor":16.0,"turns":12.0},{"damage":6.0,"enemies":"Chosen","floor":18.0,"turns":7.0},{"damage":35.0,"enemies":"2 Thieves","floor":20.0,"turns":4.0},{"damage":17.0,"enemies":"Centurion and Healer","floor":22.0,"turns":8.0},{"damage":5,"enemies":"Book of Stabbing","floor":23,"turns":7},{"damage":34,"enemies":"Gremlin Leader","floor":25,"turns":8},{"damage":9,"enemies":"3 Cultists","floor":28,"turns":5},{"damage":0,"enemies":"Snake Plant","floor":30,"turns":4},{"damage":6,"enemies":"Snecko","floor":31,"turns":6},{"damage":61,"enemies":"Collector","floor":33,"turns":9},{"damage":20,"enemies":"3 Shapes","floor":35,"turns":7},{"damage":6,"enemies":"Orb Walker","floor":39,"turns":3},{"damage":21,"enemies":"Nemesis","floor":41,"turns":7},{"damage":22,"enemies":"2 Orb Walkers","floor":44,"turns":5},{"damage":13,"enemies":"4 Shapes","floor":45,"turns":6},{"damage":14,"enemies":"Spire Growth","floor":46,"turns":4},{"damage":24,"enemies":"Nemesis","floor":48,"turns":8},{"damage":40,"enemies":"Awakened One","floor":50,"turns":9}],"seed_played":"7653405374349711062","potions_obtained":[{"floor":5.0,"key":"Fire Potion"},{"floor":6.0,"key":"EssenceOfSteel"},{"floor":8.0,"key":"FairyPotion"},{"floor":18.0,"key":"Dexterity Potion"},{"floor":22.0,"key":"FearPotion"},{"floor":25,"key":"AttackPotion"},{"floor":28,"key":"Fire Potion"},{"floor":35,"key":"GhostInAJar"},{"floor":39,"key":"FearPotion"},{"floor":44,"key":"Explosive Potion"},{"floor":45,"key":"FairyPotion"},{"floor":46,"key":"SteroidPotion"},{"floor":48,"key":"SkillPotion"}],"is_trial":false,"path_per_floor":["M","?","?","$","M","E","M","E","T","?","R","T","R","M","R","B",null,"M","$","M","?","M","E","R","E","T","?","M","R","M","M","R","B",null,"M","?","?","$","M","R","E","R","T","E","M","M","R","E","R","B"],"character_chosen":"THE_SILENT","items_purchased":["MawBank","Shuriken","Frozen Egg 2","Blade Dance+1","Dodge and Roll+1"],"campfire_rested":10,"item_purchase_floors":[4,19,19,38,38],"current_hp_per_floor":[59,59,59,59,59,42,42,35,35,15,34,34,66,58,66,33,58,52,52,17,17,6,1,35,1,1,14,7,41,43,39,66,5,51,33,33,21,21,17,51,32,66,66,44,33,21,55,33,66,26],"gold":281,"neow_bonus":"BOSS_RELIC","is_prod":false,"is_daily":false,"chose_seed":false,"campfire_upgraded":0,"win_rate":0,"timestamp":1535085927,"path_taken":["M","?","?","?","M","E","M","E","T","?","R","?","R","M","R","BOSS","M","$","M","?","M","E","R","E","T","?","M","R","M","M","R","BOSS","M","?","?","$","M","R","E","R","T","E","M","M","R","E","R","BOSS"],"build_version":"2018-08-23v2","purchased_purges":2,"victory":true,"max_hp_per_floor":[66,66,66,66,66,66,66,66,66,66,66,66,66,66,66,66,66,66,66,66,66,66,66,66,66,66,66,66,66,66,66,66,66,66,66,66,66,66,66,66,66,66,66,66,66,66,66,66,66,66],"card_choices":[{"not_picked":["Poisoned Stab","Acrobatics"],"picked":"Outmaneuver","floor":1.0},{"not_picked":["Slice","Escape Plan"],"picked":"Dagger Spray","floor":5.0},{"not_picked":["Bane","Tactician"],"picked":"Backflip","floor":6.0},{"not_picked":["Backflip","Well Laid Plans"],"picked":"Caltrops","floor":7.0},{"not_picked":["Poisoned Stab","Sucker Punch"],"picked":"Malaise","floor":8.0},{"not_picked":["Quick Slash","Catalyst","Dodge and Roll"],"picked":"Infinite Blades","floor":14.0},{"not_picked":["Envenom","Grand Finale","Tools of the Trade"],"picked":"Burst","floor":16.0},{"not_picked":["Dagger Throw","Infinite Blades","Cloak And Dagger+1"],"picked":"Flying Knee","floor":18.0},{"not_picked":["Eviscerate","Flying Knee","Blur"],"picked":"PiercingWail+1","floor":20.0},{"not_picked":["Slice","Flechettes","Deadly Poison+1"],"picked":"Dagger Throw","floor":22.0},{"not_picked":["Dodge and Roll","Backflip","Slice"],"picked":"Crippling Poison","floor":23},{"not_picked":["Poisoned Stab","Setup+1","Reflex+1"],"picked":"Blade Dance+1","floor":25},{"not_picked":["Deflect+1","Underhanded Strike","Skewer"],"picked":"Envenom+1","floor":28},{"not_picked":["Dodge and Roll+1","Outmaneuver+1","Tactician+1"],"picked":"Dagger Spray","floor":30},{"not_picked":["Slice","Flying Knee+1","Concentrate+1"],"picked":"Distraction+1","floor":31},{"not_picked":["Storm of Steel+1","Phantasmal Killer+1","Burst+1"],"picked":"Malaise+1","floor":33},{"not_picked":["Prepared+1","Backstab","Dagger Spray"],"picked":"Accuracy+1","floor":35},{"not_picked":["Outmaneuver+1","Underhanded Strike","Setup+1"],"picked":"Backflip+1","floor":39},{"not_picked":["Concentrate+1","Setup+1","Flying Knee"],"picked":"Burst+1","floor":41},{"not_picked":["Distraction+1","Dagger Spray+1","Flying Knee+1"],"picked":"Riddle With Holes","floor":44},{"not_picked":["Poisoned Stab+1","Underhanded Strike+1","Expertise+1"],"picked":"Finisher+1","floor":45},{"not_picked":["Night Terror+1","Backflip+1","Noxious Fumes+1"],"picked":"Blade Dance+1","floor":46},{"not_picked":["Poisoned Stab","Quick Slash","Expertise+1"],"picked":"Backflip+1","floor":48}],"player_experience":599029,"relics_obtained":[{"floor":6.0,"key":"StoneCalendar"},{"floor":8.0,"key":"Art of War"},{"floor":9.0,"key":"Question Card"},{"floor":12.0,"key":"Regal Pillow"},{"floor":23,"key":"Smiling Mask"},{"floor":23,"key":"Toxic Egg 2"},{"floor":25,"key":"Pen Nib"},{"floor":25,"key":"Lantern"},{"floor":26,"key":"Blood Vial"},{"floor":41,"key":"Whetstone"},{"floor":41,"key":"Bag of Preparation"},{"floor":43,"key":"Oddly Smooth Stone"},{"floor":44,"key":"War Paint"},{"floor":44,"key":"Potion Belt"},{"floor":48,"key":"Vajra"},{"floor":48,"key":"Ancient Tea Set"}],"event_choices":[{"event_name":"Liars Game","player_choice":"agreed","floor":2.0,"damage_taken":0.0},{"event_name":"Transmorgrifier","player_choice":"Transform","floor":3.0,"damage_taken":0.0},{"event_name":"Shining Light","player_choice":"Entered Light","floor":10.0,"damage_taken":0.0},{"event_name":"Ghosts","player_choice":"Ignored","floor":21.0,"damage_taken":0.0},{"event_name":"The Library","player_choice":"Heal","floor":27,"damage_taken":0},{"event_name":"Falling","player_choice":"Removed Power","floor":36,"damage_taken":0},{"event_name":"Winding Halls","player_choice":"Embrace Madness","floor":37,"damage_taken":0}],"is_beta":false,"boss_relics":[{"not_picked":["Philosopher\u0027s Stone","Velvet Choker"],"picked":"Black Star"},{"not_picked":["Snecko Eye","Calling Bell"],"picked":"White Beast Statue"}],"items_purged_floors":[4,38],"is_endless":false,"potions_floor_spawned":[5,6,8,18,22,25,28,35,39,41,44,45,46,48],"ascension_level":15}