{"gold_per_floor":[110,58,69,69,69,99,112,112,138,177,208,220,245,290,302,412,424,446,373,385,96,110,139,139,166,235,335,349,349,361,389,389,494,494,506,506,240,240,258,291,291,316,342,359,58,58,88,100,100,100,100,100,48,73,73],"floor_reached":56,"playtime":5296,"items_purged":[],"score":1802,"play_id":"65ceda5b-dfa7-48d2-a4fa-83f1ad2cb81a","local_time":"20190817094942","is_ascension_mode":true,"campfire_choices":[{"floor":12.0,"key":"REST"},{"data":"Pummel","floor":15.0,"key":"SMITH"},{"data":"Havoc","floor":24.0,"key":"SMITH"},{"data":"Demon Form","floor":32.0,"key":"SMITH"},{"data":"Metallicize","floor":41.0,"key":"SMITH"},{"floor":46.0,"key":"RECALL"},{"data":"Armaments","floor":49.0,"key":"SMITH"},{"data":"Pummel","floor":52,"key":"SMITH"}],"neow_cost":"NONE","seed_source_timestamp":0,"circlet_count":0,"master_deck":["Defend_R","Defend_R","Defend_R","Defend_R","Bash","Iron Wave","Armaments+1","Intimidate+1","Demon Form+1","Cleave","Sword Boomerang","Shockwave","Dropkick+1","Pummel+1","Fiend Fire+1","Pummel+1","Bite","Bite","Bite","Bite","Metallicize+1","Reckless Charge","Havoc+1","Feel No Pain+1","Fiend Fire+1","Ghostly Armor","Reaper+1","Warcry","Corruption","Shrug It Off+1","Sword Boomerang+1","Exhume"],"special_seed":0,"relics":["Burning Blood","NeowsBlessing","Omamori","Bronze Scales","MawBank","Lantern","Whetstone","Runic Pyramid","Regal Pillow","Bag of Marbles","Anchor","Dream Catcher","Molten Egg 2","FossilizedHelix","Pantograph","Nunchaku","Busted Crown","Red Skull","Bottled Tornado","Strawberry","Orichalcum","Oddly Smooth Stone","Thread and Needle","Pen Nib"],"potions_floor_usage":[55,55],"damage_taken":[{"damage":0.0,"enemies":"2 Louse","floor":1.0,"turns":1.0},{"damage":0.0,"enemies":"Small Slimes","floor":3.0,"turns":1.0},{"damage":0.0,"enemies":"Lagavulin","floor":6.0,"turns":1.0},{"damage":4.0,"enemies":"Jaw Worm","floor":7.0,"turns":4.0},{"damage":30.0,"enemies":"3 Sentries","floor":10.0,"turns":7.0},{"damage":6.0,"enemies":"Looter","floor":11.0,"turns":4.0},{"damage":8.0,"enemies":"Large Slime","floor":13.0,"turns":5.0},{"damage":12.0,"enemies":"Lagavulin","floor":14.0,"turns":7.0},{"damage":10.0,"enemies":"Slime Boss","floor":16.0,"turns":6.0},{"damage":0.0,"enemies":"3 Byrds","floor":18.0,"turns":2.0},{"damage":8.0,"enemies":"Shell Parasite","floor":22.0,"turns":4.0},{"damage":35.0,"enemies":"Gremlin Leader","floor":23.0,"turns":5.0},{"damage":22.0,"enemies":"Book of Stabbing","floor":25.0,"turns":4.0},{"damage":8.0,"enemies":"Colosseum Slavers","floor":27.0,"turns":5.0},{"damage":1.0,"enemies":"Colosseum Nobs","floor":27.0,"turns":5.0},{"damage":0.0,"enemies":"Cultist and Chosen","floor":28.0,"turns":4.0},{"damage":0.0,"enemies":"Centurion and Healer","floor":30.0,"turns":6.0},{"damage":20.0,"enemies":"Gremlin Leader","floor":31.0,"turns":7.0},{"damage":25.0,"enemies":"Collector","floor":33.0,"turns":7.0},{"damage":16.0,"enemies":"3 Shapes","floor":35.0,"turns":5.0},{"damage":0.0,"enemies":"Orb Walker","floor":39.0,"turns":3.0},{"damage":54.0,"enemies":"Giant Head","floor":40.0,"turns":8.0},{"damage":30.0,"enemies":"Reptomancer","floor":42.0,"turns":4.0},{"damage":0.0,"enemies":"4 Shapes","floor":44.0,"turns":5.0},{"damage":0.0,"enemies":"Giant Head","floor":47.0,"turns":6.0},{"damage":0.0,"enemies":"Maw","floor":48.0,"turns":5.0},{"damage":21.0,"enemies":"Time Eater","floor":50.0,"turns":7.0},{"damage":35,"enemies":"Shield and Spear","floor":54,"turns":6},{"damage":32,"enemies":"The Heart","floor":55,"turns":6}],"seed_played":"6633864558235498563","potions_obtained":[{"floor":3.0,"key":"Swift Potion"},{"floor":6.0,"key":"SneckoOil"},{"floor":10.0,"key":"PowerPotion"},{"floor":13.0,"key":"SteroidPotion"},{"floor":18.0,"key":"PowerPotion"},{"floor":25.0,"key":"SteroidPotion"},{"floor":30.0,"key":"Regen Potion"},{"floor":31.0,"key":"Explosive Potion"},{"floor":35.0,"key":"FearPotion"},{"floor":42.0,"key":"Fire Potion"},{"floor":44.0,"key":"Weak Potion"}],"is_trial":false,"path_per_floor":["M","$","M","?","?","E","M","?","T","E","M","R","M","E","R","B",null,"M","?","?","$","M","E","R","E","T","?","M","?","M","E","R","B",null,"M","?","$","?","M","E","R","E","T","M","$","R","E","M","R","B",null,"R","$","E","B",null],"character_chosen":"IRONCLAD","items_purchased":["Armaments","Metallicize","Bag of Marbles","Reckless Charge","Warcry","Corruption","Red Skull","Orichalcum","Oddly Smooth Stone","PowerPotion"],"campfire_rested":1,"item_purchase_floors":[2,21,21,21,37,37,37,45,45,53],"current_hp_per_floor":[78,78,80,64,52,58,60,53,53,29,29,53,51,45,45,41,70,76,76,56,56,54,33,33,23,23,45,56,56,56,55,55,47,54,48,48,48,48,56,51,51,63,63,63,63,63,63,63,63,63,63,63,63,63,39],"gold":73,"neow_bonus":"THREE_ENEMY_KILL","is_prod":false,"is_daily":false,"chose_seed":false,"campfire_upgraded":6,"win_rate":0,"timestamp":1566024582,"path_taken":["M","$","M","?","?","E","M","?","T","E","M","R","M","E","R","BOSS","M","?","?","$","M","E","R","E","T","?","M","?","?","E","R","BOSS","M","?","$","?","?","E","R","E","T","M","?","R","E","M","R","BOSS","R","$","E","BOSS"],"build_version":"2019-07-17","purchased_purges":0,"victory":true,"max_hp_per_floor":[80,80,80,80,80,80,80,80,80,80,80,80,80,80,80,80,80,80,80,56,56,56,56,56,56,56,56,56,56,56,56,56,56,56,56,56,56,56,56,56,56,63,63,63,63,63,63,63,63,63,63,63,63,63,63],"card_choices":[{"not_picked":["True Grit","Twin Strike"],"picked":"Iron Wave","floor":1.0},{"not_picked":["Pommel Strike","Rampage"],"picked":"Intimidate","floor":3.0},{"not_picked":["Sentinel","Hemokinesis"],"picked":"Demon Form","floor":6.0},{"not_picked":["Disarm","Hemokinesis"],"picked":"Cleave","floor":7.0},{"not_picked":["Warcry","Entrench"],"picked":"Sword Boomerang","floor":10.0},{"not_picked":["Power Through","Heavy Blade"],"picked":"Shockwave","floor":11.0},{"not_picked":["Heavy Blade","Warcry"],"picked":"Dropkick","floor":13.0},{"not_picked":["Pommel Strike","Entrench"],"picked":"Pummel","floor":14.0},{"not_picked":["Impervious","Offering"],"picked":"Fiend Fire","floor":16.0},{"not_picked":["Perfected Strike","Body Slam"],"picked":"Pummel","floor":18.0},{"not_picked":["Iron Wave+1","Blood for Blood","Disarm"],"picked":"SKIP","floor":22.0},{"not_picked":["Bloodletting","Headbutt+1"],"picked":"Havoc","floor":23.0},{"not_picked":["Evolve","Hemokinesis+1"],"picked":"Feel No Pain+1","floor":25.0},{"not_picked":["Warcry+1","Twin Strike+1"],"picked":"Fiend Fire+1","floor":27.0},{"not_picked":["Thunderclap+1","Havoc"],"picked":"Ghostly Armor","floor":28.0},{"not_picked":["Power Through","Heavy Blade+1","Clothesline+1"],"picked":"SKIP","floor":30.0},{"not_picked":["Thunderclap+1","Iron Wave+1","Disarm"],"picked":"SKIP","floor":31.0},{"not_picked":["Impervious","Bludgeon+1"],"picked":"Reaper+1","floor":33.0},{"not_picked":["Headbutt+1"],"picked":"SKIP","floor":35.0},{"not_picked":[],"picked":"Shrug It Off+1","floor":39.0},{"not_picked":["Pommel Strike+1"],"picked":"SKIP","floor":40.0},{"not_picked":[],"picked":"Sword Boomerang+1","floor":42.0},{"not_picked":["Wild Strike+1"],"picked":"SKIP","floor":44.0},{"not_picked":[],"picked":"Exhume","floor":47.0},{"not_picked":["Body Slam+1"],"picked":"SKIP","floor":48.0},{"not_picked":["Pommel Strike+1"],"picked":"SKIP","floor":54}],"player_experience":232610,"relics_obtained":[{"floor":6.0,"key":"Bronze Scales"},{"floor":9.0,"key":"MawBank"},{"floor":10.0,"key":"Lantern"},{"floor":14.0,"key":"Whetstone"},{"floor":23.0,"key":"Anchor"},{"floor":25.0,"key":"Dream Catcher"},{"floor":26.0,"key":"Molten Egg 2"},{"floor":27.0,"key":"FossilizedHelix"},{"floor":27.0,"key":"Pantograph"},{"floor":31.0,"key":"Nunchaku"},{"floor":40.0,"key":"Bottled Tornado"},{"floor":42.0,"key":"Strawberry"},{"floor":47.0,"key":"Thread and Needle"},{"floor":54,"key":"Pen Nib"}],"event_choices":[{"damage_healed":0.0,"max_hp_gain":0.0,"max_hp_loss":0.0,"gold_gain":0.0,"event_name":"Shining Light","player_choice":"Entered Light","floor":4.0,"gold_loss":0.0,"damage_taken":16.0,"cards_upgraded":["Strike_R","Intimidate"]},{"damage_healed":0.0,"max_hp_gain":0.0,"max_hp_loss":0.0,"gold_gain":0.0,"event_name":"Scrap Ooze","player_choice":"Success","floor":5.0,"gold_loss":0.0,"damage_taken":12.0,"relics_obtained":["Omamori"]},{"cards_removed":["Strike_R"],"damage_healed":0.0,"max_hp_gain":0.0,"max_hp_loss":0.0,"gold_gain":0.0,"event_name":"Golden Wing","player_choice":"Card Removal","floor":8.0,"gold_loss":0.0,"damage_taken":7.0},{"damage_healed":0.0,"max_hp_gain":0.0,"max_hp_loss":0.0,"gold_gain":0.0,"event_name":"Addict","player_choice":"Obtained Relic","floor":19.0,"gold_loss":85.0,"damage_taken":0.0,"relics_obtained":["Regal Pillow"]},{"damage_healed":0.0,"max_hp_gain":0.0,"max_hp_loss":24.0,"gold_gain":0.0,"event_name":"Vampires","player_choice":"Became a vampire","floor":20.0,"gold_loss":0.0,"damage_taken":0.0,"cards_obtained":["Bite","Bite","Bite","Bite","Bite"]},{"damage_healed":0.0,"max_hp_gain":0.0,"max_hp_loss":0.0,"gold_gain":0.0,"event_name":"Colosseum","player_choice":"Fight","floor":27.0,"gold_loss":0.0,"damage_taken":0.0},{"damage_healed":0.0,"max_hp_gain":0.0,"max_hp_loss":0.0,"gold_gain":0.0,"event_name":"Colosseum","player_choice":"Fought Nobs","floor":27.0,"gold_loss":0.0,"damage_taken":0.0},{"damage_healed":0.0,"max_hp_gain":0.0,"max_hp_loss":0.0,"gold_gain":0.0,"event_name":"Upgrade Shrine","player_choice":"Upgraded","floor":29.0,"gold_loss":0.0,"damage_taken":0.0,"cards_upgraded":["Fiend Fire"]},{"cards_removed":["Bite"],"damage_healed":0.0,"max_hp_gain":0.0,"max_hp_loss":0.0,"gold_gain":0.0,"event_name":"Falling","player_choice":"Removed Attack","floor":36.0,"gold_loss":0.0,"damage_taken":0.0},{"damage_healed":0.0,"max_hp_gain":0.0,"max_hp_loss":0.0,"gold_gain":0.0,"event_name":"SensoryStone","player_choice":"Memory 1","floor":38.0,"gold_loss":0.0,"damage_taken":0.0}],"is_beta":false,"boss_relics":[{"not_picked":["Philosopher\u0027s Stone","Coffee Dripper"],"picked":"Runic Pyramid"},{"not_picked":["Orrery","Runic Dome"],"picked":"Busted Crown"}],"items_purged_floors":[],"is_endless":false,"potions_floor_spawned":[3,6,10,13,18,25,27,30,31,35,42,44],"ascension_level":9}