{"gold_per_floor":[110,128,88,88,88,114,114,141,192,192,209,209,227,246,246,323,373,391,391,404,31,42,42,70,70,70,87,98,98,110,126,126,126],"floor_reached":33,"playtime":1454,"items_purged":[],"score":532,"play_id":"a7e881aa-3fef-4a79-9011-d29f1b4a4df2","local_time":"20180813161007","is_ascension_mode":true,"campfire_choices":[{"floor":10,"key":"REST"},{"data":"Shockwave","floor":12,"key":"SMITH"},{"data":"Flame Barrier","floor":15,"key":"SMITH"},{"floor":23,"key":"REST"},{"data":"Immolate","floor":25,"key":"SMITH"},{"floor":32,"key":"REST"}],"neow_cost":"NONE","seed_source_timestamp":25491477096270,"circlet_count":0,"master_deck":["Strike_R","Strike_R","Strike_R","Strike_R+1","Defend_R","Defend_R","Defend_R","Defend_R","Bash","AscendersBane","Body Slam+1","Reckless Charge","Metallicize","Immolate+1","Shockwave+1","Flame Barrier+1","Offering","Battle Trance","Clothesline","Inflame","Shrug It Off","Shrug It Off+1","Clothesline+1"],"relics":["Burning Blood","NeowsBlessing","Pen Nib","Ancient Tea Set","Ornamental Fan","Boot","Tiny House","Calipers","Molten Egg 2","Oddly Smooth Stone"],"potions_floor_usage":[8,8,24,30,33,33],"damage_taken":[{"damage":0,"enemies":"Cultist","floor":1,"turns":1},{"damage":0,"enemies":"Small Slimes","floor":2,"turns":1},{"damage":0,"enemies":"Lagavulin","floor":6,"turns":1},{"damage":13,"enemies":"Gremlin Nob","floor":8,"turns":3},{"damage":7,"enemies":"2 Louse","floor":11,"turns":3},{"damage":0,"enemies":"2 Fungi Beasts","floor":13,"turns":1},{"damage":8,"enemies":"Looter","floor":14,"turns":2},{"damage":60,"enemies":"The Guardian","floor":16,"turns":17},{"damage":9,"enemies":"Spheric Guardian","floor":18,"turns":4},{"damage":23,"enemies":"2 Thieves","floor":20,"turns":4},{"damage":9,"enemies":"3 Cultists","floor":22,"turns":4},{"damage":24,"enemies":"Gremlin Leader","floor":24,"turns":5},{"damage":0,"enemies":"Snecko","floor":27,"turns":4},{"damage":21,"enemies":"Snake Plant","floor":28,"turns":4},{"damage":29,"enemies":"Sentry and Sphere","floor":30,"turns":4},{"damage":6,"enemies":"Snecko","floor":31,"turns":4},{"damage":53,"enemies":"Champ","floor":33,"turns":10}],"seed_played":"-4576446114105246365","potions_obtained":[{"floor":1,"key":"AttackPotion"},{"floor":2,"key":"PowerPotion"},{"floor":17,"key":"Strength Potion"},{"floor":22,"key":"Swift Potion"},{"floor":27,"key":"BloodPotion"},{"floor":31,"key":"Swift Potion"}],"is_trial":false,"path_per_floor":["M","M","$","?","?","E","?","E","T","R","M","R","M","M","R","B",null,"M","?","M","$","M","R","E","R","T","M","M","?","M","M","R"],"character_chosen":"IRONCLAD","items_purchased":["Reckless Charge","Calipers","Inflame"],"campfire_rested":3,"item_purchase_floors":[3,21,21],"current_hp_per_floor":[74,75,75,68,68,74,56,49,49,71,70,70,75,73,73,19,66,63,63,46,46,43,67,49,49,49,55,40,40,25,25,49,0],"gold":126,"neow_bonus":"THREE_ENEMY_KILL","is_prod":false,"is_daily":false,"chose_seed":false,"campfire_upgraded":3,"win_rate":0,"timestamp":1534173007,"path_taken":["M","M","$","?","?","E","?","E","T","R","M","R","M","M","R","BOSS","M","?","M","$","M","R","E","R","T","M","M","?","M","M","R","BOSS"],"build_version":"2018-08-09","purchased_purges":0,"victory":false,"max_hp_per_floor":[75,75,75,75,75,75,75,75,75,75,75,75,75,75,75,75,80,80,80,80,80,80,80,80,80,80,80,80,80,80,80,80,80],"card_choices":[{"not_picked":["Fire Breathing","Power Through","Sword Boomerang"],"picked":"SKIP","floor":1},{"not_picked":["Havoc","Infernal Blade"],"picked":"Body Slam","floor":2},{"not_picked":["Perfected Strike","Flex"],"picked":"Metallicize","floor":6},{"not_picked":["Havoc","Heavy Blade"],"picked":"Immolate","floor":8},{"not_picked":["Combust","Havoc"],"picked":"Shockwave","floor":11},{"not_picked":["Iron Wave","Thunderclap","Sword Boomerang"],"picked":"SKIP","floor":13},{"not_picked":["Twin Strike","Corruption"],"picked":"Flame Barrier","floor":14},{"not_picked":["Impervious","Limit Break"],"picked":"Offering","floor":16},{"not_picked":["Metallicize","Clash"],"picked":"Battle Trance","floor":17},{"not_picked":["Heavy Blade","Flame Barrier"],"picked":"Clothesline","floor":18},{"not_picked":["Clash","Iron Wave","Wild Strike"],"picked":"SKIP","floor":20},{"not_picked":["Pommel Strike","Rampage","Infernal Blade"],"picked":"SKIP","floor":22},{"not_picked":["Rage","Perfected Strike","Blood for Blood"],"picked":"SKIP","floor":24},{"not_picked":["Corruption","Pummel+1"],"picked":"Shrug It Off","floor":27},{"not_picked":["Ghostly Armor+1","Sword Boomerang+1"],"picked":"Shrug It Off+1","floor":28},{"not_picked":["Flex","Headbutt+1","Sword Boomerang+1"],"picked":"SKIP","floor":30},{"not_picked":["Clash+1","Reckless Charge+1"],"picked":"Clothesline+1","floor":31}],"player_experience":453778,"relics_obtained":[{"floor":6,"key":"Pen Nib"},{"floor":8,"key":"Ornamental Fan"},{"floor":9,"key":"Boot"},{"floor":24,"key":"Molten Egg 2"},{"floor":26,"key":"Oddly Smooth Stone"}],"event_choices":[{"event_name":"Golden Wing","player_choice":"Card Removal","floor":4,"damage_taken":0},{"event_name":"Living Wall","player_choice":"Grow","floor":5,"damage_taken":0},{"event_name":"Scrap Ooze","player_choice":"success","floor":7,"damage_taken":18},{"event_name":"Drug Dealer","player_choice":"Ignored","floor":19,"damage_taken":0},{"event_name":"Ghosts","player_choice":"Ignored","floor":29,"damage_taken":0}],"is_beta":false,"boss_relics":[{"not_picked":["Runic Cube","Runic Dome"],"picked":"Tiny House"}],"items_purged_floors":[],"is_endless":false,"potions_floor_spawned":[1,2,6,22,27,31],"killed_by":"Champ","ascension_level":15}