{"gold_per_floor":[117,47,47,222,192,192,218,218,218,252,272,289,299,78,78,78],"floor_reached":16,"playtime":598,"items_purged":["Doubt"],"score":158,"play_id":"77141280-c164-4920-99f3-e47895e83384","local_time":"20190725044916","is_ascension_mode":false,"campfire_choices":[{"data":"Neutralize","floor":6,"key":"SMITH"},{"data":"Escape Plan","floor":8,"key":"SMITH"},{"data":"Sucker Punch","floor":15,"key":"SMITH"}],"neow_cost":"NONE","seed_source_timestamp":221292945095663,"circlet_count":0,"master_deck":["Strike_G","Strike_G","Strike_G","Strike_G","Strike_G","Defend_G","Defend_G","Defend_G","Defend_G","Defend_G","Survivor","Neutralize+1","Acrobatics","Escape Plan+1","Backflip","Blur","Sucker Punch+1","Dodge and Roll"],"relics":["Ring of the Snake","NeowsBlessing","Regal Pillow","Pear","Mummified Hand","Vajra"],"potions_floor_usage":[13,16],"damage_taken":[{"damage":0,"enemies":"Jaw Worm","floor":1,"turns":1},{"damage":0,"enemies":"3 Sentries","floor":7,"turns":2},{"damage":0,"enemies":"Gremlin Nob","floor":10,"turns":1},{"damage":0,"enemies":"Small Slimes","floor":11,"turns":4},{"damage":2,"enemies":"Cultist","floor":12,"turns":5},{"damage":17,"enemies":"Gremlin Gang","floor":13,"turns":5},{"damage":49,"enemies":"Slime Boss","floor":16,"turns":11}],"seed_played":"4549899307209197137","potions_obtained":[{"floor":1,"key":"GamblersBrew"},{"floor":5,"key":"Explosive Potion"},{"floor":5,"key":"Swift Potion"}],"is_trial":false,"path_per_floor":["M","$","?","?","?","R","E","R","T","E","M","M","M","$","R","B"],"character_chosen":"THE_SILENT","items_purchased":["Escape Plan","Vajra"],"campfire_rested":0,"item_purchase_floors":[2,14],"current_hp_per_floor":[70,70,70,70,70,70,70,70,80,80,80,78,61,61,61,12],"gold":78,"neow_bonus":"THREE_ENEMY_KILL","is_prod":false,"is_daily":false,"chose_seed":false,"campfire_upgraded":3,"win_rate":0,"timestamp":1564022956,"path_taken":["M","$","?","?","?","R","E","R","T","E","?","M","M","$","R","BOSS"],"build_version":"2019-07-17","purchased_purges":1,"victory":false,"max_hp_per_floor":[70,70,70,70,70,70,70,70,80,80,80,80,80,80,80,80],"card_choices":[{"not_picked":["All Out Attack","Flechettes"],"picked":"Acrobatics","floor":1},{"not_picked":["Poisoned Stab","Dagger Throw"],"picked":"Backflip","floor":7},{"not_picked":["Dash","Outmaneuver"],"picked":"Blur","floor":10},{"not_picked":["Dash","Caltrops"],"picked":"Sucker Punch","floor":11},{"not_picked":["Prepared","Backstab"],"picked":"Dodge and Roll","floor":12},{"not_picked":["Blade Dance","Cloak And Dagger","Underhanded Strike"],"picked":"SKIP","floor":13}],"player_experience":112309,"relics_obtained":[{"floor":7,"key":"Regal Pillow"},{"floor":9,"key":"Pear"},{"floor":10,"key":"Mummified Hand"}],"event_choices":[{"damage_healed":0,"gold_gain":0,"player_choice":"Leave","damage_taken":0,"max_hp_gain":0,"max_hp_loss":0,"event_name":"The Cleric","floor":3,"gold_loss":0},{"damage_healed":0,"gold_gain":175,"player_choice":"AGREE","damage_taken":0,"max_hp_gain":0,"max_hp_loss":0,"event_name":"Liars Game","floor":4,"gold_loss":0,"cards_obtained":["Doubt"]},{"damage_healed":0,"gold_gain":0,"player_choice":"Bought 2 Potions","damage_taken":0,"max_hp_gain":0,"max_hp_loss":0,"event_name":"The Woman in Blue","floor":5,"gold_loss":0}],"is_beta":false,"boss_relics":[],"items_purged_floors":[14],"is_endless":false,"potions_floor_spawned":[1,11,12],"killed_by":"Slime Boss","ascension_level":0}