{"gold_per_floor":[115,133,133,133,145,145,145,145,171,205,205,6,6,16,16,16],"floor_reached":16,"playtime":546,"items_purged":[],"score":186,"play_id":"abd0aed9-3ee6-43c1-bac4-aefa11719f06","local_time":"20190106221252","is_ascension_mode":true,"campfire_choices":[{"data":"Zap","floor":6,"key":"SMITH"},{"floor":8,"key":"REST"},{"data":"Loop","floor":11,"key":"SMITH"},{"floor":13,"key":"REST"},{"data":"Capacitor","floor":15,"key":"SMITH"}],"neow_cost":"NONE","seed_source_timestamp":1467104379877410,"circlet_count":0,"master_deck":["AscendersBane","Strike_B","Strike_B","Defend_B+1","Defend_B","Defend_B+1","Defend_B","Zap+1","Dualcast","Electrodynamics","Loop+1","Capacitor+1","Turbo","Steam Power","Auto Shields"],"relics":["Cracked Core","Omamori","Bottled Tornado","Happy Flower"],"potions_floor_usage":[14],"damage_taken":[{"damage":2,"enemies":"Jaw Worm","floor":1,"turns":3},{"damage":10,"enemies":"Small Slimes","floor":2,"turns":5},{"damage":1,"enemies":"Cultist","floor":5,"turns":3},{"damage":16,"enemies":"3 Sentries","floor":10,"turns":4},{"damage":6,"enemies":"Looter","floor":14,"turns":3},{"damage":53,"enemies":"Hexaghost","floor":16,"turns":10}],"seed_played":"1767979959912468424","potions_obtained":[{"floor":10,"key":"Swift Potion"},{"floor":14,"key":"Explosive Potion"}],"is_trial":false,"path_per_floor":["M","M","?","?","M","R","?","R","T","E","R","$","R","M","R","B"],"character_chosen":"DEFECT","items_purchased":["Happy Flower","Steam Power"],"campfire_rested":2,"item_purchase_floors":[12,12],"current_hp_per_floor":[62,52,52,52,51,51,30,51,51,35,35,35,56,50,50,0],"gold":16,"neow_bonus":"ONE_RANDOM_RARE_CARD","is_prod":false,"is_daily":false,"chose_seed":false,"campfire_upgraded":3,"win_rate":0,"timestamp":1546809172,"path_taken":["M","M","?","?","?","R","?","R","T","E","R","$","R","M","R","BOSS"],"build_version":"2019-01-03v4","purchased_purges":0,"victory":false,"max_hp_per_floor":[71,71,71,71,71,71,71,71,71,71,71,71,71,71,71,71],"card_choices":[{"not_picked":["Redo","Rebound","Heatsinks"],"picked":"SKIP","floor":1},{"not_picked":["Steam Power","Redo"],"picked":"Loop","floor":2},{"not_picked":["Blizzard","Coolheaded"],"picked":"Capacitor","floor":5},{"not_picked":["Streamline","Self Repair"],"picked":"Turbo","floor":10},{"not_picked":["Melter","Compile Driver"],"picked":"Auto Shields","floor":14}],"player_experience":485185,"relics_obtained":[{"floor":9,"key":"Omamori"},{"floor":10,"key":"Bottled Tornado"}],"event_choices":[{"cards_removed":["Strike_B"],"damage_healed":0,"gold_gain":0,"player_choice":"Forget","damage_taken":0,"max_hp_gain":0,"max_hp_loss":0,"event_name":"Living Wall","floor":3,"gold_loss":0},{"cards_removed":["Strike_B"],"damage_healed":0,"gold_gain":0,"player_choice":"Offered Basic","damage_taken":0,"max_hp_gain":0,"max_hp_loss":0,"event_name":"Bonfire Elementals","floor":4,"gold_loss":0},{"damage_healed":0,"gold_gain":0,"player_choice":"Entered Light","damage_taken":21,"max_hp_gain":0,"max_hp_loss":0,"event_name":"Shining Light","floor":7,"gold_loss":0,"cards_upgraded":["Defend_B","Defend_B"]}],"is_beta":false,"boss_relics":[],"items_purged_floors":[],"is_endless":false,"potions_floor_spawned":[10,14],"killed_by":"Hexaghost","ascension_level":18}