{"gold_per_floor":[117,127,51,66,77,108,108,125,125,157,169,200,224,311,323,407,419,446,458,486,498,527,539,551],"floor_reached":24,"playtime":1352,"items_purged":[],"score":419,"play_id":"449dc76c-5b27-4154-83b8-ea39373e83ad","local_time":"20190128161431","is_ascension_mode":true,"campfire_choices":[{"floor":7,"key":"REST"},{"floor":11,"key":"REST"},{"floor":15,"key":"REST"},{"data":"Noxious Fumes","floor":23,"key":"SMITH"}],"neow_cost":"NONE","seed_source_timestamp":169142572860953,"circlet_count":0,"master_deck":["AscendersBane","Defend_G","Defend_G","Defend_G","Defend_G","Defend_G","Survivor","Neutralize","Leg Sweep","Noxious Fumes","Dodge and Roll","Crippling Poison","Adrenaline","PiercingWail","Noxious Fumes+1","Infinite Blades","Glass Knife","Blur","Concentrate","Distraction","Acrobatics+1","Bite","Bite","Bite","Bite","Bite","Cloak And Dagger"],"relics":["Ring of the Snake","NeowsBlessing","Sundial","MawBank","Cursed Key"],"potions_floor_usage":[6,16,22,24],"damage_taken":[{"damage":0,"enemies":"Small Slimes","floor":1,"turns":1},{"damage":0,"enemies":"2 Louse","floor":2,"turns":1},{"damage":0,"enemies":"Jaw Worm","floor":4,"turns":1},{"damage":25,"enemies":"Lots of Slimes","floor":5,"turns":6},{"damage":24,"enemies":"Lagavulin","floor":6,"turns":11},{"damage":14,"enemies":"Large Slime","floor":8,"turns":8},{"damage":0,"enemies":"Looter","floor":10,"turns":5},{"damage":8,"enemies":"3 Louse","floor":12,"turns":3},{"damage":3,"enemies":"2 Fungi Beasts","floor":13,"turns":4},{"damage":28,"enemies":"Slime Boss","floor":16,"turns":10},{"damage":24,"enemies":"Spheric Guardian","floor":18,"turns":6},{"damage":0,"enemies":"3 Byrds","floor":20,"turns":5},{"damage":9,"enemies":"Centurion and Healer","floor":22,"turns":8},{"damage":55,"enemies":"Book of Stabbing","floor":24,"turns":7}],"seed_played":"6170883674640341414","potions_obtained":[{"floor":4,"key":"EssenceOfSteel"},{"floor":6,"key":"SteroidPotion"},{"floor":8,"key":"Energy Potion"},{"floor":12,"key":"Fire Potion"},{"floor":22,"key":"GhostInAJar"}],"is_trial":false,"path_per_floor":["M","M","$","M","M","E","R","M","T","M","R","M","M","?","R","B",null,"M","?","M","?","M","R","E"],"character_chosen":"THE_SILENT","items_purchased":["Noxious Fumes"],"campfire_rested":3,"item_purchase_floors":[3],"current_hp_per_floor":[59,59,59,59,34,10,29,15,15,15,34,26,23,12,31,3,50,26,26,26,26,41,41,0],"gold":551,"neow_bonus":"THREE_ENEMY_KILL","is_prod":false,"is_daily":false,"chose_seed":false,"campfire_upgraded":1,"win_rate":0,"timestamp":1548688471,"path_taken":["M","M","$","M","M","E","R","M","T","M","R","M","M","?","R","BOSS","M","?","M","?","?","R","E"],"build_version":"2019-01-23","purchased_purges":0,"victory":false,"max_hp_per_floor":[66,66,66,66,66,66,66,66,66,66,66,66,66,66,66,66,66,66,66,66,46,46,46,46],"card_choices":[{"not_picked":["Flying Knee","Poisoned Stab"],"picked":"Leg Sweep","floor":1},{"not_picked":["Sucker Punch","Acrobatics","Masterful Stab"],"picked":"SKIP","floor":2},{"not_picked":["Acrobatics","Quick Slash"],"picked":"Dodge and Roll","floor":4},{"not_picked":["Eviscerate","Distraction"],"picked":"Crippling Poison","floor":5},{"not_picked":["Bane","Bouncing Flask"],"picked":"Adrenaline","floor":6},{"not_picked":["Deflect","Flying Knee"],"picked":"PiercingWail","floor":8},{"not_picked":["Dodge and Roll","Quick Slash"],"picked":"Noxious Fumes","floor":10},{"not_picked":["Masterful Stab","Skewer","Finisher"],"picked":"SKIP","floor":12},{"not_picked":["Tactician","Concentrate"],"picked":"Infinite Blades","floor":13},{"not_picked":["Storm of Steel","Envenom"],"picked":"Glass Knife","floor":16},{"not_picked":["Prepared","Dagger Throw"],"picked":"Blur","floor":18},{"not_picked":["Dagger Throw","Cloak And Dagger+1"],"picked":"Acrobatics+1","floor":20},{"not_picked":["Dagger Spray+1","Deadly Poison"],"picked":"Cloak And Dagger","floor":22}],"player_experience":575322,"relics_obtained":[{"floor":6,"key":"Sundial"},{"floor":9,"key":"MawBank"}],"event_choices":[{"damage_healed":0,"gold_gain":75,"player_choice":"Gather Gold","damage_taken":11,"max_hp_gain":0,"max_hp_loss":0,"event_name":"World of Goop","floor":14,"gold_loss":0},{"damage_healed":0,"gold_gain":0,"cards_transformed":["Strike_G","Strike_G"],"player_choice":"Became Test Subject","damage_taken":0,"max_hp_gain":0,"max_hp_loss":0,"event_name":"Drug Dealer","floor":19,"gold_loss":0,"cards_obtained":["Concentrate","Distraction"]},{"damage_healed":0,"gold_gain":0,"player_choice":"Became a vampire","damage_taken":0,"max_hp_gain":0,"max_hp_loss":20,"event_name":"Vampires","floor":21,"gold_loss":0,"cards_obtained":["Bite","Bite","Bite","Bite","Bite"]}],"is_beta":false,"boss_relics":[{"not_picked":["White Beast Statue","Snecko Eye"],"picked":"Cursed Key"}],"items_purged_floors":[],"is_endless":false,"potions_floor_spawned":[4,6,8,12,22],"killed_by":"Book of Stabbing","ascension_level":19}