{"gold_per_floor":[114,132,132,132,207,207,53,53,53,23,57,57,119,130,130,206,206,126,126,126,83,83,83,83,83,83,83,83,83,83,83,83,83,83,83,83,83,83,8,8,8,8,8,8,8,8,8,8,8,8],"floor_reached":51,"playtime":3287,"items_purged":["Strike_G"],"score":1254,"play_id":"9586479f-b72b-4fcc-b7af-7647319bb98f","local_time":"20190114011918","is_ascension_mode":true,"campfire_choices":[{"data":"Neutralize","floor":6,"key":"SMITH"},{"data":"Glass Knife","floor":8,"key":"SMITH"},{"data":"After Image","floor":12,"key":"SMITH"},{"floor":15,"key":"REST"},{"data":"Cloak And Dagger","floor":23,"key":"SMITH"},{"floor":28,"key":"REST"},{"floor":32,"key":"REST"},{"floor":40,"key":"REST"},{"data":"Defend_G","floor":44,"key":"SMITH"},{"floor":46,"key":"REST"},{"floor":49,"key":"REST"}],"neow_cost":"NONE","seed_source_timestamp":80623558375884,"circlet_count":0,"master_deck":["AscendersBane","Defend_G","Defend_G","Defend_G","Defend_G+1","Defend_G","Strike_G","Strike_G","Strike_G","Survivor","Neutralize+1","Glass Knife+1","Cloak And Dagger+1","After Image+1","Blade Dance+1","Calculated Gamble+1","PiercingWail+1","Malaise+1","Infinite Blades+1","Dodge and Roll+1","Well Laid Plans+1","Blade Dance+1","PiercingWail+1","Noxious Fumes+1","Deadly Poison+1","Venomology+1","Outmaneuver+1","Madness+1","Madness+1","Impatience+1","Trip+1","After Image+1","Bane","Acrobatics+1","Cloak And Dagger+1","Dodge and Roll+1"],"relics":["Ring of the Snake","Ice Cream","Toxic Egg 2","Frozen Egg 2","Tiny Chest","Ectoplasm","Bottled Flame","MutagenicStrength","Darkstone Periapt","Bag of Marbles","Philosopher\u0027s Stone","Vajra","Question Card"],"potions_floor_usage":[11,13,18,33,33,42,45,50,50,50],"damage_taken":[{"damage":4,"enemies":"Cultist","floor":1,"turns":3},{"damage":0,"enemies":"2 Louse","floor":2,"turns":3},{"damage":11,"enemies":"3 Sentries","floor":11,"turns":9},{"damage":14,"enemies":"Gremlin Nob","floor":13,"turns":5},{"damage":5,"enemies":"Jaw Worm","floor":14,"turns":3},{"damage":41,"enemies":"Slime Boss","floor":16,"turns":22},{"damage":0,"enemies":"2 Thieves","floor":18,"turns":4},{"damage":1,"enemies":"Shell Parasite","floor":20,"turns":8},{"damage":2,"enemies":"Centurion and Healer","floor":24,"turns":8},{"damage":11,"enemies":"Gremlin Leader","floor":25,"turns":10},{"damage":10,"enemies":"Shelled Parasite and Fungi","floor":29,"turns":6},{"damage":2,"enemies":"3 Cultists","floor":30,"turns":6},{"damage":0,"enemies":"Cultist and Chosen","floor":31,"turns":5},{"damage":32,"enemies":"Automaton","floor":33,"turns":12},{"damage":0,"enemies":"3 Shapes","floor":35,"turns":6},{"damage":4,"enemies":"3 Darklings","floor":41,"turns":6},{"damage":16,"enemies":"Reptomancer","floor":42,"turns":7},{"damage":34,"enemies":"Jaw Worm Horde","floor":45,"turns":5},{"damage":0,"enemies":"Sphere and 2 Shapes","floor":48,"turns":5},{"damage":22,"enemies":"Donu and Deca","floor":50,"turns":11}],"seed_played":"-1295963215880676643","potions_obtained":[{"floor":10,"key":"Ancient Potion"},{"floor":10,"key":"Regen Potion"},{"floor":16,"key":"Strength Potion"},{"floor":20,"key":"SpeedPotion"},{"floor":24,"key":"SpeedPotion"},{"floor":27,"key":"Dexterity Potion"}],"is_trial":false,"path_per_floor":["M","M","T","?","?","R","$","R","T","?","E","R","E","M","R","B",null,"M","T","M","$","?","R","M","E","T","?","R","M","M","M","R","B",null,"M","?","?","?","$","R","M","E","T","R","M","R","$","M","R","B",null],"character_chosen":"THE_SILENT","items_purchased":["After Image","Well Laid Plans+1"],"campfire_rested":6,"item_purchase_floors":[7,21],"current_hp_per_floor":[55,55,55,55,44,44,44,44,44,44,48,48,34,29,48,7,51,51,51,50,50,50,50,48,37,37,37,56,46,44,44,63,31,57,57,45,40,40,40,59,55,39,39,39,5,24,24,24,43,21],"gold":8,"neow_bonus":"TRANSFORM_CARD","is_prod":false,"is_daily":false,"chose_seed":false,"campfire_upgraded":5,"win_rate":0,"timestamp":1547425158,"path_taken":["M","M","?","?","?","R","$","R","T","?","E","R","E","M","R","BOSS","M","?","M","$","?","R","M","E","T","?","R","M","?","M","R","BOSS","M","?","?","?","$","R","M","E","T","R","M","R","$","?","R","BOSS"],"build_version":"2019-01-10","purchased_purges":1,"victory":true,"max_hp_per_floor":[66,66,66,66,66,66,66,66,66,66,66,66,66,66,66,66,66,66,66,66,66,66,66,66,66,66,66,66,66,66,66,66,66,66,66,66,66,66,66,66,66,66,66,66,66,66,66,66,66,66],"card_choices":[{"not_picked":["Slice","Poisoned Stab","Acrobatics"],"picked":"SKIP","floor":1},{"not_picked":["Dodge and Roll","Dagger Throw"],"picked":"Cloak And Dagger","floor":2},{"not_picked":["PiercingWail+1","Expertise+1"],"picked":"Blade Dance+1","floor":11},{"not_picked":["Dash","Finisher"],"picked":"Calculated Gamble+1","floor":13},{"not_picked":["Slice","Quick Slash"],"picked":"PiercingWail+1","floor":14},{"not_picked":["Unload","Glass Knife"],"picked":"Malaise+1","floor":16},{"not_picked":["Quick Slash","Blur+1"],"picked":"Infinite Blades+1","floor":18},{"not_picked":["Distraction+1","Masterful Stab"],"picked":"Dodge and Roll+1","floor":20},{"not_picked":["Acrobatics+1","Predator"],"picked":"Blade Dance+1","floor":24},{"not_picked":["Poisoned Stab","Eviscerate"],"picked":"PiercingWail+1","floor":25},{"not_picked":["Dagger Throw","Acrobatics+1"],"picked":"Noxious Fumes+1","floor":29},{"not_picked":["Poisoned Stab","Setup+1"],"picked":"Deadly Poison+1","floor":30},{"not_picked":["Expertise+1","Slice","Prepared+1"],"picked":"SKIP","floor":31},{"not_picked":["Adrenaline+1","Tools of the Trade+1"],"picked":"Venomology+1","floor":33},{"not_picked":["Bane","Deadly Poison+1"],"picked":"Outmaneuver+1","floor":35},{"not_picked":["Good Instincts+1","PanicButton+1"],"picked":"Impatience+1","floor":37},{"not_picked":["Good Instincts+1","Secret Technique+1"],"picked":"Trip+1","floor":37},{"not_picked":["Well Laid Plans+1","Sucker Punch"],"picked":"Bane","floor":41},{"not_picked":["PiercingWail+1","Tactician+1"],"picked":"Acrobatics+1","floor":42},{"not_picked":["Well Laid Plans+1","Flying Knee","Tactician+1"],"picked":"Cloak And Dagger+1","floor":45},{"not_picked":["Endless Agony","Outmaneuver+1","Poisoned Stab+1"],"picked":"Dodge and Roll+1","floor":48}],"player_experience":525577,"relics_obtained":[{"floor":3,"key":"Ice Cream"},{"floor":9,"key":"Toxic Egg 2"},{"floor":11,"key":"Frozen Egg 2"},{"floor":13,"key":"Tiny Chest"},{"floor":19,"key":"Bottled Flame"},{"floor":25,"key":"Darkstone Periapt"},{"floor":26,"key":"Bag of Marbles"},{"floor":42,"key":"Vajra"},{"floor":43,"key":"Question Card"}],"event_choices":[{"damage_healed":0,"gold_gain":0,"player_choice":"Ignored","damage_taken":0,"max_hp_gain":0,"max_hp_loss":0,"event_name":"Liars Game","floor":4,"gold_loss":0},{"damage_healed":0,"gold_gain":75,"player_choice":"Gather Gold","damage_taken":11,"max_hp_gain":0,"max_hp_loss":0,"event_name":"World of Goop","floor":5,"gold_loss":0},{"damage_healed":0,"gold_gain":0,"player_choice":"Bought 2 Potions","damage_taken":0,"max_hp_gain":0,"max_hp_loss":0,"event_name":"The Woman in Blue","floor":10,"gold_loss":0},{"damage_healed":0,"gold_gain":0,"player_choice":"Inject Mutagens","damage_taken":0,"relics_obtained":["MutagenicStrength"],"max_hp_gain":0,"max_hp_loss":0,"event_name":"Drug Dealer","floor":22,"gold_loss":0},{"damage_healed":0,"gold_gain":0,"player_choice":"Got Potions","damage_taken":0,"max_hp_gain":0,"max_hp_loss":0,"event_name":"Lab","floor":27,"gold_loss":0},{"damage_healed":0,"gold_gain":0,"player_choice":"Embrace Madness","damage_taken":12,"max_hp_gain":0,"max_hp_loss":0,"event_name":"Winding Halls","floor":36,"gold_loss":0,"cards_obtained":["Madness","Madness"]},{"damage_healed":0,"gold_gain":0,"player_choice":"Memory 2","damage_taken":5,"max_hp_gain":0,"max_hp_loss":0,"event_name":"SensoryStone","floor":37,"gold_loss":0},{"damage_healed":0,"gold_gain":0,"player_choice":"Copied","damage_taken":0,"max_hp_gain":0,"max_hp_loss":0,"event_name":"Duplicator","floor":38,"gold_loss":0,"cards_obtained":["After Image"]}],"is_beta":false,"boss_relics":[{"not_picked":["Calling Bell","Ring of the Serpent"],"picked":"Ectoplasm"},{"not_picked":["Busted Crown","Coffee Dripper"],"picked":"Philosopher\u0027s Stone"}],"items_purged_floors":[39],"is_endless":false,"potions_floor_spawned":[16,20,24,30,45,48],"ascension_level":17}