{"path_per_floor":["M","$","?","$","?","R","?","E","T","M","E","M","E","?","R","B",null,"M","M","M","$","?","E","R","E","T","E","?","?","$","M","R"],"character_chosen":"IRONCLAD","items_purchased":["Dropkick"],"gold_per_floor":[117,46,146,71,71,71,71,97,97,112,146,161,193,143,143,241,241,254,274,287,187,112,138,138,172,172,207,122,122,122,141,141],"floor_reached":33,"campfire_rested":0,"playtime":1788,"current_hp_per_floor":[80,80,80,80,73,73,73,79,79,80,72,77,58,58,58,60,80,75,77,76,76,76,65,65,67,67,69,69,69,69,71,71],"items_purged":["Strike_R","Defend_R"],"gold":141,"score":361,"play_id":"fef25be6-720b-4aa2-ab96-4997811ceb81","is_prod":false,"is_daily":false,"is_ascension_mode":true,"campfire_upgraded":4,"path_taken":["M","$","?","?","?","R","?","E","T","M","E","?","E","?","R","BOSS","M","M","?","$","?","E","R","E","T","E","?","?","?","M","R","BOSS"],"build_version":"2018-02-12-PROD1","purchased_purges":3,"victory":false,"master_deck":["Bash+1","Twin Strike+1","Dropkick","Dropkick+1","Offering+1","Hemokinesis+1","Flame Barrier+1","Flex","Armaments","Dropkick+1"],"max_hp_per_floor":[80,80,80,80,80,80,80,80,80,80,80,80,80,80,80,80,80,80,80,80,80,80,80,80,80,80,80,80,80,80,80,80],"relics":["Burning Blood","NeowsBlessing","Mummified Hand","Gambling Chip","Paper Frog","Self Forming Clay","Astrolabe","Gremlin Horn","Juzu Bracelet","Thread and Needle","Ginger","Charon\u0027s Ashes"],"card_choices":[{"not_picked":["Whirlwind","Flame Barrier"],"picked":"Twin Strike"},{"not_picked":["Intimidate","Sentinel"],"picked":"Dropkick"},{"not_picked":["Power Through","Sever Soul"],"picked":"Flex"},{"not_picked":["Rampage","Flex"],"picked":"Dropkick"}],"player_experience":116769,"potions_floor_usage":[13,16,33],"damage_taken":[{"damage":0,"enemies":"Cultist","floor":1,"turns":1},{"damage":0,"enemies":"Lagavulin","floor":8,"turns":1},{"damage":0,"enemies":"Blue Slaver","floor":10,"turns":1},{"damage":14,"enemies":"Gremlin Nob","floor":11,"turns":3},{"damage":1,"enemies":"2 Louse","floor":12,"turns":2},{"damage":25,"enemies":"3 Sentries","floor":13,"turns":8},{"damage":4,"enemies":"Slime Boss","floor":16,"turns":7},{"damage":11,"enemies":"Spheric Guardian","floor":18,"turns":4},{"damage":4,"enemies":"Shell Parasite","floor":19,"turns":1},{"damage":7,"enemies":"3 Cultists","floor":20,"turns":4},{"damage":17,"enemies":"Slavers","floor":23,"turns":3},{"damage":4,"enemies":"Gremlin Leader","floor":25,"turns":1},{"damage":4,"enemies":"Slavers","floor":27,"turns":1},{"damage":4,"enemies":"Centurion and Healer","floor":31,"turns":1},{"damage":71,"enemies":"Automaton","floor":33,"turns":8}],"event_choices":[{"event_name":"Golden Shrine","player_choice":"Pray","floor":3,"damage_taken":0},{"event_name":"Golden Wing","player_choice":"Card Removal","floor":5,"damage_taken":0},{"event_name":"Transmorgrifier","player_choice":"Transform","floor":7,"damage_taken":0},{"event_name":"The Cleric","player_choice":"Card Removal","floor":14,"damage_taken":0},{"event_name":"Beggar","player_choice":"Gave Gold","floor":22,"damage_taken":0},{"event_name":"Addict","player_choice":"Obtained Relic","floor":28,"damage_taken":0},{"event_name":"Transmorgrifier","player_choice":"Transform","floor":29,"damage_taken":0}],"boss_relics":[{"not_picked":["Ectoplasm","Cursed Key"],"picked":"Astrolabe"}],"potions_floor_spawned":[10,13,18],"seed_played":"-6654186043363768025","killed_by":"Automaton","ascension_level":1,"is_trial":false}