{"gold_per_floor":[116,132,18,33,51,51,81,81,81,93,107,127,44,119,119,194,194,205,205,155,155],"floor_reached":21,"playtime":1205,"items_purged":["Strike_G"],"score":357,"play_id":"e1a0af3c-2b45-47e8-8917-34ba6f911137","local_time":"20190128152546","is_ascension_mode":true,"campfire_choices":[{"data":"Neutralize","floor":6.0,"key":"SMITH"},{"floor":8.0,"key":"REST"},{"floor":15.0,"key":"REST"}],"neow_cost":"NONE","seed_source_timestamp":0,"circlet_count":0,"master_deck":["AscendersBane","Defend_G","Defend_G","Defend_G","Defend_G","Defend_G","Strike_G","Strike_G","Strike_G","Strike_G","Survivor","Neutralize+1","Backflip","Cloak And Dagger","Infinite Blades","Dodge and Roll","Cloak And Dagger","Cloak And Dagger","Bullet Time","Escape Plan","Noxious Fumes","Adrenaline","Dagger Spray+1","Dagger Throw+1"],"special_seed":0,"relics":["Ring of the Snake","NeowsBlessing","Molten Egg 2","Girya","White Beast Statue"],"potions_floor_usage":[18],"damage_taken":[{"damage":0.0,"enemies":"2 Louse","floor":1.0,"turns":1.0},{"damage":0.0,"enemies":"Jaw Worm","floor":2.0,"turns":1.0},{"damage":0.0,"enemies":"Small Slimes","floor":4.0,"turns":1.0},{"damage":25.0,"enemies":"Exordium Thugs","floor":5.0,"turns":10.0},{"damage":26.0,"enemies":"Gremlin Nob","floor":7.0,"turns":6.0},{"damage":1.0,"enemies":"3 Louse","floor":10.0,"turns":4.0},{"damage":3.0,"enemies":"Lots of Slimes","floor":11.0,"turns":6.0},{"damage":1.0,"enemies":"Red Slaver","floor":12.0,"turns":5.0},{"damage":27.0,"enemies":"The Guardian","floor":16.0,"turns":13.0},{"damage":25,"enemies":"Chosen","floor":18,"turns":9},{"damage":14,"enemies":"2 Thieves","floor":20,"turns":5},{"damage":27,"enemies":"Chosen and Byrds","floor":21,"turns":4}],"seed_played":"-724191373872645679","potions_obtained":[{"floor":2.0,"key":"GhostInAJar"},{"floor":7.0,"key":"Weak Potion"},{"floor":10.0,"key":"SkillPotion"},{"floor":16.0,"key":"GhostInAJar"},{"floor":18,"key":"Poison Potion"},{"floor":20,"key":"Fire Potion"}],"is_trial":false,"path_per_floor":["M","M","$","M","M","R","E","R","T","M","M","M","$","?","R","B",null,"M","?","M","M"],"character_chosen":"THE_SILENT","items_purchased":["Infinite Blades","Noxious Fumes"],"campfire_rested":2,"item_purchase_floors":[3,13],"current_hp_per_floor":[59,59,59,59,34,34,8,27,27,26,23,22,22,11,30,3,50,25,38,24,0],"gold":155,"neow_bonus":"THREE_ENEMY_KILL","is_prod":false,"is_daily":false,"chose_seed":false,"campfire_upgraded":1,"win_rate":0,"timestamp":1548685546,"path_taken":["M","M","$","M","M","R","E","R","T","M","M","M","$","?","R","BOSS","M","?","M","M"],"build_version":"2019-01-23","purchased_purges":1,"victory":false,"max_hp_per_floor":[66,66,66,66,66,66,66,66,66,66,66,66,66,66,66,66,66,66,66,66,66],"card_choices":[{"not_picked":["Quick Slash","Flying Knee"],"picked":"Backflip","floor":1.0},{"not_picked":["Deflect","Acrobatics"],"picked":"Cloak And Dagger","floor":2.0},{"not_picked":["Tactician","Poisoned Stab"],"picked":"Dodge and Roll","floor":4.0},{"not_picked":["Flying Knee","Blade Dance"],"picked":"Cloak And Dagger","floor":5.0},{"not_picked":["Leg Sweep","Dagger Throw"],"picked":"Cloak And Dagger","floor":7.0},{"not_picked":["Deflect","Outmaneuver"],"picked":"Bullet Time","floor":10.0},{"not_picked":["Backflip","Dagger Throw+1"],"picked":"Escape Plan","floor":11.0},{"not_picked":["Dodge and Roll","Flying Knee+1","Heel Hook+1"],"picked":"SKIP","floor":12.0},{"not_picked":["Grand Finale+1","Storm of Steel"],"picked":"Adrenaline","floor":16.0},{"not_picked":["Dagger Throw+1","PiercingWail"],"picked":"Dagger Spray+1","floor":18},{"not_picked":["Dodge and Roll","Outmaneuver"],"picked":"Dagger Throw+1","floor":20}],"player_experience":572588,"relics_obtained":[{"floor":7.0,"key":"Molten Egg 2"},{"floor":9.0,"key":"Girya"}],"event_choices":[{"damage_healed":0.0,"max_hp_gain":0.0,"max_hp_loss":0.0,"gold_gain":75.0,"event_name":"World of Goop","player_choice":"Gather Gold","floor":14.0,"gold_loss":0.0,"damage_taken":11.0},{"damage_healed":13,"gold_gain":0,"player_choice":"Heal","damage_taken":0,"max_hp_gain":0,"max_hp_loss":0,"event_name":"The Library","floor":19,"gold_loss":0}],"is_beta":false,"boss_relics":[{"not_picked":["Runic Dome","Calling Bell"],"picked":"White Beast Statue"}],"items_purged_floors":[3],"is_endless":false,"potions_floor_spawned":[2,7,10,16,18,20],"killed_by":"Chosen and Byrds","ascension_level":19}