{"gold_per_floor":[114,131,148,148,160,160,180,198,221,246,260,260,39,69,69,166,166,185,185,185,204,223,223,223],"floor_reached":24,"playtime":7596,"items_purged":[],"score":235,"play_id":"8508d9a6-1ab6-431c-88be-ff136aeaecee","local_time":"20191007004309","is_ascension_mode":false,"campfire_choices":[{"floor":6.0,"key":"REST"},{"floor":12.0,"key":"REST"},{"floor":15.0,"key":"REST"},{"floor":23,"key":"REST"}],"neow_cost":"NONE","seed_source_timestamp":0,"circlet_count":0,"master_deck":["Strike_B","Strike_B","Strike_B","Strike_B","Defend_B+1","Defend_B","Defend_B","Defend_B","Zap","Dualcast","Redo","Beam Cell","Glacier+1","Gash","Double Energy","Compile Driver","Gash","Lockon","Doom and Gloom","Creative AI","Capacitor","Seek","Ball Lightning+1","Self Repair"],"special_seed":0,"relics":["Cracked Core","Boot","Strawberry","Regal Pillow","War Paint","Eternal Feather"],"potions_floor_usage":[22,22],"damage_taken":[{"damage":0.0,"enemies":"Small Slimes","floor":1.0,"turns":3.0},{"damage":1.0,"enemies":"Jaw Worm","floor":2.0,"turns":3.0},{"damage":0.0,"enemies":"2 Louse","floor":3.0,"turns":2.0},{"damage":17.0,"enemies":"Exordium Thugs","floor":5.0,"turns":5.0},{"damage":17.0,"enemies":"3 Louse","floor":7.0,"turns":3.0},{"damage":1.0,"enemies":"Looter","floor":8.0,"turns":4.0},{"damage":13.0,"enemies":"3 Sentries","floor":10.0,"turns":11.0},{"damage":6.0,"enemies":"2 Fungi Beasts","floor":11.0,"turns":3.0},{"damage":26.0,"enemies":"Lagavulin","floor":14.0,"turns":5.0},{"damage":64.0,"enemies":"Slime Boss","floor":16.0,"turns":11.0},{"damage":29.0,"enemies":"Spheric Guardian","floor":18.0,"turns":5.0},{"damage":9.0,"enemies":"Chosen","floor":21.0,"turns":6.0},{"damage":18,"enemies":"Snecko","floor":22,"turns":6},{"damage":72,"enemies":"Gremlin Leader","floor":24,"turns":10}],"seed_played":"-7186460583021278111","potions_obtained":[{"floor":1.0,"key":"LiquidBronze"},{"floor":2.0,"key":"Energy Potion"},{"floor":8.0,"key":"Weak Potion"},{"floor":11.0,"key":"SmokeBomb"},{"floor":18.0,"key":"Poison Potion"},{"floor":21,"key":"Weak Potion"}],"is_trial":false,"path_per_floor":["M","M","M","?","M","R","M","M","T","E","M","R","$","E","R","B",null,"M","?","?","M","M","R","E"],"character_chosen":"DEFECT","items_purchased":["Doom and Gloom","Creative AI"],"campfire_rested":4,"item_purchase_floors":[13,13],"current_hp_per_floor":[82,81,81,74,57,81,64,63,70,57,51,89,89,63,89,25,89,60,43,43,34,16,71,0],"gold":223,"neow_bonus":"TEN_PERCENT_HP_BONUS","is_prod":false,"is_daily":false,"chose_seed":false,"campfire_upgraded":0,"win_rate":0.0,"timestamp":1570426989,"path_taken":["M","M","M","?","M","R","M","M","T","E","M","R","$","E","R","BOSS","M","?","?","M","M","R","E"],"build_version":"2019-07-17","purchased_purges":0,"victory":false,"max_hp_per_floor":[82,82,82,82,82,82,82,82,89,89,89,89,89,89,89,89,89,89,94,94,94,94,94,94],"card_choices":[{"not_picked":["White Noise","Barrage"],"picked":"Redo","floor":1.0},{"not_picked":["Ball Lightning","Reprogram"],"picked":"Beam Cell","floor":2.0},{"not_picked":["Sweeping Beam","Steam"],"picked":"Glacier","floor":3.0},{"not_picked":["Rainbow","Cold Snap"],"picked":"Gash","floor":5.0},{"not_picked":["Redo","Ball Lightning"],"picked":"Double Energy","floor":7.0},{"not_picked":["Redo","Coolheaded"],"picked":"Compile Driver","floor":8.0},{"not_picked":["Chaos","Tempest"],"picked":"Gash","floor":10.0},{"not_picked":["Stack","Leap"],"picked":"Lockon","floor":11.0},{"not_picked":["Chaos","Streamline"],"picked":"Capacitor","floor":14.0},{"not_picked":["All For One","Reboot"],"picked":"Seek","floor":16.0},{"not_picked":["Sweeping Beam","Redo"],"picked":"Ball Lightning+1","floor":18.0},{"not_picked":["Beam Cell","Sweeping Beam"],"picked":"Self Repair","floor":21},{"not_picked":["Consume","Redo","Streamline"],"picked":"SKIP","floor":22}],"player_experience":94997,"relics_obtained":[{"floor":9.0,"key":"Strawberry"},{"floor":10.0,"key":"Regal Pillow"},{"floor":14.0,"key":"War Paint"}],"event_choices":[{"damage_healed":0.0,"max_hp_gain":0.0,"max_hp_loss":0.0,"gold_gain":0.0,"event_name":"Scrap Ooze","player_choice":"Success","floor":4.0,"gold_loss":0.0,"damage_taken":7.0,"relics_obtained":["Boot"]},{"damage_healed":0.0,"max_hp_gain":5.0,"max_hp_loss":0.0,"gold_gain":0.0,"event_name":"Forgotten Altar","player_choice":"Shed Blood","floor":19.0,"gold_loss":0.0,"damage_taken":22.0},{"damage_healed":0.0,"max_hp_gain":0.0,"max_hp_loss":0.0,"gold_gain":0.0,"event_name":"Vampires","player_choice":"Ignored","floor":20.0,"gold_loss":0.0,"damage_taken":0.0}],"is_beta":false,"boss_relics":[{"not_picked":["Sozu","Calling Bell"],"picked":"Eternal Feather"}],"items_purged_floors":[],"is_endless":false,"potions_floor_spawned":[1,2,8,11,18,21],"killed_by":"Gremlin Leader","ascension_level":0}