{"path_per_floor":["M","M","M","$","?","E","R","E","T","M","R","M","R","$","R","B",null,"M","?","?","M","$","E","R","M","T","E","M"],"character_chosen":"THE_SILENT","items_purchased":["Snake Skull","Burst"],"gold_per_floor":[118,130,150,7,7,38,38,82,152,171,171,196,196,35,35,155,155,180,180,95,120,45,85,85,103,103,142,166],"floor_reached":29,"campfire_rested":3,"playtime":2080,"current_hp_per_floor":[62,62,61,61,46,20,38,22,22,22,22,20,20,20,38,2,63,61,61,61,61,61,29,47,49,49,32,21],"items_purged":["Strike_G"],"gold":166,"score":328,"play_id":"59c17772-da1e-43e6-9026-1f9b51a8c206","is_prod":false,"is_daily":false,"is_ascension_mode":true,"campfire_upgraded":2,"path_taken":["M","M","M","$","?","E","R","E","T","M","R","M","R","$","R","BOSS","M","?","?","M","$","E","R","M","T","E","M","E"],"build_version":"2018-02-15-PROD1","purchased_purges":1,"victory":false,"master_deck":["Defend_G","Defend_G","Defend_G","Defend_G","Strike_G","Strike_G","Strike_G","Survivor","Neutralize","Backflip","Caltrops","Cloak And Dagger","Bouncing Flask+1","Dodge and Roll","Catalyst+1","Burst+1","Burst","Outmaneuver","Bouncing Flask+1","Well Laid Plans"],"max_hp_per_floor":[63,63,63,63,63,63,63,63,63,63,63,63,63,63,63,63,63,63,63,63,63,63,63,63,63,63,63,63],"relics":["Ring of the Snake","Snake Skull","Golden Idol","Lantern","Tough Bandages","Kunai","The Specimen","Du-Vu Doll","Blood Vial","Frozen Egg 2","Dream Catcher"],"card_choices":[{"not_picked":["Prepared","Dagger Throw"],"picked":"Backflip"},{"not_picked":["Bane","Acrobatics"],"picked":"Caltrops"},{"not_picked":["Prepared","After Image"],"picked":"Cloak And Dagger"},{"not_picked":["Prepared","Poisoned Stab"],"picked":"Bouncing Flask"},{"not_picked":["Dagger Throw","Deadly Poison"],"picked":"Dodge and Roll"},{"not_picked":["Dodge and Roll","Blade Dance"],"picked":"Catalyst"},{"not_picked":["Storm of Steel","A Thousand Cuts"],"picked":"Burst"},{"not_picked":["Bane","Malaise"],"picked":"Outmaneuver"},{"not_picked":["Terror","Dagger Throw"],"picked":"Bouncing Flask"},{"not_picked":["Reflex","Burst"],"picked":"Well Laid Plans"}],"player_experience":164496,"potions_floor_usage":[16,18,29],"damage_taken":[{"damage":1,"enemies":"Jaw Worm","floor":1,"turns":5},{"damage":0,"enemies":"2 Louse","floor":2,"turns":2},{"damage":1,"enemies":"Cultist","floor":3,"turns":4},{"damage":26,"enemies":"3 Sentries","floor":6,"turns":12},{"damage":16,"enemies":"Lagavulin","floor":8,"turns":5},{"damage":0,"enemies":"Looter","floor":10,"turns":2},{"damage":2,"enemies":"2 Fungi Beasts","floor":12,"turns":4},{"damage":36,"enemies":"Slime Boss","floor":16,"turns":14},{"damage":2,"enemies":"Shell Parasite","floor":18,"turns":4},{"damage":0,"enemies":"Spheric Guardian","floor":21,"turns":2},{"damage":32,"enemies":"Slavers","floor":23,"turns":5},{"damage":0,"enemies":"Snecko","floor":25,"turns":3},{"damage":19,"enemies":"Gremlin Leader","floor":27,"turns":5},{"damage":13,"enemies":"Snake Plant","floor":28,"turns":3},{"damage":27,"enemies":"Slavers","floor":29,"turns":2}],"event_choices":[{"event_name":"Golden Idol","player_choice":"Take Damage","floor":5,"damage_taken":0},{"event_name":"Accursed Blacksmith","player_choice":"Forge","floor":19,"damage_taken":0},{"event_name":"Addict","player_choice":"Obtained Relic","floor":20,"damage_taken":0}],"boss_relics":[{"not_picked":["Ectoplasm","Calling Bell"],"picked":"The Specimen"}],"potions_floor_spawned":[2,8,10,16,23,28],"seed_played":"-989194122027455852","killed_by":"Slavers","ascension_level":4,"is_trial":false}