{"gold_per_floor":[112,130,130,140,152,178,178,188,188,188,205,205,205,215,215,294,294,307,307,307,326,351,351],"floor_reached":23,"playtime":1444,"items_purged":[],"score":401,"play_id":"85fefbaf-f0e8-4aa8-a27a-82c2375f2fba","local_time":"20190127235124","is_ascension_mode":true,"campfire_choices":[{"data":"Noxious Fumes","floor":7,"key":"SMITH"},{"floor":10,"key":"REST"},{"data":"Doppelganger","floor":12,"key":"SMITH"},{"data":"Catalyst","floor":15,"key":"SMITH"}],"neow_cost":"NONE","seed_source_timestamp":110061747824385,"circlet_count":0,"master_deck":["AscendersBane","Defend_G+1","Defend_G+1","Defend_G+1","Defend_G+1","Defend_G+1","Survivor","Neutralize","Doppelganger","Blade Dance","Backflip","Noxious Fumes+1","Infinite Blades","Dodge and Roll","Doppelganger+1","Catalyst+1","Bouncing Flask","Tools of the Trade","Backstab","Bite","Bite","Bite","Bite","Bite","Cloak And Dagger"],"relics":["Ring of the Snake","Incense Burner","StoneCalendar","Philosopher\u0027s Stone","Red Mask"],"potions_floor_usage":[22,23],"damage_taken":[{"damage":2,"enemies":"Jaw Worm","floor":1,"turns":5},{"damage":2,"enemies":"Cultist","floor":2,"turns":4},{"damage":1,"enemies":"2 Louse","floor":4,"turns":4},{"damage":22,"enemies":"Large Slime","floor":5,"turns":6},{"damage":19,"enemies":"3 Sentries","floor":6,"turns":8},{"damage":9,"enemies":"Blue Slaver","floor":8,"turns":5},{"damage":6,"enemies":"3 Louse","floor":11,"turns":4},{"damage":2,"enemies":"Large Slime","floor":14,"turns":7},{"damage":1,"enemies":"The Guardian","floor":16,"turns":7},{"damage":12,"enemies":"Spheric Guardian","floor":18,"turns":5},{"damage":14,"enemies":"Shell Parasite","floor":21,"turns":5},{"damage":32,"enemies":"Masked Bandits","floor":22,"turns":6},{"damage":53,"enemies":"Book of Stabbing","floor":23,"turns":6}],"seed_played":"-8224617105098935473","potions_obtained":[{"floor":2,"key":"Strength Potion"},{"floor":8,"key":"Regen Potion"},{"floor":14,"key":"EssenceOfSteel"}],"is_trial":false,"path_per_floor":["M","M","?","M","M","E","R","M","T","R","M","R","?","M","R","B",null,"M","?","?","M","?","E"],"character_chosen":"THE_SILENT","items_purchased":[],"campfire_rested":1,"item_purchase_floors":[],"current_hp_per_floor":[57,55,55,54,32,13,13,4,4,23,17,17,17,15,15,14,53,41,41,41,41,27,0],"gold":351,"neow_bonus":"ONE_RANDOM_RARE_CARD","is_prod":false,"is_daily":false,"chose_seed":false,"campfire_upgraded":3,"win_rate":0,"timestamp":1548629484,"path_taken":["M","M","?","M","M","E","R","M","T","R","M","R","?","?","R","BOSS","M","?","?","M","?","E"],"build_version":"2019-01-23","purchased_purges":0,"victory":false,"max_hp_per_floor":[66,66,66,66,66,66,66,66,66,66,66,66,66,66,66,66,66,66,66,46,46,46,46],"card_choices":[{"not_picked":["Deadly Poison","Slice"],"picked":"Blade Dance","floor":1},{"not_picked":["Deflect","Dodge and Roll"],"picked":"Backflip","floor":2},{"not_picked":["Blur","Finisher"],"picked":"Noxious Fumes","floor":4},{"not_picked":["Tactician","Backflip"],"picked":"Infinite Blades","floor":5},{"not_picked":["Concentrate","Dagger Throw"],"picked":"Dodge and Roll","floor":6},{"not_picked":["All Out Attack","Blade Dance"],"picked":"Doppelganger","floor":8},{"not_picked":["Slice","Backflip"],"picked":"Catalyst","floor":11},{"not_picked":["Deflect","Predator"],"picked":"Bouncing Flask","floor":14},{"not_picked":["Night Terror","Venomology"],"picked":"Tools of the Trade","floor":16},{"not_picked":["Infinite Blades","Expertise"],"picked":"Backstab","floor":18},{"not_picked":["Endless Agony+1","Tactician"],"picked":"Cloak And Dagger","floor":21}],"player_experience":568780,"relics_obtained":[{"floor":6,"key":"Incense Burner"},{"floor":9,"key":"StoneCalendar"},{"floor":22,"key":"Red Mask"}],"event_choices":[{"damage_healed":0,"gold_gain":0,"player_choice":"Ignored","damage_taken":0,"max_hp_gain":0,"max_hp_loss":0,"event_name":"Liars Game","floor":3,"gold_loss":0},{"cards_removed":["Strike_G"],"damage_healed":0,"gold_gain":0,"player_choice":"Card Removal","damage_taken":0,"max_hp_gain":0,"max_hp_loss":0,"event_name":"Wheel of Change","floor":13,"gold_loss":0},{"damage_healed":0,"gold_gain":0,"player_choice":"Simplicity","damage_taken":0,"max_hp_gain":0,"max_hp_loss":0,"event_name":"Back to Basics","floor":19,"gold_loss":0,"cards_upgraded":["Defend_G","Defend_G","Defend_G","Defend_G","Defend_G","Strike_G","Strike_G","Strike_G","Strike_G"]},{"damage_healed":0,"gold_gain":0,"player_choice":"Became a vampire","damage_taken":0,"max_hp_gain":0,"max_hp_loss":20,"event_name":"Vampires","floor":20,"gold_loss":0,"cards_obtained":["Bite","Bite","Bite","Bite","Bite"]},{"damage_healed":0,"gold_gain":0,"player_choice":"Fought Bandits","damage_taken":0,"max_hp_gain":0,"max_hp_loss":0,"event_name":"Masked Bandits","floor":22,"gold_loss":0}],"is_beta":false,"boss_relics":[{"not_picked":["Black Star","Lizard Tail"],"picked":"Philosopher\u0027s Stone"}],"items_purged_floors":[],"is_endless":false,"potions_floor_spawned":[2,8,14,16,21],"killed_by":"Book of Stabbing","ascension_level":19}