{"path_per_floor":["M","?","M","?","M","E","R","E","T","M","M","?","R","$","R","B",null,"M","?","$","M","M","R","M","R","T","?","R","M","M","M","R"],"character_chosen":"IRONCLAD","items_purchased":["Feed","Rampage","War Paint","Whirlwind"],"gold_per_floor":[118,68,85,185,199,228,228,257,281,298,308,388,388,4,4,102,102,120,120,82,97,109,109,126,126,126,41,41,55,73,87,87],"floor_reached":33,"campfire_rested":3,"playtime":3271,"current_hp_per_floor":[80,80,78,78,80,26,50,24,24,26,32,32,56,56,56,13,80,60,44,44,34,40,40,39,39,39,39,39,26,8,14,41],"items_purged":[],"gold":87,"play_id":"a20fbca5-c0b7-40d7-af0b-2849d138e466","is_prod":false,"is_daily":false,"is_ascension_mode":false,"campfire_upgraded":4,"path_taken":["M","?","M","?","M","E","R","E","T","M","M","?","R","$","R","BOSS","M","?","$","M","M","R","M","R","T","?","R","M","?","M","R","BOSS"],"build_version":"2018-01-25-PROD3","purchased_purges":2,"victory":false,"master_deck":["Strike_R","Strike_R","Strike_R","Defend_R","Defend_R+1","Defend_R","Bash","Rampage+1","Clothesline","Iron Wave","Brutality","Shrug It Off+1","Fire Breathing","Shrug It Off","Clash","Feed+1","Rampage","Berserk","Infernal Blade+1","Corruption+1","Dropkick+1","Rupture","Necronomicurse","Whirlwind+1","Armaments+1","Clash","Headbutt+1","Dropkick","Headbutt","Battle Trance+1"],"max_hp_per_floor":[80,80,80,80,80,80,80,80,80,80,80,80,80,80,80,80,80,80,80,80,80,80,80,84,84,84,84,84,88,88,92,92],"relics":["Burning Blood","Bag of Marbles","Dream Catcher","Pen Nib","War Paint","Astrolabe","Necronomicon","Toolbox","Anchor"],"card_choices":[{"not_picked":["Thunderclap","Cleave"],"picked":"Rampage"},{"not_picked":["Sever Soul","True Grit"],"picked":"Clothesline"},{"not_picked":["Intimidate","Cleave"],"picked":"Iron Wave"},{"not_picked":["Corruption","Second Wind"],"picked":"Reckless Charge"},{"not_picked":["Feel No Pain","Clothesline"],"picked":"Brutality"},{"not_picked":["Combust","Reckless Charge"],"picked":"Shrug It Off"},{"not_picked":["Blood for Blood","Combust"],"picked":"Fire Breathing"},{"not_picked":["Headbutt","Body Slam"],"picked":"Shrug It Off"},{"not_picked":["Whirlwind","Shrug It Off"],"picked":"Clash"},{"not_picked":["Fiend Fire","Impervious"],"picked":"Berserk"},{"not_picked":["Clash","Shrug It Off"],"picked":"Rupture"},{"not_picked":["Shockwave","Pummel"],"picked":"Armaments"},{"not_picked":["Bloodletting","Cleave"],"picked":"Clash"},{"not_picked":["True Grit","Iron Wave"],"picked":"Headbutt"},{"not_picked":["Rupture","Clothesline"],"picked":"Dropkick"},{"not_picked":["Rupture","Bludgeon"],"picked":"Headbutt"},{"not_picked":["Headbutt","Thunderclap"],"picked":"Battle Trance"}],"player_experience":5107,"potions_floor_usage":[21,33,33],"damage_taken":[{"damage":4,"enemies":"2 Louse","floor":1,"turns":3},{"damage":8,"enemies":"Jaw Worm","floor":3,"turns":3},{"damage":1,"enemies":"Cultist","floor":5,"turns":3},{"damage":60,"enemies":"3 Sentries","floor":6,"turns":9},{"damage":32,"enemies":"Lagavulin","floor":8,"turns":8},{"damage":4,"enemies":"2 Fungi Beasts","floor":10,"turns":3},{"damage":0,"enemies":"Looter","floor":11,"turns":3},{"damage":49,"enemies":"Hexaghost","floor":16,"turns":12},{"damage":26,"enemies":"Chosen","floor":18,"turns":6},{"damage":28,"enemies":"Shell Parasite","floor":21,"turns":5},{"damage":0,"enemies":"3 Cultists","floor":22,"turns":5},{"damage":11,"enemies":"Snecko","floor":24,"turns":5},{"damage":23,"enemies":"Chosen and Byrds","floor":29,"turns":8},{"damage":24,"enemies":"Snake Plant","floor":30,"turns":4},{"damage":4,"enemies":"Centurion and Healer","floor":31,"turns":9},{"damage":60,"enemies":"Automaton","floor":33,"turns":6}],"event_choices":[{"event_name":"The Cleric","player_choice":"Card Removal","floor":2,"damage_taken":0},{"event_name":"Wheel of Change","player_choice":"Gold","floor":4,"damage_taken":0},{"event_name":"Golden Wing","player_choice":"Gained Gold","floor":12,"damage_taken":0},{"event_name":"Cursed Tome","player_choice":"Obtained Book","floor":19,"damage_taken":0},{"event_name":"Addict","player_choice":"Obtained Relic","floor":27,"damage_taken":0}],"boss_relics":[{"not_picked":["Mark of Pain","Ectoplasm"],"picked":"Astrolabe"}],"potions_floor_spawned":[1,8,10,11,21,22,24,31],"seed_played":"2686594579148200417","killed_by":"Automaton","ascension_level":0,"is_trial":false}