{"gold_per_floor":[111,111,72,72,72,84,116,127,127,154,172,32,32,60,60,160,210,194,205,205,205,220,248,259,133,133,164,181,181,194,205,205,309,309,322,322,335,35,51,79,134,148,175,175,3,3,34,53,53,53],"floor_reached":51,"playtime":15061,"items_purged":[],"score":817,"play_id":"a142d1be-35c5-43ec-a88b-b082b80baafb","local_time":"20191008234312","is_ascension_mode":false,"campfire_choices":[{"floor":13.0,"key":"REST"},{"floor":15.0,"key":"REST"},{"floor":29.0,"key":"REST"},{"floor":32.0,"key":"REST"},{"data":"Catalyst","floor":49,"key":"SMITH"}],"neow_cost":"NONE","seed_source_timestamp":0,"circlet_count":0,"master_deck":["Strike_G","Strike_G","Strike_G","Strike_G","Defend_G","Defend_G","Defend_G","Defend_G","Survivor","Neutralize","Backflip","Caltrops","Backflip","PiercingWail+1","Predator","Catalyst+1","Well Laid Plans","Deadly Poison","Footwork","Bane","Deadly Poison","Night Terror","Prepared","Prepared+1","Calculated Gamble","Quick Slash","Bane","Burst","Blur","Prepared","Deflect+1","Deadly Poison","Quick Slash+1","Endless Agony+1","Bullet Time","Skewer+1","Acrobatics+1","Catalyst+1","Expertise","Secret Technique","Backflip+1"],"special_seed":0,"relics":["Ring of the Snake","Bronze Scales","Ornamental Fan","FossilizedHelix","Gremlin Horn","Happy Flower","Tiny House","Ninja Scroll","Bag of Marbles","Mummified Hand","Philosopher\u0027s Stone","Lantern","Pen Nib","Regal Pillow","Shovel","Snake Skull","Ginger"],"potions_floor_usage":[50,50,50],"damage_taken":[{"damage":1.0,"enemies":"Cultist","floor":1.0,"turns":4.0},{"damage":0.0,"enemies":"2 Louse","floor":6.0,"turns":2.0},{"damage":24.0,"enemies":"Lagavulin","floor":7.0,"turns":12.0},{"damage":0.0,"enemies":"Small Slimes","floor":8.0,"turns":4.0},{"damage":11.0,"enemies":"3 Sentries","floor":10.0,"turns":8.0},{"damage":0.0,"enemies":"Blue Slaver","floor":11.0,"turns":4.0},{"damage":13.0,"enemies":"Gremlin Nob","floor":14.0,"turns":5.0},{"damage":9.0,"enemies":"Slime Boss","floor":16.0,"turns":10.0},{"damage":0.0,"enemies":"2 Thieves","floor":18.0,"turns":4.0},{"damage":0.0,"enemies":"Chosen","floor":19.0,"turns":4.0},{"damage":0.0,"enemies":"Snake Plant","floor":22.0,"turns":4.0},{"damage":0.0,"enemies":"Gremlin Leader","floor":23.0,"turns":4.0},{"damage":10.0,"enemies":"Centurion and Healer","floor":24.0,"turns":8.0},{"damage":30.0,"enemies":"Slavers","floor":27.0,"turns":8.0},{"damage":0.0,"enemies":"Chosen and Byrds","floor":28.0,"turns":6.0},{"damage":5.0,"enemies":"Shelled Parasite and Fungi","floor":30.0,"turns":5.0},{"damage":2.0,"enemies":"3 Cultists","floor":31.0,"turns":5.0},{"damage":57.0,"enemies":"Collector","floor":33.0,"turns":10.0},{"damage":0.0,"enemies":"3 Shapes","floor":35.0,"turns":4.0},{"damage":0.0,"enemies":"3 Darklings","floor":37.0,"turns":3.0},{"damage":5.0,"enemies":"Writhing Mass","floor":39.0,"turns":5.0},{"damage":0.0,"enemies":"Nemesis","floor":40.0,"turns":3.0},{"damage":0.0,"enemies":"2 Orb Walkers","floor":41.0,"turns":4.0},{"damage":0.0,"enemies":"Transient","floor":42.0,"turns":5.0},{"damage":1.0,"enemies":"Reptomancer","floor":47.0,"turns":3.0},{"damage":0.0,"enemies":"Jaw Worm Horde","floor":48.0,"turns":1.0},{"damage":32,"enemies":"Time Eater","floor":50,"turns":7}],"seed_played":"999365017169148940","potions_obtained":[{"floor":6.0,"key":"EssenceOfSteel"},{"floor":8.0,"key":"Swift Potion"},{"floor":14.0,"key":"Weak Potion"},{"floor":16.0,"key":"EssenceOfSteel"},{"floor":17.0,"key":"AttackPotion"},{"floor":19.0,"key":"FearPotion"},{"floor":22.0,"key":"Swift Potion"},{"floor":23.0,"key":"PowerPotion"},{"floor":31.0,"key":"Explosive Potion"},{"floor":33.0,"key":"Strength Potion"},{"floor":41.0,"key":"Energy Potion"},{"floor":42.0,"key":"EssenceOfSteel"},{"floor":47.0,"key":"SteroidPotion"},{"floor":48,"key":"LiquidBronze"}],"is_trial":false,"path_per_floor":["M","?","$","?","?","M","E","M","T","E","M","$","R","E","R","B",null,"M","M","?","?","M","E","M","$","T","E","M","R","M","M","R","B",null,"M","?","M","$","M","E","?","M","T","?","$","?","E","M","R","B",null],"character_chosen":"THE_SILENT","items_purchased":["Caltrops","Deadly Poison","Footwork","Bane","Blur","Prepared","Lantern","Pen Nib","Secret Technique"],"campfire_rested":4,"item_purchase_floors":[3,12,12,12,25,25,38,38,45],"current_hp_per_floor":[69,69,69,69,69,69,45,45,45,34,34,34,55,42,63,54,75,75,75,75,75,75,75,65,65,65,35,35,57,52,50,72,15,75,75,75,75,75,70,70,70,70,70,70,70,70,69,69,69,37],"gold":53,"neow_bonus":"RANDOM_COMMON_RELIC","is_prod":false,"is_daily":false,"chose_seed":false,"campfire_upgraded":1,"win_rate":0.0,"timestamp":1570596192,"path_taken":["M","?","$","?","?","?","E","M","T","E","M","$","R","E","R","BOSS","M","M","?","?","M","E","M","$","T","E","M","R","?","M","R","BOSS","M","?","?","$","M","E","?","M","T","?","$","?","E","M","R","BOSS"],"build_version":"2019-07-17","purchased_purges":0,"victory":true,"max_hp_per_floor":[70,70,70,70,70,70,70,70,70,70,70,70,70,70,70,70,75,75,75,75,75,75,75,75,75,75,75,75,75,75,75,75,75,75,75,75,75,75,75,75,75,75,75,75,75,75,75,75,75,75],"card_choices":[{"not_picked":["Finisher","Dodge and Roll"],"picked":"Backflip","floor":1.0},{"not_picked":["Prepared","Bane"],"picked":"Backflip","floor":6.0},{"not_picked":["Distraction","Slice"],"picked":"PiercingWail","floor":7.0},{"not_picked":["Flechettes","Sucker Punch"],"picked":"Predator","floor":8.0},{"not_picked":["Skewer","Riddle With Holes"],"picked":"Catalyst","floor":10.0},{"not_picked":["Outmaneuver","PiercingWail"],"picked":"Well Laid Plans","floor":11.0},{"not_picked":["Eviscerate","Escape Plan"],"picked":"Deadly Poison","floor":14.0},{"not_picked":["Envenom","Venomology"],"picked":"Night Terror","floor":16.0},{"not_picked":["Tactician","Outmaneuver"],"picked":"Prepared","floor":17.0},{"not_picked":["Underhanded Strike","PiercingWail"],"picked":"Prepared+1","floor":18.0},{"not_picked":["Deflect","Heel Hook","Slice"],"picked":"SKIP","floor":19.0},{"not_picked":["Caltrops","Finisher"],"picked":"Bane","floor":22.0},{"not_picked":["Poisoned Stab","Backflip"],"picked":"Burst","floor":23.0},{"not_picked":["Blade Dance","Backflip","Night Terror"],"picked":"SKIP","floor":24.0},{"not_picked":["Reflex","Dagger Spray"],"picked":"Deflect+1","floor":27.0},{"not_picked":["Dagger Spray","All Out Attack"],"picked":"Deadly Poison","floor":28.0},{"not_picked":["Outmaneuver","Distraction"],"picked":"Quick Slash+1","floor":30.0},{"not_picked":["Dagger Throw+1","Footwork"],"picked":"Endless Agony+1","floor":31.0},{"not_picked":["Burst","Venomology"],"picked":"Bullet Time","floor":33.0},{"not_picked":["Blade Dance+1","Endless Agony"],"picked":"Skewer+1","floor":35.0},{"not_picked":["Dash+1","Blade Dance"],"picked":"Acrobatics+1","floor":37.0},{"not_picked":["Caltrops","Acrobatics+1","Slice"],"picked":"SKIP","floor":39.0},{"not_picked":["Outmaneuver","Sucker Punch"],"picked":"Catalyst","floor":40.0},{"not_picked":["Terror","Sucker Punch+1"],"picked":"Expertise","floor":41.0},{"not_picked":["All Out Attack","Blade Dance+1","Acrobatics"],"picked":"SKIP","floor":42.0},{"not_picked":["Flying Knee+1","Outmaneuver+1"],"picked":"Backflip+1","floor":47.0},{"not_picked":["All Out Attack+1","Prepared","Dodge and Roll"],"picked":"SKIP","floor":48}],"player_experience":118254,"relics_obtained":[{"floor":7.0,"key":"Ornamental Fan"},{"floor":9.0,"key":"FossilizedHelix"},{"floor":10.0,"key":"Gremlin Horn"},{"floor":14.0,"key":"Happy Flower"},{"floor":23.0,"key":"Ninja Scroll"},{"floor":26.0,"key":"Bag of Marbles"},{"floor":27.0,"key":"Mummified Hand"},{"floor":40.0,"key":"Regal Pillow"},{"floor":41.0,"key":"Shovel"},{"floor":43.0,"key":"Snake Skull"},{"floor":47.0,"key":"Ginger"}],"event_choices":[{"damage_healed":0.0,"max_hp_gain":0.0,"max_hp_loss":0.0,"gold_gain":0.0,"event_name":"Scrap Ooze","player_choice":"Fled","floor":2.0,"gold_loss":0.0,"damage_taken":0.0},{"damage_healed":0.0,"max_hp_gain":0.0,"max_hp_loss":0.0,"gold_gain":0.0,"event_name":"The Cleric","player_choice":"Leave","floor":4.0,"gold_loss":0.0,"damage_taken":0.0},{"cards_removed":["Defend_G"],"damage_healed":0.0,"max_hp_gain":0.0,"max_hp_loss":0.0,"gold_gain":0.0,"event_name":"Bonfire Elementals","player_choice":"Offered Basic","floor":5.0,"gold_loss":0.0,"damage_taken":0.0},{"damage_healed":0.0,"max_hp_gain":0.0,"max_hp_loss":0.0,"gold_gain":0.0,"event_name":"Beggar","player_choice":"Ignored","floor":20.0,"gold_loss":0.0,"damage_taken":0.0},{"damage_healed":0.0,"max_hp_gain":0.0,"max_hp_loss":0.0,"gold_gain":0.0,"event_name":"Match and Keep!","player_choice":"2 cards matched","floor":21.0,"gold_loss":0.0,"damage_taken":0.0,"cards_obtained":["Calculated Gamble","Quick Slash"]},{"damage_healed":0.0,"max_hp_gain":0.0,"max_hp_loss":0.0,"gold_gain":0.0,"event_name":"Accursed Blacksmith","player_choice":"Forge","floor":36.0,"gold_loss":0.0,"damage_taken":0.0,"cards_upgraded":["Catalyst"]},{"damage_healed":0.0,"max_hp_gain":0.0,"max_hp_loss":0.0,"gold_gain":0.0,"event_name":"Mysterious Sphere","player_choice":"Fight","floor":41.0,"gold_loss":0.0,"damage_taken":0.0},{"damage_healed":0.0,"max_hp_gain":0.0,"max_hp_loss":0.0,"gold_gain":0.0,"event_name":"SensoryStone","player_choice":"Memory 1","floor":44.0,"gold_loss":0.0,"damage_taken":0.0},{"cards_removed":["Strike_G"],"damage_healed":0.0,"max_hp_gain":0.0,"max_hp_loss":0.0,"gold_gain":0.0,"event_name":"Falling","player_choice":"Removed Attack","floor":46.0,"gold_loss":0.0,"damage_taken":0.0}],"is_beta":false,"boss_relics":[{"not_picked":["Coffee Dripper","Snecko Eye"],"picked":"Tiny House"},{"not_picked":["Runic Pyramid","Velvet Choker"],"picked":"Philosopher\u0027s Stone"}],"items_purged_floors":[],"is_endless":false,"potions_floor_spawned":[6,8,14,16,19,22,23,31,33,41,42,47,48],"ascension_level":0}