{"gold_per_floor":[15,34,50,66,66,100,151,161,161,161,173,173,201,211,211,211],"floor_reached":16,"playtime":1077,"items_purged":[],"score":171,"play_id":"df2ac325-a452-4fd2-a3df-7b0a5b2e0f0c","local_time":"20181210190122","is_ascension_mode":true,"campfire_choices":[{"floor":15,"key":"REST"}],"neow_cost":"NO_GOLD","seed_source_timestamp":2239957256913694,"circlet_count":0,"master_deck":["AscendersBane","Defend_G","Defend_G","Defend_G","Defend_G","Strike_G","Strike_G","Strike_G","Strike_G","Survivor","Neutralize","Flying Knee","Dash","Quick Slash","Blur","Quick Slash","Blur","Slice","Flying Knee","Backstab","Footwork"],"relics":["Ring of the Snake","Oddly Smooth Stone","Pen Nib","Ninja Scroll","Juzu Bracelet"],"potions_floor_usage":[6,8,16,16],"damage_taken":[{"damage":2,"enemies":"Cultist","floor":1,"turns":5},{"damage":3,"enemies":"2 Louse","floor":2,"turns":3},{"damage":14,"enemies":"Jaw Worm","floor":3,"turns":4},{"damage":5,"enemies":"Large Slime","floor":4,"turns":7},{"damage":3,"enemies":"Lagavulin","floor":6,"turns":5},{"damage":3,"enemies":"Gremlin Gang","floor":8,"turns":7},{"damage":0,"enemies":"Lots of Slimes","floor":11,"turns":4},{"damage":5,"enemies":"Gremlin Nob","floor":13,"turns":4},{"damage":3,"enemies":"Exordium Thugs","floor":14,"turns":5},{"damage":48,"enemies":"Hexaghost","floor":16,"turns":16}],"seed_played":"-7063751343689365596","potions_obtained":[{"floor":3,"key":"FearPotion"},{"floor":4,"key":"EssenceOfSteel"},{"floor":6,"key":"EssenceOfSteel"},{"floor":14,"key":"Swift Potion"}],"is_trial":false,"path_per_floor":["M","M","M","M","?","E","?","M","T","?","M","?","E","M","R","B"],"character_chosen":"THE_SILENT","items_purchased":[],"campfire_rested":1,"item_purchase_floors":[],"current_hp_per_floor":[61,58,44,39,14,11,11,8,8,8,8,31,26,23,44,0],"gold":211,"neow_bonus":"TRANSFORM_TWO_CARDS","is_prod":false,"is_daily":false,"chose_seed":false,"campfire_upgraded":0,"win_rate":0,"timestamp":1544464882,"path_taken":["M","M","M","?","?","E","?","M","T","?","?","?","E","M","R","BOSS"],"build_version":"2018-12-06","purchased_purges":0,"victory":false,"max_hp_per_floor":[70,70,70,70,70,70,70,70,70,70,70,70,70,70,70,70],"card_choices":[{"not_picked":["Quick Slash","Deflect"],"picked":"Dash","floor":1},{"not_picked":["Distraction","Masterful Stab"],"picked":"Quick Slash","floor":2},{"not_picked":["Blade Dance","Deadly Poison"],"picked":"Blur","floor":3},{"not_picked":["Outmaneuver","Blade Dance"],"picked":"Quick Slash","floor":4},{"not_picked":["Predator","Outmaneuver"],"picked":"Blur","floor":6},{"not_picked":["Backflip","Skewer"],"picked":"Slice","floor":8},{"not_picked":["Dagger Spray","Calculated Gamble"],"picked":"Flying Knee","floor":11},{"not_picked":["Endless Agony","Bouncing Flask"],"picked":"Backstab","floor":13},{"not_picked":["Dagger Throw","Outmaneuver"],"picked":"Footwork","floor":14}],"player_experience":306537,"relics_obtained":[{"floor":6,"key":"Pen Nib"},{"floor":13,"key":"Juzu Bracelet"}],"event_choices":[{"damage_healed":0,"gold_gain":0,"player_choice":"Success","damage_taken":25,"relics_obtained":["Oddly Smooth Stone"],"max_hp_gain":0,"max_hp_loss":0,"event_name":"Scrap Ooze","floor":5,"gold_loss":0},{"damage_healed":0,"gold_gain":51,"player_choice":"Gained Gold","damage_taken":0,"max_hp_gain":0,"max_hp_loss":0,"event_name":"Golden Wing","floor":7,"gold_loss":0},{"cards_removed":["Grand Finale"],"damage_healed":0,"gold_gain":0,"player_choice":"Gave Card","damage_taken":0,"relics_obtained":["Ninja Scroll"],"max_hp_gain":0,"max_hp_loss":0,"event_name":"WeMeetAgain","floor":10,"gold_loss":0},{"damage_healed":23,"gold_gain":0,"player_choice":"Banana","damage_taken":0,"max_hp_gain":0,"max_hp_loss":0,"event_name":"Big Fish","floor":12,"gold_loss":0}],"is_beta":false,"boss_relics":[],"items_purged_floors":[],"is_endless":false,"potions_floor_spawned":[3,4,6,14],"killed_by":"Hexaghost","ascension_level":10}