{"path_per_floor":["M","$","M","$","M","R","E","M","T","M","?","E","?","M","R","B",null,"M","?","?","?","M","R","M","E","T","R","M","M","E","$","R"],"character_chosen":"IRONCLAD","items_purchased":["Singing Bowl","Thunderclap","Pommel Strike","Regen Potion","Flex"],"gold_per_floor":[218,41,60,8,21,21,46,57,57,77,107,140,140,158,158,260,260,272,272,272,172,186,186,199,231,231,231,249,266,300,130,130],"floor_reached":33,"campfire_rested":1,"playtime":1966,"current_hp_per_floor":[80,80,80,80,82,82,71,77,77,77,77,65,70,81,81,48,93,63,63,63,63,49,49,41,30,30,30,37,39,20,20,49],"items_purged":["Strike_R"],"gold":130,"score":352,"play_id":"d45cfa88-a412-41eb-8689-7a64b5a0fe15","is_prod":false,"is_daily":false,"is_ascension_mode":true,"campfire_upgraded":4,"path_taken":["M","?","M","$","?","R","E","M","T","M","?","E","?","M","R","BOSS","M","?","?","?","M","R","M","E","T","R","M","M","E","$","R","BOSS"],"build_version":"2018-02-15-PROD1","purchased_purges":1,"victory":false,"master_deck":["Strike_R","Strike_R","Strike_R+1","Defend_R","Defend_R","Defend_R","Defend_R","Bash+1","Cleave","Thunderclap","Spot Weakness+1","Pommel Strike","Twin Strike","Rampage+1","Berserk+1","Shrug It Off","Flex","J.A.X.","Headbutt+1","Twin Strike+1","Shrug It Off","Flex"],"max_hp_per_floor":[80,80,80,80,82,82,84,84,84,86,86,86,91,93,93,93,93,93,93,93,93,93,93,95,95,95,95,95,97,99,99,99],"relics":["Burning Blood","Singing Bowl","Paper Frog","Magic Flower","Bag of Marbles","Runic Pyramid","Charon\u0027s Ashes","Whetstone","Blue Candle"],"card_choices":[{"not_picked":["Uppercut","Blood for Blood"],"picked":"Cleave"},{"not_picked":["Dual Wield","Barricade"],"picked":"Spot Weakness"},{"not_picked":["Evolve","Havoc"],"picked":"Twin Strike"},{"not_picked":["Wild Strike","Second Wind"],"picked":"Rampage"},{"not_picked":["Reaper","Immolate"],"picked":"Berserk"},{"not_picked":["Corruption","Whirlwind"],"picked":"Shrug It Off"},{"not_picked":["Fire Breathing","Second Wind"],"picked":"Headbutt"},{"not_picked":["Disarm","Headbutt"],"picked":"Twin Strike"},{"not_picked":["Heavy Blade","Feel No Pain"],"picked":"Shrug It Off"}],"player_experience":149925,"potions_floor_usage":[16,22,25,25,29,29,33],"damage_taken":[{"damage":6,"enemies":"Cultist","floor":1,"turns":3},{"damage":2,"enemies":"Jaw Worm","floor":3,"turns":3},{"damage":5,"enemies":"Small Slimes","floor":5,"turns":3},{"damage":19,"enemies":"3 Sentries","floor":7,"turns":5},{"damage":0,"enemies":"2 Fungi Beasts","floor":8,"turns":2},{"damage":11,"enemies":"Looter","floor":10,"turns":2},{"damage":21,"enemies":"Lagavulin","floor":12,"turns":5},{"damage":0,"enemies":"3 Louse","floor":14,"turns":1},{"damage":62,"enemies":"The Guardian","floor":16,"turns":7},{"damage":39,"enemies":"Shell Parasite","floor":18,"turns":5},{"damage":23,"enemies":"3 Byrds","floor":22,"turns":6},{"damage":19,"enemies":"Sentry and Sphere","floor":24,"turns":4},{"damage":40,"enemies":"Slavers","floor":25,"turns":5},{"damage":2,"enemies":"Chosen and Byrds","floor":28,"turns":6},{"damage":9,"enemies":"Slaver and Parasite","floor":29,"turns":5},{"damage":30,"enemies":"Gremlin Leader","floor":30,"turns":5},{"damage":76,"enemies":"Automaton","floor":33,"turns":8}],"event_choices":[{"event_name":"Dead Adventurer","player_choice":"Searched \u00272\u0027 times","floor":11,"damage_taken":0},{"event_name":"Big Fish","player_choice":"Donut","floor":13,"damage_taken":0},{"event_name":"The Library","player_choice":"Read","floor":19,"damage_taken":0},{"event_name":"Purifier","player_choice":"One Purge","floor":20,"damage_taken":0},{"event_name":"Drug Dealer","player_choice":"Got JAXXED","floor":21,"damage_taken":0}],"boss_relics":[{"not_picked":["Sozu","Ectoplasm"],"picked":"Runic Pyramid"}],"potions_floor_spawned":[1,12,14,16,24,25,28],"seed_played":"4408302011885554922","killed_by":"Automaton","ascension_level":2,"is_trial":false}