{"path_per_floor":["M","M","?","?","$","R","E","R","T","M","R","M","E","$","R","B",null,"M","$","T","M","$","R","E","R","T","E"],"character_chosen":"IRONCLAD","items_purchased":["Battle Trance"],"gold_per_floor":[118,132,132,132,19,19,44,44,44,63,63,79,112,12,12,112,112,130,130,130,140,15,15,41,41,88,122],"floor_reached":28,"campfire_rested":1,"playtime":1738,"current_hp_per_floor":[80,80,80,80,80,80,72,72,72,78,78,78,63,63,63,13,80,79,79,79,74,74,74,16,40,40,33],"items_purged":["Strike_R","Strike_R","Injury"],"gold":122,"score":288,"play_id":"bf3834dd-d5e5-49e1-b116-6d1d7699b7dd","is_prod":false,"is_daily":false,"is_ascension_mode":true,"campfire_upgraded":5,"path_taken":["M","M","?","?","$","R","E","R","T","?","R","M","E","$","R","BOSS","M","$","?","M","?","R","E","R","T","E","M"],"build_version":"2018-02-12-PROD1","purchased_purges":4,"victory":false,"master_deck":["Strike_R+1","Strike_R+1","Defend_R","Defend_R","Defend_R","Defend_R","Bash","Pommel Strike+1","Rampage+1","Spot Weakness+1","Battle Trance","Metallicize+1","Seeing Red+1","Heavy Blade","Offering","Shrug It Off+1","Iron Wave+1","Injury","Seeing Red+1"],"max_hp_per_floor":[80,80,80,80,80,80,80,80,80,80,80,80,80,80,80,80,80,80,80,80,80,80,80,80,80,80,80],"relics":["Burning Blood","Whetstone","Charon\u0027s Ashes","Toolbox","Cursed Key","Juzu Bracelet","Calipers","Ancient Tea Set","Prayer Wheel"],"card_choices":[{"not_picked":["Cleave","Searing Blow"],"picked":"Pommel Strike"},{"not_picked":["Sword Boomerang","Sever Soul"],"picked":"Rampage"},{"not_picked":["Feel No Pain","Pommel Strike"],"picked":"Metallicize"},{"not_picked":["Flame Barrier","Power Through"],"picked":"Seeing Red"},{"not_picked":["Blood for Blood","Fire Breathing"],"picked":"Heavy Blade"},{"not_picked":["Demon Form","Fiend Fire"],"picked":"Offering"},{"not_picked":["Thunderclap","Havoc"],"picked":"Shrug It Off"},{"not_picked":["Fire Breathing","Rampage"],"picked":"Iron Wave"},{"not_picked":["Blood for Blood","Bloodletting"],"picked":"Seeing Red"}],"player_experience":139050,"potions_floor_usage":[24,24,27],"damage_taken":[{"damage":6.0,"enemies":"Jaw Worm","floor":1.0,"turns":5.0},{"damage":1.0,"enemies":"Cultist","floor":2.0,"turns":3.0},{"damage":14,"enemies":"3 Sentries","floor":7,"turns":6},{"damage":0,"enemies":"Small Slimes","floor":10,"turns":2},{"damage":6,"enemies":"Exordium Thugs","floor":12,"turns":5},{"damage":21,"enemies":"Gremlin Nob","floor":13,"turns":4},{"damage":56,"enemies":"Hexaghost","floor":16,"turns":8},{"damage":7,"enemies":"Chosen","floor":18,"turns":3},{"damage":11,"enemies":"2 Thieves","floor":21,"turns":2},{"damage":73,"enemies":"Gremlin Leader","floor":24,"turns":7},{"damage":13,"enemies":"Slavers","floor":27,"turns":5},{"damage":37,"enemies":"Chosen and Byrds","floor":28,"turns":5}],"event_choices":[{"event_name":"Purifier","player_choice":"One Purge","floor":3.0,"damage_taken":0.0},{"event_name":"Match and Keep!","player_choice":"1 cards matched","floor":4.0,"damage_taken":0.0}],"boss_relics":[{"not_picked":["Ectoplasm","Lizard Tail"],"picked":"Cursed Key"}],"potions_floor_spawned":[7,12,18],"seed_played":"-6893250023468225174","killed_by":"Chosen and Byrds","ascension_level":2,"is_trial":false}