{"gold_per_floor":[119,294,294,304,189,189,203,218,244,285,309,333,345,373,385,495,507,531,570,600,239,259,285,285,319,319,183,198,217,248,261,261,361,361,379,391,61,81,93,125,141,167,167,185,210,226,226,226,226,226],"floor_reached":50,"playtime":5066,"items_purged":["Doubt","Strike_B","Strike_B","Strike_B"],"score":1019,"play_id":"beda1811-ab3b-4b6d-a188-922f9d6e4e67","local_time":"20190101165226","is_ascension_mode":true,"campfire_choices":[{"data":"Rip and Tear","floor":6.0,"key":"SMITH"},{"data":"Zap","floor":13.0,"key":"SMITH"},{"data":"Dualcast","floor":15.0,"key":"SMITH"},{"floor":24.0,"key":"REST"},{"data":"Apotheosis","floor":32.0,"key":"SMITH"},{"floor":49.0,"key":"RECALL"}],"neow_cost":"PERCENT_DAMAGE","seed_source_timestamp":1010019439809545,"circlet_count":0,"master_deck":["AscendersBane","Defend_B","Defend_B","Defend_B","Zap+1","Dualcast+1","Rip and Tear+1","Self Repair","Self Repair","All For One","Turbo","FTL","FTL","Machine Learning","Gash","White Noise","Turbo+1","Apotheosis+1","Go for the Eyes","Reprogram","Ball Lightning","Steam Power","Self Repair","Hologram","Steam+1","Undo","Go for the Eyes+1","Seek","Electrodynamics","White Noise+1","Reprogram","FTL","Hologram","White Noise","Force Field+1","Leap+1","Reprogram+1","Steam","Buffer"],"special_seed":0,"relics":["Cracked Core","MawBank","Bag of Preparation","Sozu","Red Mask","Strawberry","Smiling Mask","Bottled Lightning","DataDisk","Black Star","Frozen Eye","Meat on the Bone","Bottled Tornado","Juzu Bracelet","Dream Catcher","Boot","The Courier"],"potions_floor_usage":[],"damage_taken":[{"damage":0.0,"enemies":"2 Louse","floor":1.0,"turns":1.0},{"damage":0.0,"enemies":"Small Slimes","floor":4.0,"turns":2.0},{"damage":1.0,"enemies":"Cultist","floor":7.0,"turns":3.0},{"damage":1.0,"enemies":"2 Fungi Beasts","floor":8.0,"turns":2.0},{"damage":35.0,"enemies":"Lagavulin","floor":10.0,"turns":6.0},{"damage":18.0,"enemies":"Red Slaver","floor":11.0,"turns":3.0},{"damage":11.0,"enemies":"Exordium Thugs","floor":12.0,"turns":5.0},{"damage":0.0,"enemies":"Large Slime","floor":14.0,"turns":4.0},{"damage":19.0,"enemies":"Slime Boss","floor":16.0,"turns":7.0},{"damage":2.0,"enemies":"3 Byrds","floor":18.0,"turns":4.0},{"damage":7.0,"enemies":"Masked Bandits","floor":19.0,"turns":3.0},{"damage":12.0,"enemies":"2 Thieves","floor":20.0,"turns":3.0},{"damage":21.0,"enemies":"Snake Plant","floor":22.0,"turns":3.0},{"damage":63.0,"enemies":"Slavers","floor":23.0,"turns":6.0},{"damage":30.0,"enemies":"Book of Stabbing","floor":25.0,"turns":4.0},{"damage":0.0,"enemies":"Snecko","floor":28.0,"turns":3.0},{"damage":6.0,"enemies":"Shelled Parasite and Fungi","floor":29.0,"turns":4.0},{"damage":37.0,"enemies":"Gremlin Leader","floor":30.0,"turns":5.0},{"damage":0.0,"enemies":"Centurion and Healer","floor":31.0,"turns":3.0},{"damage":31.0,"enemies":"Champ","floor":33.0,"turns":7.0},{"damage":0.0,"enemies":"Orb Walker","floor":35.0,"turns":2.0},{"damage":2.0,"enemies":"3 Shapes","floor":36.0,"turns":3.0},{"damage":15.0,"enemies":"Jaw Worm Horde","floor":38.0,"turns":3.0},{"damage":35.0,"enemies":"3 Darklings","floor":39.0,"turns":2.0},{"damage":17.0,"enemies":"Reptomancer","floor":40.0,"turns":4.0},{"damage":7.0,"enemies":"Transient","floor":41.0,"turns":5.0},{"damage":3.0,"enemies":"Nemesis","floor":42.0,"turns":9.0},{"damage":0.0,"enemies":"4 Shapes","floor":44.0,"turns":3.0},{"damage":1.0,"enemies":"Reptomancer","floor":45.0,"turns":5.0},{"damage":0.0,"enemies":"Maw","floor":46.0,"turns":6.0},{"damage":89,"enemies":"Awakened One","floor":50,"turns":14}],"seed_played":"-4508726361277245992","potions_obtained":[{"floor":8.0,"key":"EntropicBrew"},{"floor":11.0,"key":"Fire Potion"},{"floor":16.0,"key":"Swift Potion"}],"is_trial":false,"path_per_floor":["M","?","?","M","$","R","M","M","T","E","M","M","R","M","R","B",null,"M","?","M","$","M","E","R","E","T","$","M","M","E","M","R","B",null,"M","M","$","M","M","E","M","E","T","M","E","M","?","?","R","B"],"character_chosen":"DEFECT","items_purchased":["Self Repair","Apotheosis","Go for the Eyes","Reprogram","Self Repair","Hologram","FTL","Hologram","Frozen Eye"],"campfire_rested":1,"item_purchase_floors":[5,21,21,21,27,27,37,37,37],"current_hp_per_floor":[50,50,75,75,75,75,75,74,74,53,49,52,52,66,66,61,72,75,75,75,75,71,29,53,43,43,43,63,82,75,82,82,81,82,82,82,82,82,57,70,82,82,82,82,82,82,82,82,82,0],"gold":226,"neow_bonus":"REMOVE_TWO","is_prod":false,"is_daily":false,"chose_seed":false,"campfire_upgraded":4,"win_rate":0,"timestamp":1546357946,"path_taken":["M","?","?","M","$","R","M","M","T","E","M","M","R","M","R","BOSS","M","?","M","$","M","E","R","E","T","$","M","M","E","M","R","BOSS","M","M","$","M","M","E","M","E","T","M","E","M","?","?","R","BOSS"],"build_version":"2018-12-20","purchased_purges":4,"victory":false,"max_hp_per_floor":[75,75,75,75,75,75,75,75,75,75,75,75,75,75,75,75,75,75,75,75,75,75,82,82,82,82,82,82,82,82,82,82,82,82,82,82,82,82,82,82,82,82,82,82,82,82,82,82,82,82],"card_choices":[{"not_picked":["Stack","Streamline"],"picked":"Rip and Tear","floor":1.0},{"not_picked":["Leap","Hello World"],"picked":"Self Repair","floor":4.0},{"not_picked":["Rebound","Stack"],"picked":"All For One","floor":7.0},{"not_picked":["Storm","Rebound"],"picked":"Turbo","floor":8.0},{"not_picked":["Sweeping Beam","Redo"],"picked":"FTL","floor":10.0},{"not_picked":["Steam","Melter","Storm"],"picked":"SKIP","floor":11.0},{"not_picked":["Meteor Strike","Steam","Melter"],"picked":"SKIP","floor":12.0},{"not_picked":["Cold Snap","Lockon"],"picked":"FTL","floor":14.0},{"not_picked":["Multi-Cast","Hyperbeam"],"picked":"Machine Learning","floor":16.0},{"not_picked":["Cold Snap","Ball Lightning"],"picked":"Gash","floor":18.0},{"not_picked":["Barrage","Fission"],"picked":"White Noise","floor":19.0},{"not_picked":["Static Discharge","Stack"],"picked":"Turbo+1","floor":20.0},{"not_picked":["Stack","Cold Snap"],"picked":"Ball Lightning","floor":22.0},{"not_picked":["Compile Driver+1","Fusion"],"picked":"Steam Power","floor":23.0},{"not_picked":["Redo+1","Sunder"],"picked":"Leap","floor":25.0},{"not_picked":["Chill","Beam Cell"],"picked":"Steam+1","floor":28.0},{"not_picked":["Cold Snap","Sweeping Beam"],"picked":"Undo","floor":29.0},{"not_picked":["Recycle","Doom and Gloom"],"picked":"Go for the Eyes+1","floor":30.0},{"not_picked":["Genetic Algorithm","Sweeping Beam"],"picked":"Seek","floor":31.0},{"not_picked":["Multi-Cast","Machine Learning"],"picked":"Electrodynamics","floor":33.0},{"not_picked":["Compile Driver+1","Beam Cell+1"],"picked":"White Noise+1","floor":35.0},{"not_picked":["Go for the Eyes","Steam+1"],"picked":"Reprogram","floor":36.0},{"not_picked":["Defragment","Compile Driver+1"],"picked":"White Noise","floor":38.0},{"not_picked":["Ball Lightning+1","Turbo+1"],"picked":"Force Field+1","floor":39.0},{"not_picked":["Stack+1","Cold Snap+1","Sweeping Beam"],"picked":"SKIP","floor":40.0},{"not_picked":["Stack","Storm"],"picked":"Leap+1","floor":41.0},{"not_picked":["Steam Power+1","Gash"],"picked":"Reprogram+1","floor":42.0},{"not_picked":["Meteor Strike","Coolheaded+1"],"picked":"Steam","floor":44.0},{"not_picked":["Chill","Compile Driver","Barrage+1"],"picked":"SKIP","floor":45.0},{"not_picked":["Rebound+1","Self Repair+1"],"picked":"Buffer","floor":46.0}],"player_experience":422563,"relics_obtained":[{"floor":9.0,"key":"MawBank"},{"floor":10.0,"key":"Bag of Preparation"},{"floor":19.0,"key":"Red Mask"},{"floor":23.0,"key":"Strawberry"},{"floor":25.0,"key":"Smiling Mask"},{"floor":26.0,"key":"Bottled Lightning"},{"floor":30.0,"key":"DataDisk"},{"floor":40.0,"key":"Meat on the Bone"},{"floor":40.0,"key":"Bottled Tornado"},{"floor":42.0,"key":"Juzu Bracelet"},{"floor":42.0,"key":"Dream Catcher"},{"floor":45.0,"key":"Boot"},{"floor":45.0,"key":"The Courier"}],"event_choices":[{"damage_healed":0.0,"max_hp_gain":0.0,"max_hp_loss":0.0,"gold_gain":175.0,"event_name":"Liars Game","player_choice":"AGREE","floor":2.0,"gold_loss":0.0,"damage_taken":0.0,"cards_obtained":["Doubt"]},{"damage_healed":25.0,"max_hp_gain":0.0,"max_hp_loss":0.0,"gold_gain":0.0,"event_name":"Big Fish","player_choice":"Banana","floor":3.0,"gold_loss":0.0,"damage_taken":0.0},{"damage_healed":0.0,"max_hp_gain":0.0,"max_hp_loss":0.0,"gold_gain":0.0,"event_name":"Masked Bandits","player_choice":"Fought Bandits","floor":19.0,"gold_loss":0.0,"damage_taken":0.0},{"damage_healed":0.0,"max_hp_gain":0.0,"max_hp_loss":0.0,"gold_gain":0.0,"event_name":"Tomb of Lord Red Mask","player_choice":"Ignored","floor":47.0,"gold_loss":0.0,"damage_taken":0.0},{"cards_removed":["Leap"],"damage_healed":0.0,"max_hp_gain":0.0,"max_hp_loss":0.0,"gold_gain":0.0,"event_name":"Falling","player_choice":"Removed Skill","floor":48.0,"gold_loss":0.0,"damage_taken":0.0}],"is_beta":false,"boss_relics":[{"not_picked":["Orrery","Velvet Choker"],"picked":"Sozu"},{"not_picked":["Snecko Eye","Runic Dome"],"picked":"Black Star"}],"items_purged_floors":[5,21,27,37],"is_endless":false,"potions_floor_spawned":[8,11,14,16,18,22,25,28,39,40,42,45],"killed_by":"Awakened One","ascension_level":11}