{"gold_per_floor":[119,136,25,35,46,46,76,76,76,106,106,141,141,161,161,238,238,238,238,238,238,238,238,238,238,238,238,238,238,238,238,238,238,238,238,238,238,238,63,63,63,0,0,0,0,0,0,0,0,0,0],"floor_reached":52,"playtime":5377,"items_purged":["Strike_G","Madness"],"score":1969,"play_id":"6fc3703d-bdc9-49df-b215-a958468cca63","local_time":"20190204024056","is_ascension_mode":true,"campfire_choices":[{"data":"Noxious Fumes","floor":6.0,"key":"SMITH"},{"data":"Neutralize","floor":8.0,"key":"SMITH"},{"data":"Footwork","floor":11.0,"key":"SMITH"},{"floor":15.0,"key":"REST"},{"floor":24.0,"key":"REST"},{"data":"Calculated Gamble","floor":29.0,"key":"SMITH"},{"data":"Bite","floor":32.0,"key":"SMITH"},{"data":"Reflex","floor":45,"key":"SMITH"},{"floor":49,"key":"REST"}],"neow_cost":"NONE","seed_source_timestamp":0,"circlet_count":0,"master_deck":["AscendersBane","Defend_G+1","Defend_G+1","Defend_G+1","Defend_G+1","Defend_G+1","Survivor","Neutralize+1","Dagger Throw","Noxious Fumes+1","Dagger Spray","Escape Plan","Backflip","Footwork+1","Adrenaline","Calculated Gamble+1","Tools of the Trade+1","Dash","Footwork+1","Distraction+1","Cloak And Dagger","Blur","Bite+1","Bite","Bite","Bite","After Image+1","Reflex+1","Footwork+1","Madness","Caltrops+1"],"special_seed":0,"relics":["Ring of the Snake","Strawberry","Frozen Egg 2","Tough Bandages","Regal Pillow","Gremlin Horn","Ectoplasm","Letter Opener","Ninja Scroll","Mummified Hand","Sozu","Anchor","Red Mask","Vajra","Blue Candle"],"potions_floor_usage":[50],"damage_taken":[{"damage":1.0,"enemies":"Jaw Worm","floor":1.0,"turns":5.0},{"damage":1.0,"enemies":"Cultist","floor":2.0,"turns":4.0},{"damage":0.0,"enemies":"2 Louse","floor":4.0,"turns":3.0},{"damage":0.0,"enemies":"2 Fungi Beasts","floor":5.0,"turns":3.0},{"damage":15.0,"enemies":"Lagavulin","floor":7.0,"turns":8.0},{"damage":8.0,"enemies":"3 Sentries","floor":10.0,"turns":7.0},{"damage":12.0,"enemies":"Gremlin Nob","floor":12.0,"turns":5.0},{"damage":1.0,"enemies":"Exordium Thugs","floor":14.0,"turns":4.0},{"damage":57.0,"enemies":"Slime Boss","floor":16.0,"turns":13.0},{"damage":1.0,"enemies":"Spheric Guardian","floor":18.0,"turns":6.0},{"damage":1.0,"enemies":"Chosen","floor":19.0,"turns":7.0},{"damage":0.0,"enemies":"Sentry and Sphere","floor":22.0,"turns":7.0},{"damage":25.0,"enemies":"Gremlin Leader","floor":23.0,"turns":10.0},{"damage":1.0,"enemies":"Book of Stabbing","floor":27.0,"turns":6.0},{"damage":3.0,"enemies":"Shelled Parasite and Fungi","floor":28.0,"turns":4.0},{"damage":0.0,"enemies":"Snake Plant","floor":30.0,"turns":5.0},{"damage":16.0,"enemies":"Automaton","floor":33.0,"turns":16.0},{"damage":0,"enemies":"3 Darklings","floor":35,"turns":4},{"damage":0,"enemies":"3 Shapes","floor":36,"turns":4},{"damage":5,"enemies":"Sphere and 2 Shapes","floor":37,"turns":8},{"damage":7,"enemies":"Giant Head","floor":40,"turns":13},{"damage":0,"enemies":"Writhing Mass","floor":44,"turns":9},{"damage":0,"enemies":"4 Shapes","floor":46,"turns":4},{"damage":36,"enemies":"Nemesis","floor":47,"turns":11},{"damage":27,"enemies":"Transient","floor":48,"turns":6},{"damage":79,"enemies":"Awakened One","floor":50,"turns":26},{"damage":0,"enemies":"Donu and Deca","floor":51,"turns":14}],"seed_played":"-1126705954517692716","potions_obtained":[{"floor":1.0,"key":"GhostInAJar"},{"floor":2.0,"key":"Block Potion"},{"floor":14.0,"key":"Poison Potion"},{"floor":16.0,"key":"LiquidBronze"},{"floor":22.0,"key":"Strength Potion"},{"floor":23.0,"key":"Dexterity Potion"}],"is_trial":false,"path_per_floor":["M","M","$","M","M","R","E","R","T","E","R","E","?","M","R","B",null,"M","M","$","?","M","E","R","?","T","E","M","R","M","?","R","B",null,"M","M","M","?","$","E","?","?","T","M","R","M","E","M","R","B","B",null],"character_chosen":"THE_SILENT","items_purchased":["Escape Plan","Caltrops+1"],"campfire_rested":3,"item_purchase_floors":[3,39],"current_hp_per_floor":[58,57,57,57,57,57,49,49,49,41,41,29,29,28,64,7,57,56,55,55,55,55,30,66,66,66,65,62,62,62,51,51,51,51,51,51,51,42,42,51,51,51,51,51,51,51,19,10,40,28,51],"gold":0,"neow_bonus":"TRANSFORM_CARD","is_prod":false,"is_daily":false,"chose_seed":false,"campfire_upgraded":6,"win_rate":0,"timestamp":1549244456,"path_taken":["M","M","$","M","M","R","E","R","T","E","R","E","?","?","R","BOSS","M","?","?","?","M","E","R","?","T","E","M","R","M","?","R","BOSS","M","M","M","?","$","E","?","?","T","M","R","M","E","M","R","BOSS","BOSS"],"build_version":"2019-01-23","purchased_purges":2,"victory":true,"max_hp_per_floor":[66,66,66,66,66,66,73,73,73,73,73,73,73,73,73,73,73,73,73,73,73,73,73,73,73,73,73,73,73,73,51,51,51,51,51,51,51,51,51,51,51,51,51,51,51,51,51,51,51,51,51],"card_choices":[{"not_picked":["Blur","Leg Sweep"],"picked":"Noxious Fumes","floor":1.0},{"not_picked":["Poisoned Stab","Riddle With Holes"],"picked":"Dagger Spray","floor":2.0},{"not_picked":["Bane","Dagger Throw","Blade Dance"],"picked":"SKIP","floor":4.0},{"not_picked":["Skewer","Distraction"],"picked":"Backflip","floor":5.0},{"not_picked":["Dagger Throw","Burst"],"picked":"Footwork","floor":7.0},{"not_picked":["Underhanded Strike","Endless Agony","Eviscerate"],"picked":"SKIP","floor":10.0},{"not_picked":["Bane","Sucker Punch"],"picked":"Adrenaline","floor":12.0},{"not_picked":["Bouncing Flask","Riddle With Holes"],"picked":"Calculated Gamble","floor":14.0},{"not_picked":["Wraith Form v2+1","Venomology"],"picked":"Tools of the Trade+1","floor":16.0},{"not_picked":["Sucker Punch","Expertise","Slice"],"picked":"SKIP","floor":18.0},{"not_picked":["Poisoned Stab","Flying Knee"],"picked":"Dash","floor":19.0},{"not_picked":["Sucker Punch","Crippling Poison"],"picked":"Footwork+1","floor":22.0},{"not_picked":["Dodge and Roll","Night Terror"],"picked":"Distraction+1","floor":23.0},{"not_picked":["Dagger Throw","Quick Slash","Bouncing Flask"],"picked":"SKIP","floor":27.0},{"not_picked":["Underhanded Strike","Backflip"],"picked":"Cloak And Dagger","floor":28.0},{"not_picked":["Bane","Dagger Throw"],"picked":"Blur","floor":30.0},{"not_picked":["Storm of Steel","Unload"],"picked":"After Image+1","floor":33.0},{"not_picked":["Eviscerate","Dagger Spray"],"picked":"Reflex","floor":35},{"not_picked":["Blade Dance","Deflect","Underhanded Strike"],"picked":"SKIP","floor":36},{"not_picked":["Choke","Bane"],"picked":"Footwork+1","floor":37},{"not_picked":["Blade Dance","Predator","Slice"],"picked":"SKIP","floor":40},{"not_picked":["Dagger Spray","Quick Slash+1","Prepared"],"picked":"SKIP","floor":44},{"not_picked":["Prepared","PiercingWail","Dagger Spray"],"picked":"SKIP","floor":46},{"not_picked":["Underhanded Strike","Accuracy+1","Sucker Punch+1"],"picked":"SKIP","floor":47},{"not_picked":["Dagger Spray","All Out Attack+1","Storm of Steel"],"picked":"SKIP","floor":48}],"player_experience":588862,"relics_obtained":[{"floor":7.0,"key":"Strawberry"},{"floor":9.0,"key":"Frozen Egg 2"},{"floor":10.0,"key":"Tough Bandages"},{"floor":12.0,"key":"Regal Pillow"},{"floor":23.0,"key":"Letter Opener"},{"floor":26.0,"key":"Ninja Scroll"},{"floor":27.0,"key":"Mummified Hand"},{"floor":40,"key":"Anchor"},{"floor":43,"key":"Vajra"},{"floor":47,"key":"Blue Candle"}],"event_choices":[{"damage_healed":0.0,"max_hp_gain":0.0,"max_hp_loss":0.0,"gold_gain":0.0,"event_name":"WeMeetAgain","player_choice":"Gave Potion","floor":13.0,"gold_loss":0.0,"damage_taken":0.0,"relics_obtained":["Gremlin Horn"]},{"damage_healed":0.0,"max_hp_gain":0.0,"max_hp_loss":0.0,"gold_gain":0.0,"event_name":"Back to Basics","player_choice":"Simplicity","floor":21.0,"gold_loss":0.0,"damage_taken":0.0,"cards_upgraded":["Defend_G","Defend_G","Defend_G","Defend_G","Defend_G","Strike_G","Strike_G","Strike_G"]},{"damage_healed":0.0,"max_hp_gain":0.0,"max_hp_loss":0.0,"gold_gain":0.0,"event_name":"Ghosts","player_choice":"Ignored","floor":25.0,"gold_loss":0.0,"damage_taken":0.0},{"damage_healed":0.0,"max_hp_gain":0.0,"max_hp_loss":22.0,"gold_gain":0.0,"event_name":"Vampires","player_choice":"Became a vampire","floor":31.0,"gold_loss":0.0,"damage_taken":0.0,"cards_obtained":["Bite","Bite","Bite","Bite","Bite"]},{"damage_healed":0,"gold_gain":0,"player_choice":"Embrace Madness","damage_taken":9,"max_hp_gain":0,"max_hp_loss":0,"event_name":"Winding Halls","floor":38,"gold_loss":0,"cards_obtained":["Madness","Madness"]},{"cards_removed":["Bite"],"damage_healed":0,"gold_gain":0,"player_choice":"Removed Attack","damage_taken":0,"max_hp_gain":0,"max_hp_loss":0,"event_name":"Falling","floor":41,"gold_loss":0},{"damage_healed":0,"gold_gain":0,"player_choice":"Paid","damage_taken":0,"relics_obtained":["Red Mask"],"max_hp_gain":0,"max_hp_loss":0,"event_name":"Tomb of Lord Red Mask","floor":42,"gold_loss":63}],"is_beta":false,"boss_relics":[{"not_picked":["Velvet Choker","Ring of the Serpent"],"picked":"Ectoplasm"},{"not_picked":["Coffee Dripper","Pandora\u0027s Box"],"picked":"Sozu"}],"items_purged_floors":[3,39],"is_endless":false,"potions_floor_spawned":[1,2,14,16,22,23,27,35,37,40,44],"ascension_level":20}