{"gold_per_floor":[111,38,38,56,56,81,81,98,146,178,196,1,1,35,35,136,136,153,153,153,35,35,35,35,35,35,35,65,65,85,114,114,210,210,228,228,48,64,64,64,14,14,14,14,14,14,14,32,32,32],"floor_reached":50,"playtime":1506,"items_purged":["Strike_R","Flex"],"score":873,"play_id":"5b23a8aa-dea0-4e9a-a3d2-12c40c593a75","local_time":"20191002205123","is_ascension_mode":true,"campfire_choices":[{"data":"Bash","floor":7.0,"key":"SMITH"},{"data":"Metallicize","floor":15.0,"key":"SMITH"},{"data":"Fiend Fire","floor":23,"key":"SMITH"},{"data":"J.A.X.","floor":25,"key":"SMITH"},{"data":"Immolate","floor":29,"key":"SMITH"},{"data":"Inflame","floor":32,"key":"SMITH"},{"data":"Offering","floor":40,"key":"SMITH"},{"data":"Inflame","floor":42,"key":"SMITH"},{"data":"Shockwave","floor":44,"key":"SMITH"},{"data":"Double Tap","floor":46,"key":"SMITH"},{"floor":49,"key":"REST"}],"neow_cost":"NONE","seed_source_timestamp":334911414043900,"circlet_count":0,"master_deck":["Defend_R","Defend_R","Defend_R","Defend_R","Bash+1","Clash","Shockwave+1","Immolate","Headbutt","Double Tap+1","Pommel Strike","Offering+1","Inflame+1","Metallicize+1","Immolate+1","Fiend Fire+1","J.A.X.+1","RitualDagger","Inflame+1","Bite","Bite","Bite","Bite","Bite","Feed","Warcry+1","Madness+1","Madness+1","Violence+1","Shrug It Off+1","PanicButton+1","Panacea+1","Shrug It Off+1","Offering+1"],"special_seed":0,"relics":["Burning Blood","NeowsBlessing","Smiling Mask","Anchor","Centennial Puzzle","Omamori","Vajra","Ancient Tea Set","White Beast Statue","Pear","Dodecahedron","Bottled Flame","Toxic Egg 2","Sozu","Torii"],"potions_floor_usage":[28,33,33,50],"damage_taken":[{"damage":0.0,"enemies":"Jaw Worm","floor":1.0,"turns":1.0},{"damage":0.0,"enemies":"Cultist","floor":4.0,"turns":1.0},{"damage":0.0,"enemies":"Gremlin Nob","floor":6.0,"turns":1.0},{"damage":0.0,"enemies":"2 Louse","floor":8.0,"turns":2.0},{"damage":10.0,"enemies":"3 Sentries","floor":10.0,"turns":5.0},{"damage":0.0,"enemies":"Large Slime","floor":11.0,"turns":4.0},{"damage":27.0,"enemies":"Lagavulin","floor":14.0,"turns":4.0},{"damage":6,"enemies":"Slime Boss","floor":16,"turns":4},{"damage":6,"enemies":"Chosen","floor":18,"turns":1},{"damage":16,"enemies":"Slavers","floor":28,"turns":2},{"damage":6,"enemies":"3 Byrds","floor":30,"turns":2},{"damage":9,"enemies":"Book of Stabbing","floor":31,"turns":1},{"damage":87,"enemies":"Automaton","floor":33,"turns":9},{"damage":0,"enemies":"3 Shapes","floor":35,"turns":1},{"damage":7,"enemies":"Orb Walker","floor":38,"turns":2},{"damage":7,"enemies":"Spire Growth","floor":48,"turns":3},{"damage":139,"enemies":"Awakened One","floor":50,"turns":9}],"seed_played":"1856594147445807613","potions_obtained":[{"floor":6.0,"key":"Energy Potion"},{"floor":8.0,"key":"SkillPotion"},{"floor":14.0,"key":"Fire Potion"},{"floor":18,"key":"Swift Potion"},{"floor":28,"key":"LiquidBronze"},{"floor":30,"key":"FairyPotion"},{"floor":31,"key":"Weak Potion"},{"floor":33,"key":"Regen Potion"}],"is_trial":false,"path_per_floor":["M","$","?","M","?","E","R","M","T","E","M","$","?","E","R","B",null,"M","?","?","$","?","R","?","R","T","?","E","R","M","E","R","B",null,"M","?","$","M","?","R","$","R","T","R","$","R","?","M","R","B"],"character_chosen":"IRONCLAD","items_purchased":["Shockwave","Vajra","Metallicize","Inflame","Violence+1"],"campfire_rested":1,"item_purchase_floors":[2,12,12,21,37],"current_hp_per_floor":[78,78,78,80,68,74,74,80,80,76,80,80,80,59,59,61,75,77,77,71,71,71,71,71,71,81,81,75,75,79,76,76,15,71,77,66,66,67,62,62,62,62,62,62,62,62,62,67,90,0],"gold":32,"neow_bonus":"THREE_ENEMY_KILL","is_prod":false,"is_daily":false,"chose_seed":false,"campfire_upgraded":10,"win_rate":0,"timestamp":1570042283,"path_taken":["M","$","?","?","?","E","R","M","T","E","M","$","?","E","R","BOSS","M","?","?","?","?","R","?","R","T","?","E","R","?","E","R","BOSS","M","?","$","M","?","R","?","R","T","R","$","R","?","?","R","BOSS"],"build_version":"2019-07-17","purchased_purges":2,"victory":false,"max_hp_per_floor":[80,80,80,80,80,80,80,80,80,80,80,80,80,80,80,80,80,80,80,80,80,80,80,80,80,90,90,90,90,90,90,90,90,90,90,90,90,90,90,90,90,90,90,90,90,90,90,90,90,90],"card_choices":[{"not_picked":["Dual Wield","Wild Strike"],"picked":"Clash","floor":1.0},{"not_picked":["Warcry","Reckless Charge"],"picked":"Headbutt","floor":4.0},{"not_picked":["Second Wind","Clothesline"],"picked":"Double Tap","floor":6.0},{"not_picked":["Wild Strike","Havoc"],"picked":"Pommel Strike","floor":8.0},{"not_picked":["Rage","Entrench"],"picked":"Offering","floor":10.0},{"not_picked":["Perfected Strike","Bloodletting"],"picked":"Inflame","floor":11.0},{"not_picked":["Perfected Strike","Warcry"],"picked":"Immolate","floor":14.0},{"not_picked":["Bludgeon","Juggernaut"],"picked":"Fiend Fire","floor":16},{"not_picked":["Rupture+1","Pommel Strike"],"picked":"True Grit","floor":18},{"not_picked":["Thunderclap+1","Cleave+1"],"picked":"Flex","floor":28},{"not_picked":["Headbutt+1","Reckless Charge","True Grit"],"picked":"SKIP","floor":30},{"not_picked":["Wild Strike","Clothesline+1","Rage"],"picked":"SKIP","floor":31},{"not_picked":["Juggernaut","Exhume+1"],"picked":"Feed","floor":33},{"not_picked":["Flex+1","Body Slam+1"],"picked":"Warcry+1","floor":35},{"not_picked":["Entrench+1","Anger"],"picked":"Shrug It Off+1","floor":38},{"not_picked":["Impatience+1","Swift Strike"],"picked":"PanicButton+1","floor":39},{"not_picked":["Madness+1","Purity+1"],"picked":"Panacea+1","floor":39},{"not_picked":["Wild Strike","Thunderclap+1"],"picked":"Offering+1","floor":48}],"player_experience":335845,"relics_obtained":[{"floor":6.0,"key":"Anchor"},{"floor":9.0,"key":"Centennial Puzzle"},{"floor":10.0,"key":"Omamori"},{"floor":14.0,"key":"Ancient Tea Set"},{"floor":26,"key":"Pear"},{"floor":28,"key":"Bottled Flame"},{"floor":31,"key":"Toxic Egg 2"},{"floor":43,"key":"Torii"}],"event_choices":[{"damage_healed":0.0,"max_hp_gain":0.0,"max_hp_loss":0.0,"gold_gain":0.0,"event_name":"Match and Keep!","player_choice":"1 cards matched","floor":3.0,"gold_loss":0.0,"damage_taken":0.0,"cards_obtained":["Immolate"]},{"damage_healed":0.0,"max_hp_gain":0.0,"max_hp_loss":0.0,"gold_gain":0.0,"event_name":"Scrap Ooze","player_choice":"Success","floor":5.0,"gold_loss":0.0,"damage_taken":12.0,"relics_obtained":["Smiling Mask"]},{"damage_healed":0.0,"max_hp_gain":0.0,"max_hp_loss":0.0,"gold_gain":0.0,"event_name":"Dead Adventurer","player_choice":"Searched \u00271\u0027 times","floor":13.0,"gold_loss":0.0,"damage_taken":0.0,"relics_obtained":["Blood Vial"]},{"damage_healed":0,"gold_gain":0,"player_choice":"Obtain J.A.X.","damage_taken":0,"max_hp_gain":0,"max_hp_loss":0,"event_name":"Drug Dealer","floor":19,"gold_loss":0,"cards_obtained":["J.A.X."]},{"damage_healed":0,"gold_gain":0,"player_choice":"Joined the Cult","damage_taken":6,"max_hp_gain":0,"max_hp_loss":0,"event_name":"Nest","floor":20,"gold_loss":0,"cards_obtained":["RitualDagger"]},{"damage_healed":0,"gold_gain":0,"player_choice":"Became a vampire (Vial)","damage_taken":0,"max_hp_gain":0,"max_hp_loss":0,"event_name":"Vampires","floor":22,"relics_lost":["Blood Vial"],"gold_loss":0,"cards_obtained":["Bite","Bite","Bite","Bite","Bite"]},{"damage_healed":0,"gold_gain":0,"player_choice":"Ignored","damage_taken":0,"max_hp_gain":0,"max_hp_loss":0,"event_name":"Ghosts","floor":24,"gold_loss":0},{"damage_healed":0,"gold_gain":0,"player_choice":"Stole Relic","damage_taken":0,"relics_obtained":["Dodecahedron"],"max_hp_gain":0,"max_hp_loss":0,"event_name":"Addict","floor":27,"gold_loss":0,"cards_obtained":["Shame"]},{"damage_healed":0,"gold_gain":0,"player_choice":"Embrace Madness","damage_taken":11,"max_hp_gain":0,"max_hp_loss":0,"event_name":"Winding Halls","floor":36,"gold_loss":0,"cards_obtained":["Madness","Madness"]},{"damage_healed":0,"gold_gain":0,"player_choice":"Memory 2","damage_taken":5,"max_hp_gain":0,"max_hp_loss":0,"event_name":"SensoryStone","floor":39,"gold_loss":0},{"damage_healed":0,"gold_gain":0,"cards_transformed":["True Grit"],"player_choice":"Transformed","damage_taken":0,"max_hp_gain":0,"max_hp_loss":0,"event_name":"Transmorgrifier","floor":47,"gold_loss":0,"cards_obtained":["Shrug It Off"]}],"is_beta":false,"boss_relics":[{"not_picked":["Calling Bell","Coffee Dripper"],"picked":"White Beast Statue"},{"not_picked":["Lizard Tail","Mark of Pain"],"picked":"Sozu"}],"items_purged_floors":[21,41],"is_endless":false,"potions_floor_spawned":[6,8,14,18,28,30,31,33,35,38,48],"killed_by":"Awakened One","ascension_level":8}