{"gold_per_floor":[111,111,87,107,57,57,74,94,94,169,169,198,198,211,211,311,311,323,335,335],"floor_reached":20,"playtime":1190,"items_purged":[],"score":209,"play_id":"88e5a4f3-f6d3-4661-b3d2-c0e0f145d05f","local_time":"20181213162425","is_ascension_mode":true,"campfire_choices":[{"data":"Defragment","floor":6,"key":"SMITH"},{"data":"Zap","floor":11,"key":"SMITH"},{"floor":15,"key":"REST"}],"neow_cost":"NONE","seed_source_timestamp":97890259075928,"circlet_count":0,"master_deck":["Strike_B","Strike_B","Defend_B","Defend_B","Defend_B","Defend_B","Zap+1","Dualcast","Defragment+1","Compile Driver","Storm","FTL","Hologram","Machine Learning","Machine Learning","Loop","Force Field"],"relics":["Cracked Core","Pen Nib","Darkstone Periapt","Runic Dome"],"potions_floor_usage":[14,16,20,20],"damage_taken":[{"damage":4,"enemies":"Jaw Worm","floor":1,"turns":3},{"damage":1,"enemies":"Cultist","floor":4,"turns":3},{"damage":7,"enemies":"2 Louse","floor":7,"turns":2},{"damage":12,"enemies":"Looter","floor":8,"turns":3},{"damage":37,"enemies":"3 Sentries","floor":12,"turns":7},{"damage":0,"enemies":"Large Slime","floor":14,"turns":3},{"damage":23,"enemies":"Hexaghost","floor":16,"turns":9},{"damage":17,"enemies":"3 Byrds","floor":18,"turns":3},{"damage":7,"enemies":"Chosen","floor":19,"turns":3},{"damage":32,"enemies":"Colosseum Slavers","floor":20,"turns":3},{"damage":23,"enemies":"Colosseum Nobs","floor":20,"turns":2}],"seed_played":"-2369057126899816386","potions_obtained":[{"floor":12,"key":"GamblersBrew"},{"floor":14,"key":"Energy Potion"},{"floor":16,"key":"Poison Potion"},{"floor":18,"key":"SteroidPotion"},{"floor":19,"key":"Swift Potion"}],"is_trial":false,"path_per_floor":["M","?","$","M","?","R","M","M","T","?","R","E","?","M","R","B",null,"M","M","?"],"character_chosen":"DEFECT","items_purchased":["Compile Driver"],"campfire_rested":1,"item_purchase_floors":[3],"current_hp_per_floor":[71,71,71,70,70,70,63,51,51,40,40,3,3,3,25,2,75,58,51,0],"gold":335,"neow_bonus":"RANDOM_COMMON_RELIC","is_prod":false,"is_daily":false,"chose_seed":false,"campfire_upgraded":2,"win_rate":0,"timestamp":1544714665,"path_taken":["M","?","$","?","?","R","M","M","T","?","R","E","?","M","R","BOSS","M","M","?"],"build_version":"2018-12-06","purchased_purges":0,"victory":false,"max_hp_per_floor":[75,75,75,75,75,75,75,75,75,75,75,75,75,75,75,75,75,75,75,75],"card_choices":[{"not_picked":["Sweeping Beam","Redo"],"picked":"Defragment","floor":1},{"not_picked":["Force Field","Sunder"],"picked":"Storm","floor":4},{"not_picked":["Coolheaded","Double Energy"],"picked":"FTL","floor":7},{"not_picked":["Sweeping Beam","Steam Power"],"picked":"Hologram","floor":8},{"not_picked":["Compile Driver","Melter"],"picked":"Machine Learning","floor":12},{"not_picked":["Beam Cell","Compile Driver","Rebound"],"picked":"SKIP","floor":14},{"not_picked":["Hyperbeam","Multi-Cast"],"picked":"Machine Learning","floor":16},{"not_picked":["Gash+1","Ball Lightning+1"],"picked":"Loop","floor":18},{"not_picked":["Ball Lightning","Rip and Tear"],"picked":"Force Field","floor":19}],"player_experience":342311,"relics_obtained":[{"floor":12,"key":"Darkstone Periapt"}],"event_choices":[{"cards_removed":["Strike_B"],"damage_healed":0,"gold_gain":0,"player_choice":"Offered Basic","damage_taken":0,"max_hp_gain":0,"max_hp_loss":0,"event_name":"Bonfire Elementals","floor":2,"gold_loss":0},{"cards_removed":["Strike_B"],"damage_healed":0,"gold_gain":0,"player_choice":"Card Removal","damage_taken":0,"max_hp_gain":0,"max_hp_loss":0,"event_name":"The Cleric","floor":5,"gold_loss":50},{"damage_healed":0,"gold_gain":75,"player_choice":"Gather Gold","damage_taken":11,"max_hp_gain":0,"max_hp_loss":0,"event_name":"World of Goop","floor":10,"gold_loss":0},{"damage_healed":0,"gold_gain":0,"player_choice":"Ignored","damage_taken":0,"max_hp_gain":0,"max_hp_loss":0,"event_name":"Liars Game","floor":13,"gold_loss":0},{"damage_healed":0,"gold_gain":0,"player_choice":"Fight","damage_taken":0,"max_hp_gain":0,"max_hp_loss":0,"event_name":"Colosseum","floor":20,"gold_loss":0},{"damage_healed":0,"gold_gain":0,"player_choice":"Fought Nobs","damage_taken":0,"max_hp_gain":0,"max_hp_loss":0,"event_name":"Colosseum","floor":20,"gold_loss":0}],"is_beta":false,"boss_relics":[{"not_picked":["White Beast Statue","Velvet Choker"],"picked":"Runic Dome"}],"items_purged_floors":[],"is_endless":false,"potions_floor_spawned":[12,14,16,18,19],"killed_by":"Colosseum Nobs","ascension_level":4}