{"gold_per_floor":[112,112,129,144,69,69,96,116,116,116,135,149,177,189,189,261,261,279,129,145,160,179,179,206,206],"floor_reached":25,"playtime":1452,"items_purged":["Defend_B","Strike_B"],"score":438,"play_id":"f1c4a7f5-9ab9-4e4e-afdb-79def8e931ad","local_time":"20190106140132","is_ascension_mode":true,"campfire_choices":[{"data":"Zap","floor":6.0,"key":"SMITH"},{"data":"Consume","floor":10.0,"key":"SMITH"},{"floor":15.0,"key":"REST"},{"data":"Biased Cognition","floor":23,"key":"SMITH"}],"neow_cost":"NONE","seed_source_timestamp":0,"circlet_count":0,"master_deck":["AscendersBane","Strike_B","Strike_B","Defend_B","Defend_B","Defend_B","Zap+1","Dualcast","Auto Shields","Ball Lightning","Hologram","Consume+1","Steam","Cold Snap","Electrodynamics","FTL+1","Conserve Battery","Cold Snap+1","Biased Cognition+1","Go for the Eyes","Blizzard"],"special_seed":0,"relics":["Cracked Core","Lantern","Darkstone Periapt","Meat on the Bone","Sozu","Regal Pillow"],"potions_floor_usage":[20],"damage_taken":[{"damage":1.0,"enemies":"Cultist","floor":1.0,"turns":3.0},{"damage":2.0,"enemies":"Jaw Worm","floor":3.0,"turns":3.0},{"damage":8.0,"enemies":"Small Slimes","floor":4.0,"turns":2.0},{"damage":13.0,"enemies":"3 Sentries","floor":7.0,"turns":6.0},{"damage":0.0,"enemies":"2 Fungi Beasts","floor":8.0,"turns":3.0},{"damage":11.0,"enemies":"Looter","floor":11.0,"turns":2.0},{"damage":11.0,"enemies":"Lots of Slimes","floor":12.0,"turns":4.0},{"damage":1.0,"enemies":"Lagavulin","floor":13.0,"turns":5.0},{"damage":8.0,"enemies":"3 Louse","floor":14.0,"turns":3.0},{"damage":28.0,"enemies":"Hexaghost","floor":16.0,"turns":12.0},{"damage":2,"enemies":"Chosen","floor":18,"turns":5},{"damage":0,"enemies":"Shell Parasite","floor":20,"turns":4},{"damage":14,"enemies":"Sentry and Sphere","floor":21,"turns":5},{"damage":14,"enemies":"Snake Plant","floor":22,"turns":4},{"damage":29,"enemies":"Slavers","floor":24,"turns":4},{"damage":25,"enemies":"Snecko","floor":25,"turns":5}],"seed_played":"6345938112468353005","potions_obtained":[{"floor":1.0,"key":"GamblersBrew"},{"floor":4.0,"key":"SpeedPotion"},{"floor":7.0,"key":"SteroidPotion"},{"floor":14.0,"key":"SteroidPotion"},{"floor":16.0,"key":"EssenceOfSteel"}],"is_trial":false,"path_per_floor":["M","$","M","M","$","R","E","M","T","R","M","M","E","M","R","B",null,"M","$","M","M","M","R","E","M"],"character_chosen":"DEFECT","items_purchased":["Conserve Battery"],"campfire_rested":1,"item_purchase_floors":[19],"current_hp_per_floor":[63,63,61,53,53,53,40,40,40,40,29,18,17,21,42,26,60,58,58,58,44,42,42,25,0],"gold":206,"neow_bonus":"REMOVE_CARD","is_prod":false,"is_daily":false,"chose_seed":false,"campfire_upgraded":3,"win_rate":0,"timestamp":1546779692,"path_taken":["M","$","?","M","$","R","E","M","T","R","M","M","E","M","R","BOSS","M","$","M","M","M","R","E","M"],"build_version":"2019-01-03v4","purchased_purges":2,"victory":false,"max_hp_per_floor":[71,71,71,71,71,71,71,71,71,71,71,71,71,71,71,71,71,71,71,71,71,71,71,71,71],"card_choices":[{"not_picked":["Double Energy","Steam"],"picked":"Auto Shields","floor":1.0},{"not_picked":["Steam Power","Leap"],"picked":"Ball Lightning","floor":3.0},{"not_picked":["Beam Cell","Steam"],"picked":"Hologram","floor":4.0},{"not_picked":["Stack","Hologram","Auto Shields"],"picked":"SKIP","floor":7.0},{"not_picked":["Compile Driver","Sweeping Beam"],"picked":"Consume","floor":8.0},{"not_picked":["Auto Shields","Sunder","Doom and Gloom"],"picked":"SKIP","floor":11.0},{"not_picked":["Beam Cell","Rebound","Streamline"],"picked":"SKIP","floor":12.0},{"not_picked":["Beam Cell","Rebound","Streamline"],"picked":"SKIP","floor":12.0},{"not_picked":["Sweeping Beam","Force Field"],"picked":"Steam","floor":13.0},{"not_picked":["Barrage","Leap"],"picked":"Cold Snap","floor":14.0},{"not_picked":["Biased Cognition","All For One"],"picked":"Electrodynamics","floor":16.0},{"not_picked":["Static Discharge","Sweeping Beam"],"picked":"FTL+1","floor":18},{"not_picked":["Hologram","Steam"],"picked":"Cold Snap+1","floor":20},{"not_picked":["Streamline","Conserve Battery"],"picked":"Biased Cognition","floor":21},{"not_picked":["Rip and Tear","Reprogram+1"],"picked":"Go for the Eyes","floor":22},{"not_picked":["Rebound","Tempest"],"picked":"Blizzard","floor":24}],"player_experience":468833,"relics_obtained":[{"floor":7.0,"key":"Lantern"},{"floor":9.0,"key":"Darkstone Periapt"},{"floor":13.0,"key":"Meat on the Bone"},{"floor":24,"key":"Regal Pillow"}],"event_choices":[],"is_beta":false,"boss_relics":[{"not_picked":["Runic Pyramid","Empty Cage"],"picked":"Sozu"}],"items_purged_floors":[5,19],"is_endless":false,"potions_floor_spawned":[1,4,7,14,16,21,24],"killed_by":"Snecko","ascension_level":17}