{"gold_per_floor":[217,217,217,236,236,265,27,27,103,3,33,43,11,45,45,142,142,161,172,3,16,16,16],"floor_reached":23,"playtime":1590,"items_purged":[],"score":209,"play_id":"4073e430-f3b6-4881-9d25-75300fcf2a5a","local_time":"20190726034830","is_ascension_mode":false,"campfire_choices":[{"floor":8,"key":"REST"},{"floor":15,"key":"REST"}],"neow_cost":"NONE","seed_source_timestamp":303060684858260,"circlet_count":0,"master_deck":["Strike_G","Strike_G","Strike_G","Strike_G","Defend_G","Defend_G","Defend_G","Defend_G","Defend_G","Survivor","Neutralize","Finisher","Riddle With Holes","Dodge and Roll","Backstab","Acrobatics","Prepared","Tools of the Trade","Dagger Spray+1","Well Laid Plans","Dagger Throw+1"],"relics":["Ring of the Snake","Tingsha","The Courier","Bag of Preparation","Thread and Needle","Blue Candle","Mango","Unceasing Top","Philosopher\u0027s Stone","Vajra"],"potions_floor_usage":[6,14,16,16,16,23],"damage_taken":[{"damage":0,"enemies":"Small Slimes","floor":1,"turns":3},{"damage":11,"enemies":"Jaw Worm","floor":4,"turns":4},{"damage":31,"enemies":"3 Sentries","floor":6,"turns":6},{"damage":19,"enemies":"Gremlin Nob","floor":11,"turns":4},{"damage":0,"enemies":"2 Louse","floor":12,"turns":2},{"damage":2,"enemies":"Exordium Thugs","floor":13,"turns":5},{"damage":19,"enemies":"Lagavulin","floor":14,"turns":4},{"damage":22,"enemies":"Slime Boss","floor":16,"turns":12},{"damage":2,"enemies":"Shell Parasite","floor":18,"turns":6},{"damage":0,"enemies":"Chosen","floor":19,"turns":3},{"damage":9,"enemies":"Sentry and Sphere","floor":21,"turns":5},{"damage":12,"enemies":"Slavers","floor":23,"turns":2}],"seed_played":"8337325816146764989","potions_obtained":[{"floor":1,"key":"Strength Potion"},{"floor":6,"key":"LiquidBronze"},{"floor":13,"key":"LiquidBronze"},{"floor":14,"key":"Fire Potion"},{"floor":19,"key":"PowerPotion"},{"floor":21,"key":"Energy Potion"}],"is_trial":false,"path_per_floor":["M","?","?","M","T","E","$","R","T","$","E","M","M","E","R","B",null,"M","M","$","M","?","E"],"character_chosen":"THE_SILENT","items_purchased":["Thread and Needle","Backstab","Strength Potion","Vajra","Well Laid Plans"],"campfire_rested":2,"item_purchase_floors":[7,10,10,20,20],"current_hp_per_floor":[70,63,56,45,45,14,14,35,35,35,30,30,28,9,34,12,84,82,82,82,73,73,61],"gold":16,"neow_bonus":"HUNDRED_GOLD","is_prod":false,"is_daily":false,"chose_seed":false,"campfire_upgraded":0,"win_rate":0,"timestamp":1564105710,"path_taken":["M","?","?","M","?","E","$","R","T","?","E","?","M","E","R","BOSS","M","?","$","?","?","E"],"build_version":"2019-07-17","purchased_purges":0,"victory":false,"max_hp_per_floor":[70,70,70,70,70,70,70,70,70,70,84,84,84,84,84,84,84,84,84,84,84,84,84],"card_choices":[{"not_picked":["Dash","Masterful Stab"],"picked":"Finisher","floor":1},{"not_picked":["PiercingWail","Choke"],"picked":"Riddle With Holes","floor":4},{"not_picked":["Catalyst","Finisher"],"picked":"Dodge and Roll","floor":6},{"not_picked":["Catalyst","Blade Dance"],"picked":"Acrobatics","floor":11},{"not_picked":["Endless Agony","Acrobatics","Catalyst"],"picked":"SKIP","floor":12},{"not_picked":["Finisher","PiercingWail"],"picked":"Prepared","floor":13},{"not_picked":["Underhanded Strike","Caltrops","Choke"],"picked":"SKIP","floor":14},{"not_picked":["Night Terror","Die Die Die"],"picked":"Tools of the Trade","floor":16},{"not_picked":["Finisher","Masterful Stab"],"picked":"Dagger Spray+1","floor":18},{"not_picked":["Outmaneuver","Dagger Spray","Slice+1"],"picked":"SKIP","floor":19},{"not_picked":["Flechettes","Deadly Poison+1"],"picked":"Dagger Throw+1","floor":21}],"player_experience":121095,"relics_obtained":[{"floor":5,"key":"The Courier"},{"floor":6,"key":"Bag of Preparation"},{"floor":9,"key":"Blue Candle"},{"floor":11,"key":"Mango"},{"floor":14,"key":"Unceasing Top"}],"event_choices":[{"damage_healed":0,"gold_gain":0,"player_choice":"Success","damage_taken":7,"relics_obtained":["Tingsha"],"max_hp_gain":0,"max_hp_loss":0,"event_name":"Scrap Ooze","floor":2,"gold_loss":0},{"cards_removed":["Strike_G"],"damage_healed":0,"gold_gain":0,"player_choice":"Card Removal","damage_taken":7,"max_hp_gain":0,"max_hp_loss":0,"event_name":"Golden Wing","floor":3,"gold_loss":0}],"is_beta":false,"boss_relics":[{"not_picked":["Busted Crown","Runic Pyramid"],"picked":"Philosopher\u0027s Stone"}],"items_purged_floors":[],"is_endless":false,"potions_floor_spawned":[1,6,13,14,19,21],"killed_by":"Slavers","ascension_level":0}