{"gold_per_floor":[114,134,147,162,162,162,187,187,187,214,214,246,246,265,265,341,341,351,351,351,363,239,239,267,267,267,283,301,301,327,343,343,416,416,430,92,92,112,12,12,32,32,111,126,140,174,174,205,205,205],"floor_reached":51,"playtime":4212,"items_purged":["Strike_B+1","Defend_B+1"],"score":1453,"play_id":"fcb90d03-5c81-422b-8e91-ed64c72e3f22","local_time":"20190105154040","is_ascension_mode":true,"campfire_choices":[{"data":"Zap","floor":6,"key":"SMITH"},{"floor":11,"key":"REST"},{"floor":13,"key":"REST"},{"data":"Blind","floor":15,"key":"SMITH"},{"data":"Blizzard","floor":23,"key":"SMITH"},{"data":"Self Repair","floor":29,"key":"SMITH"},{"floor":32,"key":"REST"},{"data":"Go for the Eyes","floor":40,"key":"SMITH"},{"data":"Coolheaded","floor":42,"key":"SMITH"},{"data":"Echo Form","floor":49,"key":"SMITH"}],"neow_cost":"NONE","seed_source_timestamp":1353488229563362,"circlet_count":0,"master_deck":["AscendersBane","Strike_B+1","Strike_B+1","Defend_B+1","Defend_B+1","Defend_B+1","Zap+1","Dualcast+1","Blind+1","Go for the Eyes+1","Ball Lightning","Ball Lightning","Glacier","Capacitor","Cold Snap","Echo Form","Coolheaded","Blizzard+1","Coolheaded+1","Glacier","Chill","BootSequence+1","Reboot","Consume+1","Chill","Barrage+1","Coolheaded","Capacitor","Echo Form+1","Skim+1"],"relics":["FrozenCore","Blue Candle","Matryoshka","Happy Flower","Lantern","Art of War","Inserter","Bronze Scales","Bottled Tornado","Letter Opener","Meat on the Bone","DataDisk","Dodecahedron","Torii","Ornamental Fan"],"potions_floor_usage":[7,21,24,30,33,33,48,50],"damage_taken":[{"damage":0,"enemies":"2 Louse","floor":1,"turns":1},{"damage":0,"enemies":"Small Slimes","floor":2,"turns":3},{"damage":4,"enemies":"Jaw Worm","floor":3,"turns":3},{"damage":2,"enemies":"Exordium Wildlife","floor":4,"turns":3},{"damage":27,"enemies":"3 Sentries","floor":7,"turns":5},{"damage":6,"enemies":"Lagavulin","floor":12,"turns":6},{"damage":4,"enemies":"Blue Slaver","floor":14,"turns":3},{"damage":21,"enemies":"The Guardian","floor":16,"turns":13},{"damage":7,"enemies":"3 Byrds","floor":18,"turns":7},{"damage":9,"enemies":"Colosseum Slavers","floor":20,"turns":4},{"damage":7,"enemies":"Spheric Guardian","floor":21,"turns":6},{"damage":30,"enemies":"Book of Stabbing","floor":24,"turns":8},{"damage":13,"enemies":"Chosen and Byrds","floor":27,"turns":6},{"damage":1,"enemies":"3 Cultists","floor":28,"turns":5},{"damage":7,"enemies":"Gremlin Leader","floor":30,"turns":8},{"damage":0,"enemies":"Centurion and Healer","floor":31,"turns":4},{"damage":20,"enemies":"Automaton","floor":33,"turns":11},{"damage":0,"enemies":"3 Shapes","floor":35,"turns":4},{"damage":0,"enemies":"Orb Walker","floor":38,"turns":3},{"damage":0,"enemies":"4 Shapes","floor":41,"turns":6},{"damage":0,"enemies":"3 Darklings","floor":44,"turns":5},{"damage":0,"enemies":"Maw","floor":45,"turns":7},{"damage":0,"enemies":"Reptomancer","floor":46,"turns":7},{"damage":0,"enemies":"Nemesis","floor":48,"turns":7},{"damage":0,"enemies":"Donu and Deca","floor":50,"turns":8}],"seed_played":"3466175845776362509","potions_obtained":[{"floor":1,"key":"Poison Potion"},{"floor":2,"key":"SteroidPotion"},{"floor":3,"key":"AttackPotion"},{"floor":16,"key":"Regen Potion"},{"floor":24,"key":"Block Potion"},{"floor":27,"key":"AttackPotion"},{"floor":30,"key":"AttackPotion"},{"floor":33,"key":"FocusPotion"}],"is_trial":false,"path_per_floor":["M","M","M","M","?","R","E","?","T","T","R","E","R","M","R","B",null,"M","?","?","M","$","R","E","?","T","M","M","R","E","M","R","B",null,"M","$","?","M","$","R","M","R","T","M","M","E","?","E","R","B",null],"character_chosen":"DEFECT","items_purchased":["Blizzard","Coolheaded","DataDisk","Chill","Block Potion"],"campfire_rested":3,"item_purchase_floors":[22,22,36,36,36],"current_hp_per_floor":[64,64,60,58,51,51,24,3,3,3,24,18,39,35,35,14,57,50,50,41,34,34,34,33,33,33,34,33,33,26,38,59,59,68,68,68,68,68,68,68,68,68,68,71,71,71,71,71,71,71],"gold":205,"neow_bonus":"RANDOM_COLORLESS","is_prod":false,"is_daily":false,"chose_seed":false,"campfire_upgraded":7,"win_rate":0,"timestamp":1546699240,"path_taken":["M","M","M","M","?","R","E","?","T","?","R","E","R","?","R","BOSS","M","?","?","?","$","R","E","?","T","M","M","R","E","M","R","BOSS","M","$","?","M","$","R","M","R","T","M","M","E","?","E","R","BOSS"],"build_version":"2019-01-03v4","purchased_purges":2,"victory":true,"max_hp_per_floor":[71,71,71,71,71,71,71,71,71,71,71,71,71,71,71,71,71,71,71,71,71,71,71,71,71,71,71,71,71,71,71,71,71,71,71,71,71,71,71,71,71,71,71,71,71,71,71,71,71,71],"card_choices":[{"not_picked":["Conserve Battery","Aggregate"],"picked":"Go for the Eyes","floor":1},{"not_picked":["Hologram","Rebound"],"picked":"Ball Lightning","floor":2},{"not_picked":["Conserve Battery","Leap"],"picked":"Ball Lightning","floor":3},{"not_picked":["Streamline","Stack","Lockon"],"picked":"SKIP","floor":4},{"not_picked":["Gash","Hyperbeam"],"picked":"Glacier","floor":7},{"not_picked":["Machine Learning","Cold Snap"],"picked":"Capacitor","floor":12},{"not_picked":["Streamline","Darkness"],"picked":"Cold Snap","floor":14},{"not_picked":["Meteor Strike","All For One"],"picked":"Echo Form","floor":16},{"not_picked":["Reprogram","Sweeping Beam"],"picked":"Coolheaded","floor":18},{"not_picked":["BootSequence","Static Discharge"],"picked":"Self Repair","floor":21},{"not_picked":["Streamline","Compile Driver","Fusion"],"picked":"SKIP","floor":24},{"not_picked":["Undo","Go for the Eyes","Hologram"],"picked":"SKIP","floor":27},{"not_picked":["Gash","Hologram"],"picked":"Glacier","floor":28},{"not_picked":["Leap","Rip and Tear"],"picked":"Chill","floor":30},{"not_picked":["Chaos","Darkness"],"picked":"BootSequence+1","floor":31},{"not_picked":["Thunder Strike","All For One"],"picked":"Reboot","floor":33},{"not_picked":["White Noise+1","FTL"],"picked":"Consume+1","floor":35},{"not_picked":["Go for the Eyes","Stack"],"picked":"Barrage+1","floor":38},{"not_picked":["Gash","Sweeping Beam"],"picked":"Coolheaded","floor":41},{"not_picked":["Turbo+1","Melter","Streamline"],"picked":"SKIP","floor":44},{"not_picked":["Cold Snap","Genetic Algorithm"],"picked":"Capacitor","floor":45},{"not_picked":["Cold Snap","Sweeping Beam"],"picked":"Echo Form","floor":46},{"not_picked":["Cold Snap","Leap"],"picked":"Skim+1","floor":48}],"player_experience":456714,"relics_obtained":[{"floor":7,"key":"Blue Candle"},{"floor":9,"key":"Matryoshka"},{"floor":10,"key":"Happy Flower"},{"floor":10,"key":"Lantern"},{"floor":12,"key":"Art of War"},{"floor":24,"key":"Bronze Scales"},{"floor":26,"key":"Bottled Tornado"},{"floor":26,"key":"Letter Opener"},{"floor":30,"key":"Meat on the Bone"},{"floor":43,"key":"Dodecahedron"},{"floor":46,"key":"Torii"},{"floor":48,"key":"Ornamental Fan"}],"event_choices":[{"cards_removed":["Strike_B"],"damage_healed":0,"gold_gain":0,"player_choice":"Card Removal","damage_taken":7,"max_hp_gain":0,"max_hp_loss":0,"event_name":"Golden Wing","floor":5,"gold_loss":0},{"damage_healed":0,"gold_gain":0,"player_choice":"Entered Light","damage_taken":21,"max_hp_gain":0,"max_hp_loss":0,"event_name":"Shining Light","floor":8,"gold_loss":0,"cards_upgraded":["Defend_B","Dualcast"]},{"damage_healed":0,"gold_gain":0,"player_choice":"Simplicity","damage_taken":0,"max_hp_gain":0,"max_hp_loss":0,"event_name":"Back to Basics","floor":19,"gold_loss":0,"cards_upgraded":["Strike_B","Strike_B","Strike_B","Defend_B","Defend_B","Defend_B"]},{"damage_healed":0,"gold_gain":0,"player_choice":"Fight","damage_taken":0,"max_hp_gain":0,"max_hp_loss":0,"event_name":"Colosseum","floor":20,"gold_loss":0},{"damage_healed":0,"gold_gain":0,"player_choice":"Fled From Nobs","damage_taken":0,"max_hp_gain":0,"max_hp_loss":0,"event_name":"Colosseum","floor":20,"gold_loss":0},{"damage_healed":0,"gold_gain":0,"player_choice":"Ignored","damage_taken":0,"max_hp_gain":0,"max_hp_loss":0,"event_name":"The Mausoleum","floor":25,"gold_loss":0},{"damage_healed":0,"gold_gain":0,"player_choice":"Ignored","damage_taken":0,"max_hp_gain":0,"max_hp_loss":0,"event_name":"Tomb of Lord Red Mask","floor":37,"gold_loss":0},{"cards_removed":["Self Repair"],"damage_healed":0,"gold_gain":0,"player_choice":"Removed Power","damage_taken":0,"max_hp_gain":0,"max_hp_loss":0,"event_name":"Falling","floor":47,"gold_loss":0}],"is_beta":false,"boss_relics":[{"not_picked":["Eternal Feather","Fusion Hammer"],"picked":"Inserter"},{"not_picked":["Astrolabe","Black Star"],"picked":"FrozenCore"}],"items_purged_floors":[36,39],"is_endless":false,"potions_floor_spawned":[1,2,3,16,24,27,28,30,33,41,44,45,46],"ascension_level":15}