{"gold_per_floor":[118,138,158,60,77,77,106,116,116,116,133,133,145,164,164,268,268,279,194,1,1,19,53,53,53,53,53,66,66,83,59,59,162,162,173,183,197,197,47,47,64,64],"floor_reached":42,"playtime":3613,"items_purged":["Decay"],"score":447,"play_id":"b74018db-d560-462f-99a9-550e107ae127","local_time":"20190411102828","is_ascension_mode":false,"campfire_choices":[{"data":"Metallicize","floor":6,"key":"SMITH"},{"data":"Anger","floor":10,"key":"SMITH"},{"data":"Iron Wave","floor":12,"key":"SMITH"},{"floor":15,"key":"REST"},{"floor":27,"key":"REST"},{"data":"Demon Form","floor":29,"key":"SMITH"},{"data":"Anger","floor":32,"key":"SMITH"},{"floor":40,"key":"REST"}],"neow_cost":"NONE","seed_source_timestamp":3512056025321843,"circlet_count":0,"master_deck":["Strike_R","Strike_R","Strike_R","Strike_R","Strike_R","Defend_R","Defend_R","Defend_R","Defend_R","Bash+1","Twin Strike","Cleave","Anger+1","Iron Wave+1","Metallicize+1","Shrug It Off","Twin Strike","Feel No Pain","Thunderclap","Anger+1","Shrug It Off","Demon Form+1","Perfected Strike+1","Rampage","Flame Barrier+1","Pommel Strike","Iron Wave","Body Slam","Juggernaut","Headbutt","Armaments","Sword Boomerang+1","Madness","Madness","Iron Wave","True Grit","Pummel+1"],"relics":["Burning Blood","Oddly Smooth Stone","Bag of Marbles","Runic Cube","Regal Pillow","ClockworkSouvenir","Pantograph","Self Forming Clay","Ornamental Fan","Question Card","Fusion Hammer"],"potions_floor_usage":[16,16,23,33,33],"damage_taken":[{"damage":6,"enemies":"Cultist","floor":1,"turns":3},{"damage":1,"enemies":"2 Louse","floor":2,"turns":2},{"damage":0,"enemies":"Small Slimes","floor":3,"turns":2},{"damage":9,"enemies":"Blue Slaver","floor":5,"turns":4},{"damage":26,"enemies":"Lagavulin","floor":7,"turns":8},{"damage":3,"enemies":"Red Slaver","floor":8,"turns":4},{"damage":2,"enemies":"Exordium Wildlife","floor":11,"turns":3},{"damage":4,"enemies":"Blue Slaver","floor":13,"turns":2},{"damage":3,"enemies":"Large Slime","floor":14,"turns":4},{"damage":22,"enemies":"The Guardian","floor":16,"turns":11},{"damage":16,"enemies":"Chosen","floor":18,"turns":4},{"damage":16,"enemies":"2 Thieves","floor":22,"turns":4},{"damage":46,"enemies":"Book of Stabbing","floor":23,"turns":6},{"damage":13,"enemies":"Cultist and Chosen","floor":28,"turns":9},{"damage":4,"enemies":"Snecko","floor":30,"turns":3},{"damage":68,"enemies":"Collector","floor":33,"turns":8},{"damage":0,"enemies":"Orb Walker","floor":35,"turns":4},{"damage":57,"enemies":"3 Darklings","floor":36,"turns":6},{"damage":23,"enemies":"Jaw Worm Horde","floor":37,"turns":5},{"damage":36,"enemies":"Spire Growth","floor":41,"turns":5},{"damage":13,"enemies":"Transient","floor":42,"turns":2}],"seed_played":"5077955459839229936","potions_obtained":[{"floor":3,"key":"Poison Potion"},{"floor":5,"key":"Ancient Potion"},{"floor":13,"key":"Swift Potion"},{"floor":14,"key":"FearPotion"},{"floor":16,"key":"EssenceOfSteel"},{"floor":22,"key":"AttackPotion"},{"floor":30,"key":"Explosive Potion"},{"floor":33,"key":"Fire Potion"},{"floor":35,"key":"Block Potion"}],"is_trial":false,"path_per_floor":["M","M","M","$","M","R","E","M","T","R","M","R","M","M","R","B",null,"M","?","$","?","M","E","?","T","T","R","M","R","M","$","R","B",null,"M","M","M","?","$","R","M","M"],"character_chosen":"IRONCLAD","items_purchased":["Iron Wave","Metallicize","ClockworkSouvenir","Body Slam","Iron Wave","True Grit"],"campfire_rested":3,"item_purchase_floors":[4,4,20,31,39,39],"current_hp_per_floor":[80,80,80,80,77,77,57,60,60,60,64,64,66,69,80,64,80,70,70,70,70,60,20,20,20,20,59,52,52,54,54,54,17,80,80,29,12,2,2,41,11,0],"gold":64,"neow_bonus":"UPGRADE_CARD","is_prod":false,"is_daily":false,"chose_seed":false,"campfire_upgraded":5,"win_rate":0.0,"timestamp":1554992908,"path_taken":["M","M","M","$","M","R","E","M","T","R","M","R","M","M","R","BOSS","M","?","$","?","?","E","?","?","T","R","M","R","M","?","R","BOSS","M","M","M","?","$","R","M","M"],"build_version":"2019-01-23","purchased_purges":1,"victory":false,"max_hp_per_floor":[80,80,80,80,80,80,80,80,80,80,80,80,80,80,80,80,80,80,80,80,80,80,80,80,80,80,80,80,80,80,80,80,80,80,80,80,80,80,80,80,80,80],"card_choices":[{"not_picked":["Perfected Strike","Armaments"],"picked":"Twin Strike","floor":1},{"not_picked":["Body Slam","Uppercut"],"picked":"Cleave","floor":2},{"not_picked":["Armaments","Dual Wield"],"picked":"Anger","floor":3},{"not_picked":["Perfected Strike","Spot Weakness"],"picked":"Shrug It Off","floor":5},{"not_picked":["Power Through","Combust"],"picked":"Twin Strike","floor":7},{"not_picked":["Fiend Fire","Combust"],"picked":"Feel No Pain","floor":8},{"not_picked":["Combust","Entrench"],"picked":"Thunderclap","floor":11},{"not_picked":["Flex","Entrench"],"picked":"Anger","floor":13},{"not_picked":["Whirlwind","Second Wind"],"picked":"Shrug It Off","floor":14},{"not_picked":["Double Tap","Barricade"],"picked":"Demon Form","floor":16},{"not_picked":["Heavy Blade","Twin Strike+1"],"picked":"Perfected Strike+1","floor":18},{"not_picked":["Metallicize","Pommel Strike"],"picked":"Rampage","floor":22},{"not_picked":["Rupture","Iron Wave"],"picked":"Flame Barrier+1","floor":23},{"not_picked":["Anger+1","Feel No Pain+1","Clothesline+1"],"picked":"Pommel Strike","floor":28},{"not_picked":["Anger","Second Wind+1","Blood for Blood"],"picked":"Iron Wave","floor":30},{"not_picked":["Offering","Limit Break","Berserk"],"picked":"Juggernaut","floor":33},{"not_picked":["Body Slam+1","Bloodletting+1","Clothesline"],"picked":"Headbutt","floor":35},{"not_picked":["Perfected Strike+1","Headbutt","Uppercut+1"],"picked":"Armaments","floor":36},{"not_picked":["Anger+1","Entrench+1","Intimidate"],"picked":"Sword Boomerang+1","floor":37},{"not_picked":["Dark Embrace","Clash+1","Sword Boomerang"],"picked":"Pummel+1","floor":41}],"player_experience":17415,"relics_obtained":[{"floor":7,"key":"Oddly Smooth Stone"},{"floor":9,"key":"Bag of Marbles"},{"floor":21,"key":"Pantograph"},{"floor":23,"key":"Self Forming Clay"},{"floor":25,"key":"Ornamental Fan"},{"floor":26,"key":"Question Card"}],"event_choices":[{"damage_healed":0,"gold_gain":0,"player_choice":"Obtained Relic","damage_taken":0,"relics_obtained":["Regal Pillow"],"max_hp_gain":0,"max_hp_loss":0,"event_name":"Addict","floor":19,"gold_loss":85},{"damage_healed":0,"gold_gain":0,"player_choice":"Relic","damage_taken":0,"max_hp_gain":0,"max_hp_loss":0,"event_name":"Wheel of Change","floor":21,"gold_loss":0},{"damage_healed":0,"gold_gain":0,"player_choice":"Smashed Altar","damage_taken":0,"max_hp_gain":0,"max_hp_loss":0,"event_name":"Forgotten Altar","floor":24,"gold_loss":0,"cards_obtained":["Decay"]},{"damage_healed":0,"gold_gain":0,"player_choice":"Embrace Madness","damage_taken":10,"max_hp_gain":0,"max_hp_loss":0,"event_name":"Winding Halls","floor":38,"gold_loss":0,"cards_obtained":["Madness","Madness"]}],"is_beta":false,"boss_relics":[{"not_picked":["Empty Cage","Runic Pyramid"],"picked":"Runic Cube"},{"not_picked":["Runic Dome","White Beast Statue"],"picked":"Fusion Hammer"}],"items_purged_floors":[39],"is_endless":false,"potions_floor_spawned":[3,5,13,14,16,22,30,33,35,41],"killed_by":"Transient","ascension_level":0}