{"path_per_floor":["M","?","M","$","M","E","R","M","T","E","?","E","$","T","R","B",null,"M","?","T","M","?","E","R","E","T","R","E","M","R","T","R"],"character_chosen":"THE_SILENT","items_purchased":["Noxious Fumes","Footwork","Leg Sweep"],"gold_per_floor":[111,111,131,52,70,133,133,146,173,204,379,410,179,179,179,283,283,208,208,208,208,208,208,208,208,208,208,208,208,208,208,208],"floor_reached":33,"campfire_rested":2,"playtime":2245,"current_hp_per_floor":[70,63,62,62,62,40,40,39,39,36,36,15,15,15,36,19,70,70,57,57,46,46,42,42,39,39,39,29,20,45,45,45],"items_purged":["Doubt"],"gold":208,"score":408,"play_id":"3f579895-d55f-460f-a897-37f1bf8c1113","is_prod":false,"is_daily":false,"is_ascension_mode":true,"campfire_upgraded":4,"path_taken":["M","?","M","?","M","E","R","M","T","E","?","E","$","?","R","BOSS","M","?","?","M","?","E","R","E","T","R","E","M","R","?","R","BOSS"],"build_version":"2018-02-15-PROD1","purchased_purges":1,"victory":false,"master_deck":["Defend_G","Defend_G","Defend_G","Defend_G","Strike_G","Strike_G","Strike_G","Strike_G","Strike_G","Survivor","Neutralize","Dodge and Roll","Backstab","Noxious Fumes+1","Bane","Cloak And Dagger","Footwork+1","Noxious Fumes","Backflip","Footwork+1","Leg Sweep","Accuracy+1","Noxious Fumes+1","Dodge and Roll+1","Bane","Escape Plan","Cloak And Dagger"],"max_hp_per_floor":[70,70,70,70,70,70,70,70,70,70,70,70,70,70,70,70,70,70,75,75,75,75,75,75,75,75,75,85,85,85,85,85],"relics":["Ring of the Snake","Bag of Preparation","Tiny Chest","Oddly Smooth Stone","Dodecahedron","Darkstone Periapt","Ancient Tea Set","Ectoplasm","Snake Skull","Prayer Wheel","Orichalcum","Gambling Chip","Pear","Anchor"],"card_choices":[{"not_picked":["Caltrops","Acrobatics"],"picked":"Dodge and Roll"},{"not_picked":["Setup","Distraction"],"picked":"Backstab"},{"not_picked":["PiercingWail","Deadly Poison"],"picked":"Bane"},{"not_picked":["Grand Finale","Eviscerate"],"picked":"Cloak And Dagger"},{"not_picked":["Dash","Predator"],"picked":"Footwork"},{"not_picked":["Slice","Backstab"],"picked":"Noxious Fumes"},{"not_picked":["Dodge and Roll","All Out Attack"],"picked":"Backflip"},{"not_picked":["Dagger Spray","Distraction"],"picked":"Accuracy"},{"not_picked":["Sucker Punch","Dagger Throw"],"picked":"Noxious Fumes"},{"not_picked":["Underhanded Strike","Sucker Punch"],"picked":"Dodge and Roll"},{"not_picked":["Backflip","Acrobatics"],"picked":"Bane"},{"not_picked":["PiercingWail","Calculated Gamble"],"picked":"Escape Plan"},{"not_picked":["Deflect","Bane"],"picked":"Cloak And Dagger"}],"player_experience":146244,"potions_floor_usage":[10,16,18,21],"damage_taken":[{"damage":0,"enemies":"2 Louse","floor":1,"turns":3},{"damage":1,"enemies":"Jaw Worm","floor":3,"turns":4},{"damage":0,"enemies":"Small Slimes","floor":5,"turns":4},{"damage":22,"enemies":"Gremlin Nob","floor":6,"turns":5},{"damage":1,"enemies":"Blue Slaver","floor":8,"turns":4},{"damage":18,"enemies":"Lagavulin","floor":10,"turns":8},{"damage":21,"enemies":"Gremlin Nob","floor":12,"turns":5},{"damage":17,"enemies":"The Guardian","floor":16,"turns":10},{"damage":0,"enemies":"2 Thieves","floor":18,"turns":5},{"damage":11,"enemies":"Chosen","floor":21,"turns":6},{"damage":4,"enemies":"Gremlin Leader","floor":23,"turns":8},{"damage":3,"enemies":"Slavers","floor":25,"turns":6},{"damage":20,"enemies":"Book of Stabbing","floor":28,"turns":6},{"damage":9,"enemies":"Snake Plant","floor":29,"turns":6},{"damage":54,"enemies":"Champ","floor":33,"turns":9}],"event_choices":[{"event_name":"Golden Wing","player_choice":"Card Removal","floor":2,"damage_taken":0},{"event_name":"Liars Game","player_choice":"agreed","floor":11,"damage_taken":0},{"event_name":"Forgotten Altar","player_choice":"Shed Blood","floor":19,"damage_taken":0},{"event_name":"Golden Shrine","player_choice":"Pray","floor":22,"damage_taken":0}],"boss_relics":[{"not_picked":["Velvet Choker","Calling Bell"],"picked":"Ectoplasm"}],"potions_floor_spawned":[3,8,12,16,23,29],"seed_played":"-3570013603385508325","killed_by":"Champ","ascension_level":4,"is_trial":false}