{"gold_per_floor":[115,115,33,50,70,70,95,95,95,108,138,148,148,165,165,267,267,279,279,279,204,55,55,71,90,90,90,123,123,140,158,158,259,259,278,278,296,296,307,307,336,346,369,17,17,17,17,32,32,32],"floor_reached":51,"playtime":3977,"items_purged":["Strike_B"],"score":884,"play_id":"d01cd4b6-9ed7-4032-80f0-976ec7d7f797","local_time":"20190927173245","is_ascension_mode":true,"campfire_choices":[{"data":"Streamline","floor":6,"key":"SMITH"},{"data":"Darkness","floor":8,"key":"SMITH"},{"data":"Coolheaded","floor":13,"key":"SMITH"},{"data":"Sweeping Beam","floor":15,"key":"SMITH"},{"data":"Buffer","floor":23,"key":"SMITH"},{"data":"Defragment","floor":29,"key":"SMITH"},{"data":"Hologram","floor":32,"key":"SMITH"},{"data":"Streamline","floor":40,"key":"SMITH"},{"data":"Loop","floor":45,"key":"SMITH"},{"data":"Turbo","floor":47,"key":"SMITH"},{"data":"Electrodynamics","floor":49,"key":"SMITH"}],"neow_cost":"NONE","seed_source_timestamp":1299473356245580,"circlet_count":0,"master_deck":["Strike_B","Strike_B","Defend_B","Defend_B","Defend_B","Defend_B","Zap","Dualcast","Impatience","FTL","Cold Snap","Auto Shields","Streamline+1","Coolheaded+1","Darkness+1","Sweeping Beam+1","BootSequence","Ball Lightning","Buffer+1","Chill+1","Necronomicurse","Defragment+1","Streamline+1","Hologram+1","Turbo+1","Electrodynamics+1","Capacitor+1","Static Discharge+1","Go for the Eyes+1","Reprogram+1","Defragment+1","Loop+1","Streamline+1"],"relics":["Cracked Core","Bottled Lightning","Meat on the Bone","Pantograph","Runic Pyramid","Pen Nib","Necronomicon","DataDisk","Pear","Bottled Tornado","Philosopher\u0027s Stone","Regal Pillow","Lantern","DollysMirror"],"potions_floor_usage":[7,7,11,24,25,41,50,50],"damage_taken":[{"damage":7,"enemies":"Jaw Worm","floor":1,"turns":2},{"damage":0,"enemies":"Cultist","floor":4,"turns":3},{"damage":0,"enemies":"Small Slimes","floor":5,"turns":2},{"damage":10,"enemies":"Gremlin Nob","floor":7,"turns":4},{"damage":1,"enemies":"Blue Slaver","floor":10,"turns":3},{"damage":6,"enemies":"Lagavulin","floor":11,"turns":4},{"damage":15,"enemies":"Looter","floor":12,"turns":3},{"damage":7,"enemies":"3 Louse","floor":14,"turns":4},{"damage":64,"enemies":"Hexaghost","floor":16,"turns":10},{"damage":2,"enemies":"Shell Parasite","floor":18,"turns":4},{"damage":0,"enemies":"2 Thieves","floor":24,"turns":4},{"damage":3,"enemies":"3 Cultists","floor":25,"turns":6},{"damage":16,"enemies":"Slavers","floor":28,"turns":5},{"damage":0,"enemies":"Shelled Parasite and Fungi","floor":30,"turns":4},{"damage":17,"enemies":"Snake Plant","floor":31,"turns":3},{"damage":16,"enemies":"Automaton","floor":33,"turns":11},{"damage":0,"enemies":"3 Shapes","floor":35,"turns":3},{"damage":1,"enemies":"3 Darklings","floor":37,"turns":4},{"damage":0,"enemies":"Maw","floor":39,"turns":6},{"damage":4,"enemies":"Giant Head","floor":41,"turns":8},{"damage":0,"enemies":"Sphere and 2 Shapes","floor":42,"turns":4},{"damage":0,"enemies":"Spire Growth","floor":48,"turns":4},{"damage":0,"enemies":"Awakened One","floor":50,"turns":14}],"seed_played":"-2349111462924576125","potions_obtained":[{"floor":2,"key":"AttackPotion"},{"floor":2,"key":"Block Potion"},{"floor":2,"key":"Dexterity Potion"},{"floor":4,"key":"PowerPotion"},{"floor":14,"key":"Poison Potion"},{"floor":16,"key":"GamblersBrew"},{"floor":18,"key":"Strength Potion"},{"floor":28,"key":"FearPotion"},{"floor":33,"key":"Energy Potion"},{"floor":35,"key":"Block Potion"},{"floor":41,"key":"EssenceOfSteel"}],"is_trial":false,"path_per_floor":["M","?","$","M","M","R","E","R","T","M","E","M","R","M","R","B",null,"M","?","?","?","$","R","M","M","T","?","E","R","M","M","R","B",null,"M","?","M","?","M","R","E","M","T","$","R","?","R","M","R","B",null],"character_chosen":"DEFECT","items_purchased":["Cold Snap","Auto Shields","DataDisk","DollysMirror","Loop"],"campfire_rested":0,"item_purchase_floors":[3,3,22,44,44],"current_hp_per_floor":[68,68,68,68,68,68,58,58,58,57,51,48,48,41,41,14,60,58,58,42,42,42,42,42,39,49,49,45,45,45,40,40,49,76,76,76,75,75,75,75,71,71,71,71,71,71,71,71,71,81],"gold":32,"neow_bonus":"RANDOM_COLORLESS","is_prod":false,"is_daily":false,"chose_seed":false,"campfire_upgraded":11,"win_rate":0,"timestamp":1569598365,"path_taken":["M","?","?","M","M","R","E","R","T","?","E","M","R","M","R","BOSS","M","?","?","?","$","R","M","?","T","?","E","R","M","M","R","BOSS","M","?","M","?","?","R","E","M","T","$","R","?","R","M","R","BOSS"],"build_version":"2019-07-17","purchased_purges":1,"victory":true,"max_hp_per_floor":[75,75,75,75,75,75,75,75,75,75,75,75,75,75,75,75,75,75,75,75,75,75,75,75,75,85,85,85,85,85,85,85,85,85,85,85,85,85,85,85,85,85,85,85,85,81,81,81,81,81],"card_choices":[{"not_picked":["Barrage","Hologram"],"picked":"FTL","floor":1},{"not_picked":["Steam","Chill"],"picked":"Streamline","floor":4},{"not_picked":["Gash","Hologram"],"picked":"Coolheaded","floor":5},{"not_picked":["Conserve Battery","Heatsinks"],"picked":"Darkness","floor":7},{"not_picked":["Barrage","Cold Snap"],"picked":"Sweeping Beam","floor":10},{"not_picked":["FTL","Leap","Steam"],"picked":"SKIP","floor":11},{"not_picked":["Auto Shields","Fusion"],"picked":"BootSequence","floor":12},{"not_picked":["Force Field","Lockon"],"picked":"Ball Lightning","floor":14},{"not_picked":["Amplify","Thunder Strike"],"picked":"Buffer","floor":16},{"not_picked":["Redo","Ball Lightning+1"],"picked":"Chill+1","floor":18},{"not_picked":["Coolheaded","Fusion"],"picked":"Defragment","floor":24},{"not_picked":["Undo","Coolheaded","Sweeping Beam"],"picked":"SKIP","floor":25},{"not_picked":["Turbo","All For One"],"picked":"Hologram","floor":28},{"not_picked":["Go for the Eyes","Stack+1","Cold Snap"],"picked":"SKIP","floor":30},{"not_picked":["Tempest","Rebound"],"picked":"Turbo","floor":31},{"not_picked":["Rainbow","Biased Cognition"],"picked":"Electrodynamics","floor":33},{"not_picked":["Steam Power+1","Skim+1","Sweeping Beam+1"],"picked":"SKIP","floor":35},{"not_picked":["Force Field+1","Heatsinks"],"picked":"Capacitor+1","floor":37},{"not_picked":["Aggregate+1","Storm+1"],"picked":"Static Discharge+1","floor":39},{"not_picked":["Ball Lightning+1","Force Field"],"picked":"Go for the Eyes+1","floor":41},{"not_picked":["Hello World+1","Ball Lightning"],"picked":"Reprogram+1","floor":42},{"not_picked":["Go for the Eyes","Skim"],"picked":"Streamline+1","floor":48}],"player_experience":300210,"relics_obtained":[{"floor":7,"key":"Bottled Lightning"},{"floor":9,"key":"Meat on the Bone"},{"floor":11,"key":"Pantograph"},{"floor":20,"key":"Necronomicon"},{"floor":26,"key":"Pear"},{"floor":28,"key":"Bottled Tornado"},{"floor":41,"key":"Regal Pillow"},{"floor":43,"key":"Lantern"}],"event_choices":[{"damage_healed":0,"gold_gain":0,"player_choice":"Got Potions","damage_taken":0,"max_hp_gain":0,"max_hp_loss":0,"event_name":"Lab","floor":2,"gold_loss":0},{"damage_healed":0,"gold_gain":0,"player_choice":"Opened","damage_taken":0,"relics_obtained":["Pen Nib"],"max_hp_gain":0,"max_hp_loss":0,"event_name":"The Mausoleum","floor":19,"gold_loss":0},{"damage_healed":0,"gold_gain":0,"player_choice":"Obtained Book","damage_taken":16,"max_hp_gain":0,"max_hp_loss":0,"event_name":"Cursed Tome","floor":20,"gold_loss":0},{"cards_removed":["Strike_B"],"damage_healed":0,"gold_gain":0,"player_choice":"Gave Gold","damage_taken":0,"max_hp_gain":0,"max_hp_loss":0,"event_name":"Beggar","floor":21,"gold_loss":75},{"damage_healed":0,"gold_gain":0,"player_choice":"Read","damage_taken":0,"max_hp_gain":0,"max_hp_loss":0,"event_name":"The Library","floor":27,"gold_loss":0,"cards_obtained":["Streamline"]},{"damage_healed":0,"gold_gain":0,"player_choice":"Ignored","damage_taken":0,"max_hp_gain":0,"max_hp_loss":0,"event_name":"Tomb of Lord Red Mask","floor":36,"gold_loss":0},{"damage_healed":0,"gold_gain":0,"player_choice":"Ignored","damage_taken":0,"max_hp_gain":0,"max_hp_loss":0,"event_name":"SecretPortal","floor":38,"gold_loss":0},{"damage_healed":0,"gold_gain":0,"player_choice":"Max HP","damage_taken":0,"max_hp_gain":0,"max_hp_loss":4,"event_name":"Winding Halls","floor":46,"gold_loss":0}],"is_beta":false,"boss_relics":[{"not_picked":["Lizard Tail","Runic Dome"],"picked":"Runic Pyramid"},{"not_picked":["Busted Crown","Empty Cage"],"picked":"Philosopher\u0027s Stone"}],"items_purged_floors":[44],"is_endless":false,"potions_floor_spawned":[4,14,16,18,28,33,35,41,42],"ascension_level":5}