{"gold_per_floor":[214,214,230,0,11,39,39,56,56,56,68,100,117,130,130,227,227,227,227,100,100,100,100,100,100,100,100,100,100,100,100,100,100,100,100,100,10,10,10,10,10,10,10,10,10,10,10,10,10,10],"floor_reached":50,"playtime":3004,"items_purged":["Strike_R"],"score":817,"play_id":"dce4f46c-d1ca-403e-89d2-6d05c3c242de","local_time":"20190929015658","is_ascension_mode":true,"campfire_choices":[{"data":"Rage","floor":7,"key":"SMITH"},{"data":"Feed","floor":10,"key":"SMITH"},{"data":"Uppercut","floor":15,"key":"SMITH"},{"data":"Demon Form","floor":24,"key":"SMITH"},{"data":"Shockwave","floor":32,"key":"SMITH"},{"floor":41,"key":"REST"},{"floor":46,"key":"REST"},{"floor":49,"key":"REST"}],"neow_cost":"NONE","seed_source_timestamp":6158265613114,"circlet_count":0,"master_deck":["Strike_R","Strike_R","Strike_R+1","Defend_R","Defend_R","Defend_R","Defend_R+1","Bash+1","Rage+1","Infernal Blade","Feed+1","Anger","Sword Boomerang","Uppercut+1","Reaper","Demon Form+1","Shrug It Off","Metallicize","Disarm+1","Shockwave+1","Shrug It Off","Writhe","True Grit+1","Limit Break","Spot Weakness","Shrug It Off","Seeing Red","Demon Form+1","Rage+1","Bandage Up","True Grit+1","Disarm+1"],"relics":["Burning Blood","Oddly Smooth Stone","Whetstone","Juzu Bracelet","Sundial","Ectoplasm","Frozen Egg 2","Happy Flower","StoneCalendar","Potion Belt","Ornamental Fan","Orrery","WingedGreaves","Dream Catcher","Strawberry"],"potions_floor_usage":[6,6,12,12,16,23,23,44,50],"damage_taken":[{"damage":2,"enemies":"Small Slimes","floor":1,"turns":5},{"damage":0,"enemies":"Cultist","floor":3,"turns":3},{"damage":1,"enemies":"2 Louse","floor":5,"turns":4},{"damage":33,"enemies":"Lagavulin","floor":6,"turns":9},{"damage":14,"enemies":"Exordium Thugs","floor":8,"turns":5},{"damage":4,"enemies":"Exordium Wildlife","floor":11,"turns":4},{"damage":30,"enemies":"3 Sentries","floor":12,"turns":9},{"damage":0,"enemies":"2 Fungi Beasts","floor":13,"turns":3},{"damage":14,"enemies":"3 Louse","floor":14,"turns":3},{"damage":37,"enemies":"Slime Boss","floor":16,"turns":10},{"damage":12,"enemies":"3 Byrds","floor":18,"turns":4},{"damage":0,"enemies":"Shell Parasite","floor":21,"turns":4},{"damage":56,"enemies":"Slavers","floor":23,"turns":5},{"damage":28,"enemies":"Gremlin Leader","floor":25,"turns":8},{"damage":5,"enemies":"Snecko","floor":27,"turns":6},{"damage":64,"enemies":"Slavers","floor":28,"turns":6},{"damage":29,"enemies":"Cultist and Chosen","floor":30,"turns":7},{"damage":10,"enemies":"Snake Plant","floor":31,"turns":4},{"damage":58,"enemies":"Collector","floor":33,"turns":10},{"damage":50,"enemies":"3 Darklings","floor":35,"turns":7},{"damage":54,"enemies":"Giant Head","floor":40,"turns":8},{"damage":51,"enemies":"Nemesis","floor":42,"turns":9},{"damage":17,"enemies":"3 Shapes","floor":44,"turns":7},{"damage":102,"enemies":"Donu and Deca","floor":50,"turns":7}],"seed_played":"-4103502094617287226","potions_obtained":[{"floor":1,"key":"Explosive Potion"},{"floor":6,"key":"Block Potion"},{"floor":8,"key":"Regen Potion"},{"floor":12,"key":"Regen Potion"},{"floor":13,"key":"AttackPotion"},{"floor":21,"key":"LiquidBronze"},{"floor":27,"key":"SpeedPotion"},{"floor":42,"key":"Block Potion"},{"floor":44,"key":"Explosive Potion"}],"is_trial":false,"path_per_floor":["M","?","M","$","M","E","R","M","T","R","M","E","M","M","R","B",null,"M","?","$","M","?","E","R","E","T","M","E","?","M","M","R","B",null,"M","?","?","?","$","E","R","E","T","M","?","R","?","$","R","B"],"character_chosen":"IRONCLAD","items_purchased":["Oddly Smooth Stone","EssenceOfSteel","Shrug It Off"],"campfire_rested":3,"item_purchase_floors":[4,4,20],"current_hp_per_floor":[76,76,80,80,80,53,53,45,45,45,51,46,56,52,52,25,81,88,88,88,98,98,74,74,107,107,112,91,91,83,79,79,109,114,70,70,70,70,70,26,62,21,28,17,17,56,56,56,95,0],"gold":10,"neow_bonus":"HUNDRED_GOLD","is_prod":false,"is_daily":false,"chose_seed":false,"campfire_upgraded":5,"win_rate":0,"timestamp":1569715018,"path_taken":["M","?","?","$","M","E","R","M","T","R","M","E","M","M","R","BOSS","M","?","?","M","?","E","R","E","T","M","E","?","M","M","R","BOSS","M","?","?","?","$","E","R","E","T","M","?","R","?","?","R","BOSS"],"build_version":"2019-07-17","purchased_purges":1,"victory":false,"max_hp_per_floor":[80,80,80,80,80,80,80,80,80,80,84,88,92,96,96,100,100,100,100,100,104,104,104,104,108,108,112,112,112,116,116,116,116,116,116,116,116,116,116,120,120,124,131,131,131,131,131,131,131,131],"card_choices":[{"not_picked":["Havoc","Iron Wave"],"picked":"Rage","floor":1},{"not_picked":["Body Slam","Thunderclap"],"picked":"Infernal Blade","floor":3},{"not_picked":["Headbutt","Sever Soul"],"picked":"Feed","floor":5},{"not_picked":["Berserk","Wild Strike"],"picked":"Anger","floor":6},{"not_picked":["Seeing Red","Infernal Blade","Body Slam"],"picked":"SKIP","floor":8},{"not_picked":["Second Wind","Headbutt","Body Slam"],"picked":"SKIP","floor":11},{"not_picked":["Iron Wave","Entrench"],"picked":"Sword Boomerang","floor":12},{"not_picked":["Clothesline","Infernal Blade"],"picked":"Clash","floor":13},{"not_picked":["Burning Pact","Cleave"],"picked":"Uppercut","floor":14},{"not_picked":["Barricade","Fiend Fire"],"picked":"Reaper","floor":16},{"not_picked":["Sentinel","Sword Boomerang+1","Bloodletting"],"picked":"SKIP","floor":18},{"not_picked":["Clash","Iron Wave"],"picked":"Metallicize","floor":21},{"not_picked":["Burning Pact","Power Through"],"picked":"Disarm+1","floor":23},{"not_picked":["Pommel Strike","Warcry","Sword Boomerang"],"picked":"SKIP","floor":25},{"not_picked":["Havoc","Shrug It Off+1"],"picked":"Shockwave","floor":27},{"not_picked":["Fiend Fire","Heavy Blade"],"picked":"Shrug It Off","floor":28},{"not_picked":["Bloodletting+1","Twin Strike+1"],"picked":"True Grit+1","floor":30},{"not_picked":["Clothesline","Perfected Strike","True Grit"],"picked":"SKIP","floor":31},{"not_picked":["Bludgeon","Reaper"],"picked":"Limit Break","floor":33},{"not_picked":["Thunderclap","Cleave"],"picked":"Spot Weakness","floor":34},{"not_picked":["Cleave","Shockwave"],"picked":"Shrug It Off","floor":34},{"not_picked":["Thunderclap+1","Sword Boomerang"],"picked":"Seeing Red","floor":34},{"not_picked":["Pommel Strike","Heavy Blade+1"],"picked":"Demon Form+1","floor":35},{"not_picked":["Dual Wield","Sentinel","Feel No Pain+1"],"picked":"SKIP","floor":40},{"not_picked":["Thunderclap","Shockwave"],"picked":"Rage+1","floor":42},{"not_picked":["Flex","Clothesline+1","Thunderclap"],"picked":"SKIP","floor":44},{"not_picked":["Swift Strike","Sadistic Nature+1"],"picked":"Bandage Up","floor":45},{"not_picked":["Pommel Strike+1","Wild Strike"],"picked":"True Grit+1","floor":46},{"not_picked":["Sword Boomerang+1","Warcry"],"picked":"Disarm+1","floor":49}],"player_experience":319947,"relics_obtained":[{"floor":6,"key":"Whetstone"},{"floor":9,"key":"Juzu Bracelet"},{"floor":12,"key":"Sundial"},{"floor":23,"key":"Frozen Egg 2"},{"floor":25,"key":"Happy Flower"},{"floor":26,"key":"StoneCalendar"},{"floor":28,"key":"Potion Belt"},{"floor":40,"key":"WingedGreaves"},{"floor":42,"key":"Dream Catcher"},{"floor":43,"key":"Strawberry"}],"event_choices":[{"cards_removed":["Strike_R"],"damage_healed":0,"gold_gain":0,"player_choice":"Purged","damage_taken":0,"max_hp_gain":0,"max_hp_loss":0,"event_name":"Purifier","floor":2,"gold_loss":0},{"damage_healed":0,"gold_gain":0,"player_choice":"1 cards matched","damage_taken":0,"max_hp_gain":0,"max_hp_loss":0,"event_name":"Match and Keep!","floor":19,"gold_loss":0,"cards_obtained":["Demon Form"]},{"damage_healed":0,"gold_gain":0,"player_choice":"Read","damage_taken":0,"max_hp_gain":0,"max_hp_loss":0,"event_name":"The Library","floor":22,"gold_loss":0,"cards_obtained":["True Grit"]},{"damage_healed":0,"gold_gain":0,"player_choice":"Opened","damage_taken":0,"relics_obtained":["Ornamental Fan"],"max_hp_gain":0,"max_hp_loss":0,"event_name":"The Mausoleum","floor":29,"gold_loss":0,"cards_obtained":["Writhe"]},{"damage_healed":0,"gold_gain":0,"player_choice":"Ignored","damage_taken":0,"max_hp_gain":0,"max_hp_loss":0,"event_name":"Tomb of Lord Red Mask","floor":36,"gold_loss":0},{"cards_removed":["Clash"],"damage_healed":0,"gold_gain":0,"player_choice":"Upgrade and Remove","damage_taken":0,"max_hp_gain":0,"max_hp_loss":0,"event_name":"Designer","floor":37,"gold_loss":90,"cards_upgraded":["Defend_R"]},{"cards_removed":["True Grit"],"damage_healed":0,"gold_gain":0,"player_choice":"Removed Skill","damage_taken":0,"max_hp_gain":0,"max_hp_loss":0,"event_name":"Falling","floor":38,"gold_loss":0},{"damage_healed":0,"gold_gain":0,"player_choice":"Memory 1","damage_taken":0,"max_hp_gain":0,"max_hp_loss":0,"event_name":"SensoryStone","floor":45,"gold_loss":0},{"damage_healed":0,"gold_gain":0,"player_choice":"Ignored","damage_taken":0,"max_hp_gain":0,"max_hp_loss":0,"event_name":"The Moai Head","floor":47,"gold_loss":0}],"is_beta":false,"boss_relics":[{"not_picked":["Black Blood","Runic Dome"],"picked":"Ectoplasm"},{"not_picked":["Mark of Pain","Tiny House"],"picked":"Orrery"}],"items_purged_floors":[20],"is_endless":false,"potions_floor_spawned":[1,6,8,12,13,21,27,42,44],"killed_by":"Donu and Deca","ascension_level":7}