{"gold_per_floor":[112,112,122,138,154,154,154,154,154,189,202,233,233,248,248,248],"floor_reached":16,"playtime":671,"items_purged":[],"score":123,"play_id":"87e31971-400c-4176-a2b8-a77879b6a690","local_time":"20191007202746","is_ascension_mode":true,"campfire_choices":[{"data":"Zap","floor":6,"key":"SMITH"},{"data":"Redo","floor":8,"key":"SMITH"},{"floor":13,"key":"REST"},{"data":"Dualcast","floor":15,"key":"SMITH"}],"neow_cost":"NONE","seed_source_timestamp":2160794090795300,"circlet_count":0,"master_deck":["Strike_B","Strike_B","Strike_B","Strike_B","Defend_B","Defend_B","Defend_B","Defend_B","Zap+1","Dualcast+1","Jack Of All Trades","Redo+1","Capacitor","Leap","BootSequence","Go for the Eyes"],"relics":["Cracked Core","Pear","Darkstone Periapt","Shuriken","Regal Pillow"],"potions_floor_usage":[12,12],"damage_taken":[{"damage":0,"enemies":"2 Louse","floor":1,"turns":2},{"damage":6,"enemies":"Cultist","floor":3,"turns":4},{"damage":2,"enemies":"Small Slimes","floor":4,"turns":3},{"damage":16,"enemies":"3 Louse","floor":5,"turns":3},{"damage":22,"enemies":"3 Sentries","floor":10,"turns":3},{"damage":11,"enemies":"Large Slime","floor":11,"turns":6},{"damage":15,"enemies":"Lagavulin","floor":12,"turns":9},{"damage":11,"enemies":"Exordium Wildlife","floor":14,"turns":4},{"damage":33,"enemies":"The Guardian","floor":16,"turns":5}],"seed_played":"7819326542457098083","potions_obtained":[{"floor":4,"key":"PowerPotion"},{"floor":10,"key":"FearPotion"},{"floor":12,"key":"Weak Potion"}],"is_trial":false,"path_per_floor":["M","?","M","M","M","R","?","R","T","E","M","E","R","M","R","B"],"character_chosen":"DEFECT","items_purchased":[],"campfire_rested":1,"item_purchase_floors":[],"current_hp_per_floor":[75,75,69,67,51,51,49,49,49,27,16,1,41,30,30,0],"gold":248,"neow_bonus":"RANDOM_COLORLESS","is_prod":false,"is_daily":false,"chose_seed":false,"campfire_upgraded":3,"win_rate":0,"timestamp":1570444066,"path_taken":["M","?","M","?","M","R","?","R","T","E","M","E","R","M","R","BOSS"],"build_version":"2019-10-04","purchased_purges":0,"victory":false,"max_hp_per_floor":[75,75,75,75,75,75,85,85,85,85,85,85,85,85,85,85],"card_choices":[{"not_picked":["Impatience","Finesse"],"picked":"Jack Of All Trades","floor":0},{"not_picked":["Compile Driver","Streamline","Heatsinks"],"picked":"SKIP","floor":1},{"not_picked":["Sweeping Beam","Steam Power"],"picked":"Redo","floor":3},{"not_picked":["Turbo","Fission"],"picked":"Capacitor","floor":4},{"not_picked":["Rebound","Compile Driver","Lockon"],"picked":"SKIP","floor":5},{"not_picked":["Fusion","Conserve Battery"],"picked":"Leap","floor":10},{"not_picked":["Sweeping Beam","Doom and Gloom"],"picked":"BootSequence","floor":11},{"not_picked":["Aggregate","Gash","Force Field"],"picked":"SKIP","floor":12},{"not_picked":["Rebound","Tempest"],"picked":"Go for the Eyes","floor":14}],"player_experience":22762,"relics_obtained":[{"floor":9,"key":"Darkstone Periapt"},{"floor":10,"key":"Shuriken"},{"floor":12,"key":"Regal Pillow"}],"event_choices":[{"damage_healed":0,"gold_gain":0,"player_choice":"Bought 0 Potions","damage_taken":0,"max_hp_gain":0,"max_hp_loss":0,"event_name":"The Woman in Blue","floor":2,"gold_loss":0},{"damage_healed":0,"gold_gain":0,"player_choice":"Success","damage_taken":12,"relics_obtained":["Pear"],"max_hp_gain":0,"max_hp_loss":0,"event_name":"Scrap Ooze","floor":7,"gold_loss":0}],"is_beta":true,"boss_relics":[],"items_purged_floors":[],"is_endless":false,"potions_floor_spawned":[4,10,12],"killed_by":"The Guardian","ascension_level":2}