{"gold_per_floor":[113,113,124,143,166,201,201,214,238,267,279,625,519,549,549,653,653,664,694,894,906,919,919,954,954,979,366,366,382,396,411,411,511,511,525,536,136,153,164,164,70,70,121,121,138,138,238,254,254,254],"floor_reached":50,"playtime":5372,"items_purged":[],"score":559,"play_id":"9287520a-95da-4a88-a8e4-651318b03dc1","local_time":"20190411154125","is_ascension_mode":false,"campfire_choices":[{"data":"Poisoned Stab","floor":7,"key":"SMITH"},{"floor":15,"key":"REST"},{"floor":23,"key":"REST"},{"floor":25,"key":"REST"},{"floor":28,"key":"REST"},{"floor":32,"key":"REST"},{"data":"Infinite Blades","floor":40,"key":"SMITH"},{"data":"Crippling Poison","floor":42,"key":"SMITH"},{"data":"Catalyst","floor":46,"key":"SMITH"},{"data":"Catalyst","floor":49,"key":"SMITH"}],"neow_cost":"NONE","seed_source_timestamp":3529134994868461,"circlet_count":0,"master_deck":["Defend_G","Defend_G","Defend_G","Defend_G","Strike_G+1","Strike_G","Strike_G","Strike_G","Strike_G","Survivor","Neutralize+1","Poisoned Stab+1","Flying Knee","Leg Sweep","Backstab","Bouncing Flask","Poisoned Stab","Finisher","Blade Dance","Flying Knee","Backflip","Deadly Poison","Adrenaline","Dodge and Roll","Dagger Throw","Deadly Poison","PiercingWail","Crippling Poison+1","Well Laid Plans","Dodge and Roll+1","Dagger Spray+1","Infinite Blades+1","Quick Slash","Footwork","Poisoned Stab","Mayhem","Catalyst+1","Crippling Poison+1","Quick Slash+1","After Image","Prepared+1","PiercingWail+1","Bane","Slice","Catalyst+1","Well Laid Plans","Crippling Poison","Terror+1","Dagger Throw","Tactician","Dash+1","Noxious Fumes+1"],"relics":["Ring of the Snake","Whetstone","Bronze Scales","MawBank","Old Coin","Potion Belt","Orrery","Red Mask","Vajra","Orichalcum","Tingsha","Eternal Feather","TwistedFunnel","Lantern"],"potions_floor_usage":[6,16,31,33,33,50,50,50],"damage_taken":[{"damage":0,"enemies":"Small Slimes","floor":1,"turns":3},{"damage":0,"enemies":"Jaw Worm","floor":3,"turns":5},{"damage":1,"enemies":"2 Louse","floor":4,"turns":2},{"damage":11,"enemies":"Lagavulin","floor":6,"turns":7},{"damage":2,"enemies":"Gremlin Gang","floor":8,"turns":4},{"damage":1,"enemies":"Red Slaver","floor":10,"turns":2},{"damage":8,"enemies":"Gremlin Nob","floor":12,"turns":3},{"damage":13,"enemies":"Lagavulin","floor":14,"turns":4},{"damage":18,"enemies":"Hexaghost","floor":16,"turns":7},{"damage":14,"enemies":"Shell Parasite","floor":18,"turns":4},{"damage":36,"enemies":"Masked Bandits","floor":19,"turns":5},{"damage":0,"enemies":"3 Byrds","floor":21,"turns":3},{"damage":21,"enemies":"Snecko","floor":22,"turns":6},{"damage":25,"enemies":"Slavers","floor":24,"turns":5},{"damage":11,"enemies":"Shelled Parasite and Fungi","floor":29,"turns":4},{"damage":0,"enemies":"Snake Plant","floor":30,"turns":3},{"damage":7,"enemies":"Cultist and Chosen","floor":31,"turns":6},{"damage":58,"enemies":"Collector","floor":33,"turns":8},{"damage":17,"enemies":"Orb Walker","floor":35,"turns":4},{"damage":5,"enemies":"3 Shapes","floor":36,"turns":5},{"damage":21,"enemies":"Jaw Worm Horde","floor":38,"turns":4},{"damage":6,"enemies":"3 Darklings","floor":39,"turns":4},{"damage":36,"enemies":"Spire Growth","floor":45,"turns":4},{"damage":3,"enemies":"4 Shapes","floor":48,"turns":3},{"damage":94,"enemies":"Time Eater","floor":50,"turns":9}],"seed_played":"-7808426129933520455","potions_obtained":[{"floor":1,"key":"FearPotion"},{"floor":6,"key":"Regen Potion"},{"floor":10,"key":"Ancient Potion"},{"floor":18,"key":"SpeedPotion"},{"floor":30,"key":"PowerPotion"},{"floor":33,"key":"Fire Potion"},{"floor":38,"key":"GamblersBrew"},{"floor":39,"key":"Energy Potion"}],"is_trial":false,"path_per_floor":["M","?","M","M","T","E","R","M","T","M","$","E","$","E","R","B",null,"M","?","?","M","M","R","E","R","T","$","R","M","M","M","R","B",null,"M","M","$","M","M","R","$","R","T","?","M","R","?","M","R","B"],"character_chosen":"THE_SILENT","items_purchased":["Blade Dance","Flying Knee","Backflip","Tingsha","Footwork","Poisoned Stab","Mayhem","Block Potion","TwistedFunnel","Bane","Slice","Catalyst","Well Laid Plans","Dagger Throw","Tactician"],"campfire_rested":5,"item_purchase_floors":[13,13,13,27,27,27,27,27,37,37,37,37,37,41,41],"current_hp_per_floor":[77,82,82,81,81,70,70,68,68,67,67,59,59,46,70,67,82,68,32,32,32,11,35,10,34,34,34,58,47,47,40,64,6,82,65,60,60,39,33,60,60,82,82,82,46,76,76,73,82,0],"gold":254,"neow_bonus":"TEN_PERCENT_HP_BONUS","is_prod":false,"is_daily":false,"chose_seed":false,"campfire_upgraded":5,"win_rate":0.0,"timestamp":1555011685,"path_taken":["M","?","M","M","?","E","R","M","T","M","$","E","?","E","R","BOSS","M","?","?","M","?","R","E","R","T","$","R","M","M","M","R","BOSS","M","M","$","M","M","R","$","R","T","?","M","R","?","M","R","BOSS"],"build_version":"2019-01-23","purchased_purges":0,"victory":false,"max_hp_per_floor":[77,82,82,82,82,82,82,82,82,82,82,82,82,82,82,82,82,82,82,82,82,82,82,82,82,82,82,82,82,82,82,82,82,82,82,82,82,82,82,82,82,82,82,82,82,82,82,82,82,82],"card_choices":[{"not_picked":["Blur","Endless Agony"],"picked":"Poisoned Stab","floor":1},{"not_picked":["All Out Attack","Outmaneuver"],"picked":"Flying Knee","floor":3},{"not_picked":["Tactician","PiercingWail"],"picked":"Leg Sweep","floor":4},{"not_picked":["Masterful Stab","Acrobatics"],"picked":"Backstab","floor":6},{"not_picked":["Crippling Poison","Acrobatics"],"picked":"Bouncing Flask","floor":8},{"not_picked":["Catalyst","Bane"],"picked":"Poisoned Stab","floor":10},{"not_picked":["Underhanded Strike","Terror"],"picked":"Finisher","floor":12},{"not_picked":["Terror","Tactician"],"picked":"Deadly Poison","floor":14},{"not_picked":["Unload","Glass Knife"],"picked":"Adrenaline","floor":16},{"not_picked":["Endless Agony","Deflect"],"picked":"Dodge and Roll","floor":17},{"not_picked":["Deflect","Tactician"],"picked":"Dagger Throw","floor":17},{"not_picked":["Blur","Tactician"],"picked":"Deadly Poison","floor":17},{"not_picked":["Eviscerate","Endless Agony"],"picked":"PiercingWail","floor":17},{"not_picked":["Acrobatics","Caltrops"],"picked":"Crippling Poison","floor":17},{"not_picked":["Deadly Poison+1","Dagger Spray"],"picked":"Well Laid Plans","floor":18},{"not_picked":["Backflip","Outmaneuver+1"],"picked":"Dodge and Roll+1","floor":19},{"not_picked":["Phantasmal Killer","Slice"],"picked":"Dagger Spray+1","floor":21},{"not_picked":["Predator+1","Finisher"],"picked":"Infinite Blades","floor":22},{"not_picked":["Dodge and Roll","Deflect"],"picked":"Quick Slash","floor":24},{"not_picked":["Predator+1","Flying Knee"],"picked":"Catalyst","floor":29},{"not_picked":["Sucker Punch+1","Calculated Gamble+1"],"picked":"Crippling Poison+1","floor":30},{"not_picked":["Dagger Spray","Dagger Throw"],"picked":"Quick Slash+1","floor":31},{"not_picked":["Night Terror","Wraith Form v2"],"picked":"After Image","floor":33},{"not_picked":["Deflect","Crippling Poison"],"picked":"Prepared+1","floor":35},{"not_picked":["Masterful Stab","Caltrops"],"picked":"PiercingWail+1","floor":36},{"not_picked":["Catalyst+1","Dagger Throw"],"picked":"Crippling Poison","floor":38},{"not_picked":["Sucker Punch","Expertise+1"],"picked":"Terror+1","floor":39},{"not_picked":["All Out Attack","Deflect+1"],"picked":"Dash+1","floor":45},{"not_picked":["Escape Plan","Infinite Blades"],"picked":"Noxious Fumes+1","floor":48}],"player_experience":34034,"relics_obtained":[{"floor":5,"key":"Whetstone"},{"floor":6,"key":"Bronze Scales"},{"floor":9,"key":"MawBank"},{"floor":12,"key":"Old Coin"},{"floor":14,"key":"Potion Belt"},{"floor":19,"key":"Red Mask"},{"floor":24,"key":"Vajra"},{"floor":26,"key":"Orichalcum"},{"floor":43,"key":"Lantern"}],"event_choices":[{"damage_healed":0,"gold_gain":0,"player_choice":"Donut","damage_taken":0,"max_hp_gain":5,"max_hp_loss":0,"event_name":"Big Fish","floor":2,"gold_loss":0},{"damage_healed":0,"gold_gain":0,"player_choice":"Fought Bandits","damage_taken":0,"max_hp_gain":0,"max_hp_loss":0,"event_name":"Masked Bandits","floor":19,"gold_loss":0},{"damage_healed":0,"gold_gain":250,"player_choice":"Bet on Owner","damage_taken":0,"max_hp_gain":0,"max_hp_loss":0,"event_name":"The Joust","floor":20,"gold_loss":50},{"cards_removed":["Defend_G"],"damage_healed":0,"gold_gain":0,"player_choice":"Removed Skill","damage_taken":0,"max_hp_gain":0,"max_hp_loss":0,"event_name":"Falling","floor":44,"gold_loss":0},{"damage_healed":0,"gold_gain":100,"player_choice":"Pray","damage_taken":0,"max_hp_gain":0,"max_hp_loss":0,"event_name":"Golden Shrine","floor":47,"gold_loss":0}],"is_beta":false,"boss_relics":[{"not_picked":["Lizard Tail","Ectoplasm"],"picked":"Orrery"},{"not_picked":["Astrolabe","Tiny House"],"picked":"Eternal Feather"}],"items_purged_floors":[],"is_endless":false,"potions_floor_spawned":[1,6,10,18,30,33,38,39],"killed_by":"Time Eater","ascension_level":0}