{"path_per_floor":["M","?","M","M","?","E","M","E","T","R","$","M","$","M","R","B",null,"M","T","?","M","?","E","R"],"character_chosen":"THE_SILENT","items_purchased":["Caltrops"],"gold_per_floor":[112,112,128,146,146,178,194,227,250,250,137,153,53,67,67,168,168,138,165,165,175,175,209,209],"floor_reached":25,"campfire_rested":2,"playtime":3070,"current_hp_per_floor":[70,70,68,66,59,46,36,32,32,32,32,19,19,19,40,12,70,60,67,53,43,43,17,41],"items_purged":["Strike_G","Strike_G"],"gold":209,"score":277,"play_id":"8f1c3a56-bd49-4177-a9e4-8e2e377e18ff","is_prod":false,"is_daily":false,"is_ascension_mode":true,"campfire_upgraded":1,"path_taken":["M","?","?","M","?","E","M","E","T","R","$","?","?","?","R","BOSS","M","?","?","M","?","E","R","E"],"build_version":"2018-02-12-PROD1","purchased_purges":2,"victory":false,"master_deck":["Defend_G","Defend_G","Defend_G","Defend_G","Strike_G","Survivor","Neutralize","Footwork+1","Flying Knee","Infinite Blades","Deflect","Backstab","Prepared","Caltrops","Accuracy","Footwork","Bullet Time","Backflip","Dodge and Roll","Leg Sweep","Caltrops","Prepared","Tactician"],"max_hp_per_floor":[70,70,70,70,70,70,70,70,70,70,70,70,70,70,70,70,70,70,77,82,82,82,82,82],"relics":["Ring of the Snake","Omamori","Bronze Scales","Bag of Marbles","Orrery","Strawberry","Girya","Peace Pipe"],"card_choices":[{"not_picked":["Expertise","Quick Slash"],"picked":"Footwork"},{"not_picked":["Acrobatics","Eviscerate"],"picked":"Flying Knee"},{"not_picked":["Prepared","Dagger Spray"],"picked":"Infinite Blades"},{"not_picked":["Leg Sweep","PiercingWail"],"picked":"Deflect"},{"not_picked":["Poisoned Stab","Dodge and Roll"],"picked":"Backstab"},{"not_picked":["PiercingWail","Unload"],"picked":"Prepared"},{"not_picked":["Acrobatics","Underhanded Strike"],"picked":"Accuracy"},{"not_picked":["Cloak And Dagger","Acrobatics"],"picked":"Footwork"},{"not_picked":["Glass Knife","Adrenaline"],"picked":"Bullet Time"},{"not_picked":["Bane","Crippling Poison"],"picked":"Backflip"},{"not_picked":["Deadly Poison","Blade Dance"],"picked":"Dodge and Roll"},{"not_picked":["Infinite Blades","Outmaneuver"],"picked":"Leg Sweep"},{"not_picked":["Poisoned Stab","Quick Slash"],"picked":"Caltrops"},{"not_picked":["Quick Slash","Slice"],"picked":"Prepared"},{"not_picked":["PiercingWail","Sucker Punch"],"picked":"Tactician"}],"player_experience":132035,"potions_floor_usage":[7,8,23,25],"damage_taken":[{"damage":0,"enemies":"Jaw Worm","floor":1,"turns":6},{"damage":2,"enemies":"Blue Slaver","floor":3,"turns":6},{"damage":2,"enemies":"2 Louse","floor":4,"turns":4},{"damage":13,"enemies":"3 Sentries","floor":6,"turns":10},{"damage":10,"enemies":"Exordium Thugs","floor":7,"turns":7},{"damage":4,"enemies":"Lagavulin","floor":8,"turns":9},{"damage":13,"enemies":"Exordium Wildlife","floor":12,"turns":5},{"damage":0,"enemies":"Lots of Slimes","floor":14,"turns":4},{"damage":28,"enemies":"The Guardian","floor":16,"turns":10},{"damage":10,"enemies":"2 Thieves","floor":18,"turns":5},{"damage":10,"enemies":"Spheric Guardian","floor":21,"turns":6},{"damage":26,"enemies":"Book of Stabbing","floor":23,"turns":7},{"damage":42,"enemies":"Gremlin Leader","floor":25,"turns":13}],"event_choices":[{"event_name":"Bonfire Elementals","player_choice":"BASIC","floor":2,"damage_taken":0},{"event_name":"Golden Wing","player_choice":"Card Removal","floor":5,"damage_taken":0},{"event_name":"Forgotten Altar","player_choice":"Shed Blood","floor":20,"damage_taken":0},{"event_name":"The Mausoleum","player_choice":"Yes","floor":22,"damage_taken":0}],"boss_relics":[{"not_picked":["Velvet Choker","Pandora\u0027s Box"],"picked":"Orrery"}],"potions_floor_spawned":[1,3,12,14,21],"seed_played":"-4797314383859355547","killed_by":"Gremlin Leader","ascension_level":4,"is_trial":false}