{"gold_per_floor":[113,113,132,57,77,103,118,118,144,158,173,173,200,220,220,315,315,329,343,77,77,97,97],"floor_reached":23,"playtime":3251,"items_purged":["Strike_R","Strike_R"],"score":226,"play_id":"9858ad78-34f6-4661-bd17-dde09d517027","local_time":"20191003160722","is_ascension_mode":true,"campfire_choices":[{"floor":8,"key":"RECALL"},{"data":"Body Slam","floor":12,"key":"SMITH"},{"data":"Pommel Strike","floor":15,"key":"SMITH"}],"neow_cost":"NONE","seed_source_timestamp":1740625529993422,"circlet_count":0,"master_deck":["Strike_R","Strike_R","Strike_R","Defend_R","Defend_R","Defend_R","Defend_R","Bash","Thunderclap","Ghostly Armor","Uppercut","Pommel Strike+1","Body Slam+1","Inflame","Metallicize","Metallicize","Barricade","Rampage","Flash of Steel","Seeing Red"],"relics":["Black Blood","NeowsBlessing","Regal Pillow","Bronze Scales","Potion Belt"],"potions_floor_usage":[6,11,16,19],"damage_taken":[{"damage":0,"enemies":"2 Louse","floor":1,"turns":1},{"damage":0,"enemies":"Cultist","floor":3,"turns":1},{"damage":0,"enemies":"Jaw Worm","floor":5,"turns":1},{"damage":34,"enemies":"3 Sentries","floor":6,"turns":10},{"damage":9,"enemies":"Looter","floor":7,"turns":3},{"damage":3,"enemies":"3 Louse","floor":10,"turns":3},{"damage":1,"enemies":"Large Slime","floor":11,"turns":6},{"damage":34,"enemies":"Gremlin Nob","floor":13,"turns":5},{"damage":6,"enemies":"Red Slaver","floor":14,"turns":3},{"damage":13,"enemies":"The Guardian","floor":16,"turns":11},{"damage":30,"enemies":"Spheric Guardian","floor":18,"turns":7},{"damage":14,"enemies":"Shell Parasite","floor":19,"turns":6},{"damage":54,"enemies":"Chosen and Byrds","floor":22,"turns":9},{"damage":12,"enemies":"Slavers","floor":23,"turns":1}],"seed_played":"-4774975736700275393","potions_obtained":[{"floor":3,"key":"Fire Potion"},{"floor":5,"key":"LiquidBronze"},{"floor":14,"key":"SkillPotion"},{"floor":18,"key":"Energy Potion"},{"floor":19,"key":"Swift Potion"}],"is_trial":false,"path_per_floor":["M","?","M","$","M","E","M","R","T","M","M","R","E","M","R","B",null,"M","M","$","T","M","E"],"character_chosen":"IRONCLAD","items_purchased":["Rampage","Flash of Steel"],"campfire_rested":0,"item_purchase_floors":[20,20],"current_hp_per_floor":[80,80,80,80,80,52,49,49,49,52,57,57,29,29,29,22,80,60,56,56,56,12,0],"gold":97,"neow_bonus":"THREE_ENEMY_KILL","is_prod":false,"is_daily":false,"chose_seed":false,"campfire_upgraded":2,"win_rate":0,"timestamp":1570133242,"path_taken":["M","?","M","$","M","E","?","R","T","M","M","R","E","M","R","BOSS","M","M","$","?","M","E"],"build_version":"2019-07-17","purchased_purges":2,"victory":false,"max_hp_per_floor":[80,80,80,80,80,80,80,80,80,80,80,80,80,80,80,80,80,80,80,80,80,80,80],"card_choices":[{"not_picked":["Perfected Strike","Rupture"],"picked":"Thunderclap","floor":1},{"not_picked":["Rupture","Cleave"],"picked":"Ghostly Armor","floor":3},{"not_picked":["Sword Boomerang","Twin Strike","Blood for Blood"],"picked":"SKIP","floor":5},{"not_picked":["Second Wind","Heavy Blade"],"picked":"Uppercut","floor":6},{"not_picked":["Disarm","Havoc"],"picked":"Pommel Strike","floor":7},{"not_picked":["Reaper","Ghostly Armor"],"picked":"Body Slam","floor":10},{"not_picked":["Clothesline","Pommel Strike"],"picked":"Inflame","floor":11},{"not_picked":["Reckless Charge","True Grit"],"picked":"Metallicize","floor":13},{"not_picked":["Clash","Armaments"],"picked":"Metallicize","floor":14},{"not_picked":["Demon Form","Brutality"],"picked":"Barricade","floor":16},{"not_picked":["Corruption+1","Cleave","Sentinel"],"picked":"SKIP","floor":18},{"not_picked":["Flex+1","Wild Strike+1","Whirlwind+1"],"picked":"SKIP","floor":19},{"not_picked":["Flex","Anger+1"],"picked":"Seeing Red","floor":22}],"player_experience":216442,"relics_obtained":[{"floor":6,"key":"Regal Pillow"},{"floor":9,"key":"Bronze Scales"},{"floor":13,"key":"Potion Belt"}],"event_choices":[{"damage_healed":0,"gold_gain":0,"player_choice":"Full Heal","damage_taken":0,"max_hp_gain":0,"max_hp_loss":0,"event_name":"Wheel of Change","floor":2,"gold_loss":0}],"is_beta":false,"boss_relics":[{"not_picked":["Sozu","White Beast Statue"],"picked":"Black Blood"}],"items_purged_floors":[4,20],"is_endless":false,"potions_floor_spawned":[3,5,14,18,19],"killed_by":"Slavers","ascension_level":2}