{"gold_per_floor":[115,65,45,58,69,69,81,110,191,209,229,246,246,27,27,100,100,117,130,130],"floor_reached":20,"playtime":580,"items_purged":["Rage"],"score":345,"play_id":"c2d5573e-6cc5-42ac-ac61-4ef9bf8c3ca8","local_time":"20190325211358","is_ascension_mode":true,"campfire_choices":[{"data":"Clash","floor":6,"key":"SMITH"},{"data":"Body Slam","floor":13,"key":"SMITH"},{"data":"Inflame","floor":15,"key":"SMITH"}],"neow_cost":"NONE","seed_source_timestamp":69348035691291,"circlet_count":0,"master_deck":["AscendersBane","Strike_R","Strike_R","Strike_R","Strike_R","Strike_R","Defend_R","Defend_R","Bash","Purity","Inflame+1","Thunderclap","Clash+1","Body Slam+1","Cleave","Heavy Blade","Headbutt","Trip","Fiend Fire","Battle Trance"],"relics":["Burning Blood","Peace Pipe","Bottled Lightning","Empty Cage"],"potions_floor_usage":[4,8,12,16],"damage_taken":[{"damage":14,"enemies":"2 Louse","floor":1,"turns":5},{"damage":15,"enemies":"Small Slimes","floor":4,"turns":3},{"damage":6,"enemies":"Cultist","floor":5,"turns":3},{"damage":16,"enemies":"Exordium Thugs","floor":7,"turns":4},{"damage":0,"enemies":"Gremlin Nob","floor":8,"turns":2},{"damage":6,"enemies":"Looter","floor":10,"turns":2},{"damage":13,"enemies":"Red Slaver","floor":11,"turns":3},{"damage":0,"enemies":"2 Fungi Beasts","floor":12,"turns":2},{"damage":36,"enemies":"Hexaghost","floor":16,"turns":6},{"damage":25,"enemies":"Spheric Guardian","floor":18,"turns":4},{"damage":33,"enemies":"2 Thieves","floor":19,"turns":4}],"seed_played":"2785484330012581405","potions_obtained":[{"floor":1,"key":"AttackPotion"},{"floor":3,"key":"Ancient Potion"},{"floor":10,"key":"Explosive Potion"},{"floor":12,"key":"LiquidBronze"},{"floor":16,"key":"SpeedPotion"},{"floor":19,"key":"Fire Potion"}],"is_trial":false,"path_per_floor":["M","?","?","M","M","R","M","E","T","M","M","M","R","$","R","B",null,"M","M","?"],"character_chosen":"IRONCLAD","items_purchased":["Headbutt","Trip"],"campfire_rested":0,"item_purchase_floors":[14,14],"current_hp_per_floor":[60,60,60,51,51,51,41,47,47,47,40,46,46,46,46,16,60,41,14,0],"gold":130,"neow_bonus":"RANDOM_COLORLESS","is_prod":false,"is_daily":false,"chose_seed":false,"campfire_upgraded":3,"win_rate":0,"timestamp":1553516038,"path_taken":["M","?","?","M","?","R","M","E","T","M","M","M","R","$","R","BOSS","M","M","?"],"build_version":"2019-01-23","purchased_purges":1,"victory":false,"max_hp_per_floor":[75,75,75,75,75,75,75,75,75,75,75,75,75,75,75,75,75,75,75,75],"card_choices":[{"not_picked":["Rupture","Heavy Blade"],"picked":"Inflame","floor":1},{"not_picked":["Heavy Blade","Twin Strike"],"picked":"Thunderclap","floor":4},{"not_picked":["Metallicize","Rupture"],"picked":"Clash","floor":5},{"not_picked":["Sword Boomerang","Perfected Strike"],"picked":"Body Slam","floor":7},{"not_picked":["Armaments","Thunderclap"],"picked":"Rage","floor":8},{"not_picked":["Iron Wave","Flex"],"picked":"Juggernaut","floor":10},{"not_picked":["Inflame","Anger"],"picked":"Cleave","floor":11},{"not_picked":["Feel No Pain","Sword Boomerang"],"picked":"Heavy Blade","floor":12},{"not_picked":["Barricade","Juggernaut"],"picked":"Fiend Fire","floor":16},{"not_picked":["Body Slam","Havoc"],"picked":"Battle Trance","floor":18},{"not_picked":["Havoc+1","Anger","Sentinel"],"picked":"SKIP","floor":19}],"player_experience":620866,"relics_obtained":[{"floor":8,"key":"Peace Pipe"},{"floor":9,"key":"Bottled Lightning"}],"event_choices":[{"cards_removed":["Defend_R"],"damage_healed":0,"gold_gain":0,"player_choice":"Card Removal","damage_taken":0,"max_hp_gain":0,"max_hp_loss":0,"event_name":"The Cleric","floor":2,"gold_loss":50},{"damage_healed":0,"gold_gain":0,"player_choice":"Bought 1 Potion","damage_taken":0,"max_hp_gain":0,"max_hp_loss":0,"event_name":"The Woman in Blue","floor":3,"gold_loss":0}],"is_beta":false,"boss_relics":[{"not_picked":["Black Star","Runic Pyramid"],"picked":"Empty Cage"}],"items_purged_floors":[14],"is_endless":false,"potions_floor_spawned":[1,10,12,16,19],"ascension_level":14}