{"gold_per_floor":[110,110,285,285,296,325,10,67,93,55,69,69,103,103,103,175,175,194,194,49,49,69,69],"floor_reached":23,"playtime":672,"items_purged":["Doubt","Bludgeon"],"score":363,"play_id":"dfd66ba6-4a3b-4af5-b3bc-a91a436c9e6d","local_time":"20190322043557","is_ascension_mode":true,"campfire_choices":[{"data":"Body Slam","floor":12,"key":"SMITH"},{"data":"Bludgeon","floor":15,"key":"SMITH"}],"neow_cost":"NONE","seed_source_timestamp":694624976883235,"circlet_count":0,"master_deck":["AscendersBane","Bash+1","Ghostly Armor","Evolve","Flex","Bludgeon+1","Burning Pact","Body Slam+1","Feed","Rampage","Whirlwind","Flame Barrier","Spot Weakness","Sever Soul","Dark Embrace+1","Iron Wave","Disarm","Shrug It Off","Inflame"],"relics":["Burning Blood","NeowsBlessing","Pear","Blue Candle","Pantograph","Gremlin Horn","Whetstone","Oddly Smooth Stone","Mummified Hand","Pandora\u0027s Box","Paper Frog"],"potions_floor_usage":[8,13,23],"damage_taken":[{"damage":0,"enemies":"2 Louse","floor":1,"turns":1},{"damage":0,"enemies":"Jaw Worm","floor":5,"turns":1},{"damage":0,"enemies":"3 Sentries","floor":6,"turns":2},{"damage":25,"enemies":"3 Sentries","floor":8,"turns":7},{"damage":6,"enemies":"Small Slimes","floor":11,"turns":2},{"damage":30,"enemies":"Lagavulin","floor":13,"turns":5},{"damage":63,"enemies":"Hexaghost","floor":16,"turns":8},{"damage":25,"enemies":"2 Thieves","floor":18,"turns":4},{"damage":27,"enemies":"Spheric Guardian","floor":22,"turns":5},{"damage":31,"enemies":"Slavers","floor":23,"turns":2}],"seed_played":"-461816106508184735","potions_obtained":[{"floor":1,"key":"PowerPotion"},{"floor":5,"key":"PowerPotion"},{"floor":8,"key":"Ancient Potion"}],"is_trial":false,"path_per_floor":["M","?","?","?","M","E","$","?","T","$","M","R","E","T","R","B",null,"M","?","$","T","M","E"],"character_chosen":"IRONCLAD","items_purchased":["Pantograph","Burning Pact","Shrug It Off"],"campfire_rested":0,"item_purchase_floors":[7,10,20],"current_hp_per_floor":[78,78,78,85,90,90,90,71,71,71,71,71,47,47,47,15,71,52,52,52,52,31,0],"gold":69,"neow_bonus":"THREE_ENEMY_KILL","is_prod":false,"is_daily":false,"chose_seed":false,"campfire_upgraded":2,"win_rate":0,"timestamp":1553196957,"path_taken":["M","?","?","?","M","E","$","?","T","?","M","R","E","?","R","BOSS","M","?","$","?","?","E"],"build_version":"2019-01-23","purchased_purges":2,"victory":false,"max_hp_per_floor":[80,80,80,90,90,90,90,90,90,90,90,90,90,90,90,90,90,90,90,90,90,90,90],"card_choices":[{"not_picked":["Rupture","Perfected Strike"],"picked":"Ghostly Armor","floor":1},{"not_picked":["Perfected Strike","Cleave"],"picked":"Flex","floor":5},{"not_picked":["Sword Boomerang","Twin Strike"],"picked":"Bludgeon","floor":6},{"not_picked":["Iron Wave","Wild Strike"],"picked":"Body Slam","floor":11},{"not_picked":["Dark Embrace","Clothesline","Havoc"],"picked":"SKIP","floor":13},{"not_picked":["Exhume","Berserk"],"picked":"Feed","floor":16},{"not_picked":["Havoc","Clash"],"picked":"Disarm","floor":18},{"not_picked":["Twin Strike","Power Through"],"picked":"Inflame","floor":22}],"player_experience":593901,"relics_obtained":[{"floor":6,"key":"Blue Candle"},{"floor":8,"key":"Gremlin Horn"},{"floor":9,"key":"Whetstone"},{"floor":13,"key":"Oddly Smooth Stone"},{"floor":14,"key":"Mummified Hand"},{"floor":21,"key":"Paper Frog"}],"event_choices":[{"damage_healed":0,"gold_gain":0,"cards_transformed":["Defend_R"],"player_choice":"Change","damage_taken":0,"max_hp_gain":0,"max_hp_loss":0,"event_name":"Living Wall","floor":2,"gold_loss":0,"cards_obtained":["Evolve"]},{"damage_healed":0,"gold_gain":175,"player_choice":"AGREE","damage_taken":0,"max_hp_gain":0,"max_hp_loss":0,"event_name":"Liars Game","floor":3,"gold_loss":0,"cards_obtained":["Doubt"]},{"damage_healed":0,"gold_gain":0,"player_choice":"Success","damage_taken":3,"relics_obtained":["Pear"],"max_hp_gain":0,"max_hp_loss":0,"event_name":"Scrap Ooze","floor":4,"gold_loss":0},{"damage_healed":0,"gold_gain":30,"player_choice":"Searched \u00273\u0027 times","damage_taken":0,"max_hp_gain":0,"max_hp_loss":0,"event_name":"Dead Adventurer","floor":8,"gold_loss":0},{"damage_healed":0,"gold_gain":0,"player_choice":"Upgraded","damage_taken":0,"max_hp_gain":0,"max_hp_loss":0,"event_name":"Upgrade Shrine","floor":19,"gold_loss":0,"cards_upgraded":["Dark Embrace"]}],"is_beta":false,"boss_relics":[{"not_picked":["Eternal Feather","Runic Pyramid"],"picked":"Pandora\u0027s Box"}],"items_purged_floors":[7,20],"is_endless":false,"potions_floor_spawned":[1,5,8],"killed_by":"Slavers","ascension_level":13}