{"gold_per_floor":[109,120,134,145,158,158,187,137,137,137,149,149,160,179,179,179],"floor_reached":16,"playtime":503,"items_purged":[],"score":122,"play_id":"fa8b5383-fbd1-4af0-93ff-58720883559a","local_time":"20190823204514","is_ascension_mode":true,"campfire_choices":[{"data":"Sweeping Beam","floor":6,"key":"SMITH"},{"floor":12,"key":"REST"},{"floor":15,"key":"REST"}],"neow_cost":"NONE","seed_source_timestamp":18265361453944,"circlet_count":0,"master_deck":["Strike_B","Strike_B","Strike_B","Defend_B","Defend_B","Defend_B","Defend_B","Zap","Dualcast","Double Energy","Sweeping Beam+1","Coolheaded","White Noise","Sunder","Streamline","Skim+1"],"relics":["Cracked Core","Pen Nib","Shovel","Toxic Egg 2"],"potions_floor_usage":[7,7,7,7,14,16],"damage_taken":[{"damage":1,"enemies":"Cultist","floor":1,"turns":3},{"damage":3,"enemies":"Jaw Worm","floor":2,"turns":4},{"damage":0,"enemies":"Small Slimes","floor":3,"turns":2},{"damage":24,"enemies":"Exordium Thugs","floor":4,"turns":4},{"damage":5,"enemies":"Gremlin Gang","floor":5,"turns":3},{"damage":26,"enemies":"Lagavulin","floor":7,"turns":5},{"damage":19,"enemies":"3 Louse","floor":11,"turns":3},{"damage":18,"enemies":"Large Slime","floor":13,"turns":4},{"damage":4,"enemies":"Lots of Slimes","floor":14,"turns":2},{"damage":29,"enemies":"Slime Boss","floor":16,"turns":4}],"seed_played":"-6700299115539054050","potions_obtained":[{"floor":1,"key":"Dexterity Potion"},{"floor":2,"key":"EntropicBrew"},{"floor":11,"key":"LiquidBronze"},{"floor":13,"key":"Dexterity Potion"}],"is_trial":false,"path_per_floor":["M","M","M","M","M","R","E","?","T","?","M","R","M","M","R","B"],"character_chosen":"DEFECT","items_purchased":[],"campfire_rested":2,"item_purchase_floors":[],"current_hp_per_floor":[74,71,71,47,42,42,16,16,16,21,2,24,6,2,24,0],"gold":179,"neow_bonus":"RANDOM_COMMON_RELIC","is_prod":false,"is_daily":false,"chose_seed":false,"campfire_upgraded":1,"win_rate":0,"timestamp":1566585914,"path_taken":["M","M","M","M","?","R","E","?","T","?","?","R","?","M","R","BOSS"],"build_version":"2019-07-17","purchased_purges":0,"victory":false,"max_hp_per_floor":[75,75,75,75,75,75,75,75,75,75,75,75,75,75,75,75],"card_choices":[{"not_picked":["Undo","Static Discharge"],"picked":"Double Energy","floor":1},{"not_picked":["Ball Lightning","Stack"],"picked":"Rebound","floor":2},{"not_picked":["Leap","Loop"],"picked":"Sweeping Beam","floor":3},{"not_picked":["Compile Driver","Leap","Redo"],"picked":"SKIP","floor":4},{"not_picked":["Ball Lightning","Compile Driver"],"picked":"Coolheaded","floor":5},{"not_picked":["Conserve Battery","Compile Driver"],"picked":"White Noise","floor":7},{"not_picked":["Double Energy+1","Glacier+1"],"picked":"Sunder","floor":11},{"not_picked":["Coolheaded+1","Ball Lightning"],"picked":"Streamline","floor":13},{"not_picked":["Heatsinks","Steam+1"],"picked":"Skim+1","floor":14}],"player_experience":238238,"relics_obtained":[{"floor":7,"key":"Shovel"},{"floor":9,"key":"Toxic Egg 2"}],"event_choices":[{"cards_removed":["Strike_B"],"damage_healed":0,"gold_gain":0,"player_choice":"Card Removal","damage_taken":0,"max_hp_gain":0,"max_hp_loss":0,"event_name":"The Cleric","floor":8,"gold_loss":50},{"cards_removed":["Rebound"],"damage_healed":5,"gold_gain":0,"player_choice":"Offered Common","damage_taken":0,"max_hp_gain":0,"max_hp_loss":0,"event_name":"Bonfire Elementals","floor":10,"gold_loss":0},{"cards_removed":["Rebound"],"damage_healed":5,"gold_gain":0,"player_choice":"Offered Special","damage_taken":0,"max_hp_gain":0,"max_hp_loss":0,"event_name":"Bonfire Elementals","floor":10,"gold_loss":0}],"is_beta":false,"boss_relics":[],"items_purged_floors":[],"is_endless":false,"potions_floor_spawned":[1,2,11,13],"killed_by":"Slime Boss","ascension_level":3}