{"gold_per_floor":[113,133,148,148,166,201,214,249,249,199,217,217,229,246,246,342,342,353,353,372,372,390,390,419,518,543,17,17,17,49,68,68,167,167,185,185,198,209,223,223,236,236,236,18,36,53,71,101,101,101],"floor_reached":51,"playtime":13670,"items_purged":["Strike_G"],"score":760,"play_id":"9c03b1b5-e168-4a50-b470-9c0b91a1e9b0","local_time":"20190905022320","is_ascension_mode":false,"campfire_choices":[{"floor":12.0,"key":"REST"},{"data":"Burst","floor":15.0,"key":"SMITH"},{"floor":23.0,"key":"REST"},{"data":"Blade Dance","floor":28.0,"key":"SMITH"},{"floor":32.0,"key":"REST"},{"data":"Blade Dance","floor":40.0,"key":"SMITH"},{"data":"Dagger Spray","floor":42.0,"key":"SMITH"},{"data":"Leg Sweep","floor":49,"key":"SMITH"}],"neow_cost":"NONE","seed_source_timestamp":0,"circlet_count":0,"master_deck":["Strike_G","Defend_G","Defend_G","Defend_G","Defend_G","Survivor","Neutralize+1","Riddle With Holes","Footwork","Poisoned Stab+1","Infinite Blades+1","Leg Sweep+1","Burst+1","Dagger Spray+1","Well Laid Plans+1","Poisoned Stab","Tools of the Trade+1","Noxious Fumes+1","Night Terror+1","Dodge and Roll+1","Slice+1","Blade Dance+1","Crippling Poison+1","Backstab+1","Blade Dance+1","Accuracy+1","Mayhem+1","Noxious Fumes+1","Accuracy+1","Accuracy+1","Cloak And Dagger+1","Footwork+1","Parasite","Caltrops+1","PiercingWail","Dash+1"],"special_seed":0,"relics":["Ring of the Snake","Frozen Egg 2","Kunai","Prayer Wheel","Astrolabe","Pocketwatch","Whetstone","Mummified Hand","MutagenicStrength","Pear","Coffee Dripper","Darkstone Periapt","Strawberry","Meat on the Bone"],"potions_floor_usage":[48,48,50,50],"damage_taken":[{"damage":0.0,"enemies":"Cultist","floor":1.0,"turns":4.0},{"damage":0.0,"enemies":"Jaw Worm","floor":2.0,"turns":5.0},{"damage":0.0,"enemies":"2 Louse","floor":3.0,"turns":2.0},{"damage":0.0,"enemies":"Looter","floor":5.0,"turns":4.0},{"damage":30.0,"enemies":"3 Sentries","floor":6.0,"turns":10.0},{"damage":5.0,"enemies":"Blue Slaver","floor":7.0,"turns":5.0},{"damage":4.0,"enemies":"Gremlin Nob","floor":8.0,"turns":3.0},{"damage":13.0,"enemies":"Gremlin Gang","floor":11.0,"turns":7.0},{"damage":0.0,"enemies":"Large Slime","floor":13.0,"turns":8.0},{"damage":0.0,"enemies":"2 Fungi Beasts","floor":14.0,"turns":4.0},{"damage":16.0,"enemies":"Hexaghost","floor":16.0,"turns":17.0},{"damage":0.0,"enemies":"Chosen","floor":18.0,"turns":8.0},{"damage":17.0,"enemies":"3 Byrds","floor":20.0,"turns":5.0},{"damage":10.0,"enemies":"Shelled Parasite and Fungi","floor":22.0,"turns":8.0},{"damage":11.0,"enemies":"Gremlin Leader","floor":24.0,"turns":7.0},{"damage":10.0,"enemies":"Slavers","floor":30.0,"turns":9.0},{"damage":4.0,"enemies":"3 Cultists","floor":31.0,"turns":5.0},{"damage":15.0,"enemies":"Champ","floor":33.0,"turns":8.0},{"damage":0.0,"enemies":"3 Shapes","floor":35.0,"turns":3.0},{"damage":1.0,"enemies":"Orb Walker","floor":37.0,"turns":3.0},{"damage":1.0,"enemies":"Writhing Mass","floor":38.0,"turns":6.0},{"damage":7.0,"enemies":"Transient","floor":39.0,"turns":5.0},{"damage":0.0,"enemies":"Maw","floor":41.0,"turns":5.0},{"damage":37.0,"enemies":"Jaw Worm Horde","floor":45.0,"turns":4.0},{"damage":0.0,"enemies":"4 Shapes","floor":46.0,"turns":3.0},{"damage":3.0,"enemies":"Spire Growth","floor":47.0,"turns":5.0},{"damage":0,"enemies":"Nemesis","floor":48,"turns":5},{"damage":42,"enemies":"Awakened One","floor":50,"turns":10}],"seed_played":"6586253779092380462","potions_obtained":[{"floor":1.0,"key":"Fire Potion"},{"floor":2.0,"key":"PowerPotion"},{"floor":8.0,"key":"Weak Potion"},{"floor":14.0,"key":"Fire Potion"},{"floor":16.0,"key":"GamblersBrew"},{"floor":20.0,"key":"GhostInAJar"},{"floor":24.0,"key":"Dexterity Potion"},{"floor":30.0,"key":"Fruit Juice"},{"floor":31.0,"key":"Block Potion"},{"floor":35.0,"key":"SteroidPotion"},{"floor":37.0,"key":"GhostInAJar"},{"floor":47.0,"key":"Weak Potion"},{"floor":48,"key":"SkillPotion"}],"is_trial":false,"path_per_floor":["M","M","M","?","M","E","M","E","T","?","M","R","M","M","R","B",null,"M","?","M","?","M","R","E","?","T","$","R","?","E","M","R","B",null,"M","?","M","M","M","R","M","R","T","$","M","M","M","E","R","B",null],"character_chosen":"THE_SILENT","items_purchased":["Blade Dance","Accuracy+1","Mayhem+1","Mummified Hand","Strawberry"],"campfire_rested":3,"item_purchase_floors":[27,27,27,27,44],"current_hp_per_floor":[70,70,70,70,70,40,35,31,31,31,18,39,39,39,39,23,70,70,70,53,53,43,64,53,53,53,53,53,53,53,54,79,64,85,85,85,84,83,76,76,76,76,76,83,46,46,43,43,43,13],"gold":101,"neow_bonus":"TRANSFORM_CARD","is_prod":false,"is_daily":false,"chose_seed":false,"campfire_upgraded":5,"win_rate":0,"timestamp":1567643000,"path_taken":["M","?","M","?","M","E","M","E","T","?","M","R","M","M","R","BOSS","M","?","M","?","?","R","E","?","T","$","R","?","E","M","R","BOSS","M","?","M","M","M","R","M","R","T","$","M","M","M","E","R","BOSS"],"build_version":"2019-07-17","purchased_purges":1,"victory":true,"max_hp_per_floor":[70,70,70,70,70,70,70,70,70,70,70,70,70,70,70,70,70,70,70,70,70,70,70,70,70,70,70,70,70,80,85,85,85,85,85,85,85,85,85,85,85,85,85,92,92,92,92,92,92,92],"card_choices":[{"not_picked":["Bouncing Flask","Catalyst"],"picked":"Riddle With Holes","floor":1.0},{"not_picked":["Outmaneuver","Blur"],"picked":"Footwork","floor":2.0},{"not_picked":["Underhanded Strike","Accuracy"],"picked":"Poisoned Stab","floor":3.0},{"not_picked":["Backflip","Quick Slash"],"picked":"Infinite Blades","floor":5.0},{"not_picked":["Outmaneuver","Choke"],"picked":"Leg Sweep","floor":6.0},{"not_picked":["Leg Sweep","Eviscerate","Distraction"],"picked":"SKIP","floor":7.0},{"not_picked":["Riddle With Holes","Tactician"],"picked":"Burst","floor":8.0},{"not_picked":["Reflex","Deadly Poison"],"picked":"Dagger Spray","floor":11.0},{"not_picked":["Cloak And Dagger","All Out Attack"],"picked":"Well Laid Plans+1","floor":11.0},{"not_picked":["Escape Plan","Dodge and Roll"],"picked":"Poisoned Stab","floor":13.0},{"not_picked":["Prepared","Bane","Quick Slash"],"picked":"SKIP","floor":13.0},{"not_picked":["Flying Knee","Outmaneuver","Prepared"],"picked":"SKIP","floor":14.0},{"not_picked":["Leg Sweep","Dagger Spray","Expertise"],"picked":"SKIP","floor":14.0},{"not_picked":["Malaise","Corpse Explosion"],"picked":"Tools of the Trade+1","floor":16.0},{"not_picked":["Backflip","Acrobatics"],"picked":"Slice+1","floor":18.0},{"not_picked":["Dagger Spray+1","Outmaneuver","Deflect"],"picked":"SKIP","floor":18.0},{"not_picked":["Deadly Poison","Dagger Spray"],"picked":"Crippling Poison+1","floor":20.0},{"not_picked":["Deflect","Bane","Poisoned Stab"],"picked":"SKIP","floor":20.0},{"not_picked":["Cloak And Dagger","Backflip"],"picked":"Backstab+1","floor":22.0},{"not_picked":["Deflect","Masterful Stab","Burst"],"picked":"SKIP","floor":22.0},{"not_picked":["Prepared","Catalyst","Blur+1"],"picked":"SKIP","floor":24.0},{"not_picked":["PiercingWail","Quick Slash+1"],"picked":"Noxious Fumes+1","floor":30.0},{"not_picked":["Bane","Acrobatics"],"picked":"Accuracy+1","floor":31.0},{"not_picked":["Blade Dance","Backflip+1","Calculated Gamble"],"picked":"SKIP","floor":31.0},{"not_picked":["Backflip+1","Eviscerate"],"picked":"Accuracy+1","floor":35.0},{"not_picked":["Poisoned Stab+1","Acrobatics","Slice"],"picked":"SKIP","floor":35.0},{"not_picked":["Blade Dance+1","Finisher"],"picked":"Cloak And Dagger+1","floor":37.0},{"not_picked":["Backflip+1","Masterful Stab+1"],"picked":"Footwork+1","floor":37.0},{"not_picked":["Dodge and Roll+1","Deflect+1","Terror"],"picked":"SKIP","floor":38.0},{"not_picked":["Calculated Gamble+1","Slice","Backflip"],"picked":"SKIP","floor":38.0},{"not_picked":["Leg Sweep","Dagger Throw","Poisoned Stab+1"],"picked":"SKIP","floor":39.0},{"not_picked":["Sucker Punch","Flying Knee","All Out Attack"],"picked":"SKIP","floor":39.0},{"not_picked":["Deadly Poison","All Out Attack"],"picked":"Caltrops+1","floor":41.0},{"not_picked":["Predator+1","Dagger Throw","Acrobatics+1"],"picked":"SKIP","floor":41.0},{"not_picked":["Cloak And Dagger+1","Footwork+1","Underhanded Strike+1"],"picked":"SKIP","floor":45.0},{"not_picked":["Wraith Form v2+1","Noxious Fumes+1","Slice+1"],"picked":"SKIP","floor":45.0},{"not_picked":["Cloak And Dagger+1","Acrobatics","Deflect+1"],"picked":"SKIP","floor":46.0},{"not_picked":["Noxious Fumes+1","Underhanded Strike+1","Quick Slash"],"picked":"SKIP","floor":46.0},{"not_picked":["Sucker Punch+1","Flying Knee+1"],"picked":"PiercingWail","floor":47.0},{"not_picked":["Heel Hook+1","Flechettes"],"picked":"Dash+1","floor":47.0},{"not_picked":["Deflect","Blade Dance","Poisoned Stab"],"picked":"SKIP","floor":48}],"player_experience":257834,"relics_obtained":[{"floor":6.0,"key":"Frozen Egg 2"},{"floor":8.0,"key":"Kunai"},{"floor":9.0,"key":"Prayer Wheel"},{"floor":24.0,"key":"Pocketwatch"},{"floor":26.0,"key":"Whetstone"},{"floor":30.0,"key":"Pear"},{"floor":43.0,"key":"Darkstone Periapt"},{"floor":48,"key":"Meat on the Bone"}],"event_choices":[{"damage_healed":0.0,"max_hp_gain":0.0,"max_hp_loss":0.0,"gold_gain":0.0,"event_name":"Liars Game","player_choice":"Ignored","floor":4.0,"gold_loss":0.0,"damage_taken":0.0},{"cards_removed":["Strike_G"],"damage_healed":0.0,"max_hp_gain":0.0,"max_hp_loss":0.0,"gold_gain":0.0,"event_name":"The Cleric","player_choice":"Card Removal","floor":10.0,"gold_loss":50.0,"damage_taken":0.0},{"damage_healed":0.0,"max_hp_gain":0.0,"max_hp_loss":0.0,"gold_gain":0.0,"event_name":"The Library","player_choice":"Read","floor":19.0,"gold_loss":0.0,"damage_taken":0.0,"cards_obtained":["Blade Dance"]},{"damage_healed":0.0,"max_hp_gain":0.0,"max_hp_loss":0.0,"gold_gain":0.0,"event_name":"Upgrade Shrine","player_choice":"Upgraded","floor":21.0,"gold_loss":0.0,"damage_taken":0.0,"cards_upgraded":["Infinite Blades"]},{"damage_healed":0.0,"max_hp_gain":0.0,"max_hp_loss":0.0,"gold_gain":99.0,"event_name":"Nest","player_choice":"Stole From Cult","floor":25.0,"gold_loss":0.0,"damage_taken":0.0},{"damage_healed":0.0,"max_hp_gain":0.0,"max_hp_loss":0.0,"gold_gain":0.0,"event_name":"Drug Dealer","player_choice":"Inject Mutagens","floor":29.0,"gold_loss":0.0,"damage_taken":0.0,"relics_obtained":["MutagenicStrength"]},{"damage_healed":0.0,"max_hp_gain":0.0,"max_hp_loss":0.0,"gold_gain":0.0,"event_name":"SensoryStone","player_choice":"Memory 1","floor":36.0,"gold_loss":0.0,"damage_taken":0.0}],"is_beta":false,"boss_relics":[{"not_picked":["Black Star","Orrery"],"picked":"Astrolabe"},{"not_picked":["Snecko Eye","HoveringKite"],"picked":"Coffee Dripper"}],"items_purged_floors":[44],"is_endless":false,"potions_floor_spawned":[1,2,8,14,16,20,24,30,31,35,37,47,48],"ascension_level":0}