{"path_per_floor":["M","?","?","M","M","R","$","?","T","R","T","E","R","M","R","B",null,"M","?","?","M","$","R","E","?","T","R","M","R","$","M","R","B",null,"M","?","?","$","?","R","?","M","T","R","M","R","$","M","R","B"],"character_chosen":"IRONCLAD","items_purchased":["Limit Break","Inflame","Flex","Twin Strike","Jack Of All Trades"],"gold_per_floor":[116,116,116,134,150,150,4,4,4,4,4,30,30,49,49,151,151,167,167,167,179,129,129,163,163,188,188,199,199,97,111,111,207,207,223,223,223,123,123,123,123,140,165,165,182,182,33,47,47,47],"floor_reached":51,"campfire_rested":6,"playtime":1926,"item_purchase_floors":[7,7,30,38,47],"current_hp_per_floor":[68,61,61,62,67,67,67,51,51,51,51,42,66,71,80,56,74,59,59,59,54,54,79,58,41,41,41,36,64,64,55,83,86,92,84,84,72,72,72,94,94,97,97,97,95,95,95,100,100,34],"items_purged":["Strike_R+1","Strike_R+1","Strike_R+1","Strike_R+1"],"gold":47,"score":892,"play_id":"07751eab-56e2-4f99-9df2-4f9eab64a680","local_time":"20180530004545","is_prod":false,"is_daily":false,"chose_seed":false,"is_ascension_mode":true,"campfire_upgraded":6,"win_rate":0,"timestamp":1527633945,"campfire_choices":[{"data":"Pommel Strike","floor":6,"key":"SMITH"},{"data":"Inflame","floor":10,"key":"SMITH"},{"floor":13,"key":"REST"},{"floor":15,"key":"REST"},{"floor":23,"key":"REST"},{"data":"Power Through","floor":27,"key":"SMITH"},{"floor":29,"key":"REST"},{"floor":32,"key":"REST"},{"floor":40,"key":"REST"},{"data":"Madness","floor":44,"key":"SMITH"},{"data":"Flex","floor":46,"key":"SMITH"},{"data":"Jack Of All Trades","floor":49,"key":"SMITH"}],"path_taken":["M","?","?","?","?","R","$","?","T","R","?","E","R","M","R","BOSS","M","?","?","M","$","R","E","?","T","R","M","R","?","M","R","BOSS","M","?","?","?","?","R","?","M","T","R","M","R","?","M","R","BOSS"],"build_version":"2018-05-24","seed_source_timestamp":2877449448950,"purchased_purges":4,"victory":true,"master_deck":["Defend_R+1","Defend_R+1","Defend_R+1","Bash","Battle Trance","Pommel Strike+1","Limit Break+1","Inflame+1","Dropkick","Pommel Strike","Feed","Thunderclap","Inflame+1","Power Through+1","Flex+1","Spot Weakness","Reaper","Seeing Red+1","Madness+1","Twin Strike","Secret Technique","Sadistic Nature","Anger+1","Jack Of All Trades+1"],"max_hp_per_floor":[80,80,80,80,80,80,80,80,80,80,80,80,80,80,80,80,80,86,86,86,86,86,86,86,91,91,91,94,94,94,94,94,94,94,94,94,94,94,94,94,94,97,97,97,100,100,100,100,100,100],"relics":["Burning Blood","Smiling Mask","Dodecahedron","Bottled Lightning","Mark of Pain","Mercury Hourglass","Bag of Marbles","Lizard Tail","Omamori"],"card_choices":[{"not_picked":["Rage","Sever Soul","Battle Trance"],"picked":"SKIP","floor":4},{"not_picked":["Corruption","True Grit"],"picked":"Pommel Strike","floor":5},{"not_picked":["Fiend Fire","Blood for Blood"],"picked":"Dropkick","floor":12},{"not_picked":["Reckless Charge","True Grit"],"picked":"Pommel Strike","floor":14},{"not_picked":["Barricade","Impervious"],"picked":"Feed","floor":16},{"not_picked":["Armaments","Body Slam"],"picked":"Thunderclap","floor":18},{"not_picked":["Power Through+1","Seeing Red"],"picked":"Inflame+1","floor":21},{"not_picked":["Headbutt","Iron Wave"],"picked":"Power Through","floor":24},{"not_picked":["Perfected Strike","Uppercut","Pommel Strike+1"],"picked":"SKIP","floor":28},{"not_picked":["Body Slam+1","Anger"],"picked":"Spot Weakness","floor":31},{"not_picked":["Fiend Fire","Demon Form"],"picked":"Reaper","floor":33},{"not_picked":["Dual Wield+1","Spot Weakness+1"],"picked":"Seeing Red+1","floor":35},{"not_picked":["Panacea","Transmutation"],"picked":"Secret Technique","floor":39},{"not_picked":["Sword Boomerang","Clothesline","Infernal Blade"],"picked":"SKIP","floor":42},{"not_picked":["Corruption","Feel No Pain+1"],"picked":"Anger+1","floor":45},{"not_picked":["Thunderclap+1","Combust","Body Slam"],"picked":"SKIP","floor":48}],"player_experience":253634,"potions_floor_usage":[18,18,50,50],"damage_taken":[{"damage":10,"enemies":"2 Louse","floor":1,"turns":3},{"damage":5,"enemies":"Small Slimes","floor":4,"turns":4},{"damage":1,"enemies":"Cultist","floor":5,"turns":4},{"damage":15,"enemies":"Lagavulin","floor":12,"turns":5},{"damage":1,"enemies":"3 Louse","floor":14,"turns":4},{"damage":30,"enemies":"Slime Boss","floor":16,"turns":6},{"damage":27,"enemies":"3 Byrds","floor":18,"turns":6},{"damage":11,"enemies":"Spheric Guardian","floor":21,"turns":3},{"damage":27,"enemies":"Book of Stabbing","floor":24,"turns":3},{"damage":14,"enemies":"Chosen and Byrds","floor":28,"turns":4},{"damage":15,"enemies":"Centurion and Healer","floor":31,"turns":4},{"damage":3,"enemies":"Champ","floor":33,"turns":7},{"damage":14,"enemies":"Orb Walker","floor":35,"turns":3},{"damage":2,"enemies":"3 Shapes","floor":42,"turns":5},{"damage":24,"enemies":"Maw","floor":45,"turns":5},{"damage":11,"enemies":"4 Shapes","floor":48,"turns":3},{"damage":82,"enemies":"Time Eater","floor":50,"turns":10}],"relics_obtained":[{"floor":9,"key":"Smiling Mask"},{"floor":11,"key":"Dodecahedron"},{"floor":12,"key":"Bottled Lightning"},{"floor":24,"key":"Mercury Hourglass"},{"floor":26,"key":"Bag of Marbles"},{"floor":43,"key":"Omamori"}],"event_choices":[{"event_name":"Golden Wing","player_choice":"Card Removal","floor":2,"damage_taken":0},{"event_name":"Living Wall","player_choice":"Change","floor":3,"damage_taken":0},{"event_name":"Shining Light","player_choice":"Entered Light","floor":8,"damage_taken":0},{"event_name":"Back to Basics","player_choice":"Simplicity","floor":19,"damage_taken":0},{"event_name":"Ghosts","player_choice":"Ignored","floor":20,"damage_taken":0},{"event_name":"Forgotten Altar","player_choice":"Shed Blood","floor":25,"damage_taken":0},{"event_name":"Mysterious Sphere","player_choice":"Ignore","floor":36,"damage_taken":0},{"event_name":"Winding Halls","player_choice":"Embrace Madness","floor":37,"damage_taken":0},{"event_name":"SensoryStone","player_choice":"Memory 1","floor":39,"damage_taken":0},{"event_name":"Transmorgrifier","player_choice":"Transform","floor":41,"damage_taken":0}],"boss_relics":[{"not_picked":["Sozu","Runic Pyramid"],"picked":"Mark of Pain"},{"not_picked":["Snecko Eye","Philosopher\u0027s Stone"],"picked":"Lizard Tail"}],"items_purged_floors":[22,30,38,47],"potions_floor_spawned":[1,12,16,18,24,31,35,45],"seed_played":"-7121329397953135557","ascension_level":6,"potions_obtained":[{"floor":1,"key":"AttackPotion"},{"floor":12,"key":"Block Potion"},{"floor":16,"key":"SpeedPotion"},{"floor":18,"key":"SteroidPotion"},{"floor":24,"key":"SteroidPotion"},{"floor":31,"key":"BloodPotion"}],"is_trial":false}