{"gold_per_floor":[412,426,601,37,112,112,112,152,152,152],"floor_reached":10,"playtime":273,"items_purged":["Doubt"],"score":80,"play_id":"08944e73-41b2-4b81-bf74-69a4b978ad8f","local_time":"20190921004337","is_ascension_mode":true,"campfire_choices":[{"data":"Metallicize","floor":6,"key":"SMITH"}],"neow_cost":"PERCENT_DAMAGE","seed_source_timestamp":724201618726880,"circlet_count":0,"master_deck":["Strike_R","Strike_R","Strike_R","Strike_R","Strike_R","Defend_R","Defend_R","Defend_R","Defend_R","Bash","Spot Weakness","Twin Strike","Metallicize+1","Master of Strategy","Double Tap"],"relics":["Burning Blood","Old Coin","Strange Spoon","Golden Idol","Letter Opener","Meat on the Bone"],"potions_floor_usage":[8],"damage_taken":[{"damage":0,"enemies":"Small Slimes","floor":1,"turns":3},{"damage":6,"enemies":"Jaw Worm","floor":2,"turns":4},{"damage":18,"enemies":"Gremlin Nob","floor":8,"turns":4},{"damage":39,"enemies":"Lagavulin","floor":10,"turns":5}],"seed_played":"7644643367471926642","potions_obtained":[],"is_trial":false,"path_per_floor":["M","M","?","$","?","R","?","E","T","E"],"character_chosen":"IRONCLAD","items_purchased":["Metallicize","Master of Strategy","SteroidPotion","Strange Spoon"],"campfire_rested":0,"item_purchase_floors":[4,4,4,4],"current_hp_per_floor":[62,62,62,62,51,51,51,39,39,0],"gold":152,"neow_bonus":"ONE_RARE_RELIC","is_prod":false,"is_daily":false,"chose_seed":false,"campfire_upgraded":1,"win_rate":0,"timestamp":1569019417,"path_taken":["M","M","?","$","?","R","?","E","T","E"],"build_version":"2019-07-17","purchased_purges":1,"victory":false,"max_hp_per_floor":[80,80,80,80,80,80,74,74,74,74],"card_choices":[{"not_picked":["Perfected Strike","Anger"],"picked":"Spot Weakness","floor":1},{"not_picked":["Perfected Strike","Wild Strike"],"picked":"Twin Strike","floor":2},{"not_picked":["Intimidate","Headbutt"],"picked":"Double Tap","floor":8}],"player_experience":279117,"relics_obtained":[{"floor":8,"key":"Letter Opener"},{"floor":9,"key":"Meat on the Bone"}],"event_choices":[{"damage_healed":0,"gold_gain":175,"player_choice":"AGREE","damage_taken":0,"max_hp_gain":0,"max_hp_loss":0,"event_name":"Liars Game","floor":3,"gold_loss":0,"cards_obtained":["Doubt"]},{"damage_healed":0,"gold_gain":75,"player_choice":"Gather Gold","damage_taken":11,"max_hp_gain":0,"max_hp_loss":0,"event_name":"World of Goop","floor":5,"gold_loss":0},{"damage_healed":0,"gold_gain":0,"player_choice":"Lose Max HP","damage_taken":0,"relics_obtained":["Golden Idol"],"max_hp_gain":0,"max_hp_loss":6,"event_name":"Golden Idol","floor":7,"gold_loss":0}],"is_beta":false,"boss_relics":[],"items_purged_floors":[4],"is_endless":false,"potions_floor_spawned":[],"killed_by":"Lagavulin","ascension_level":5}