{"gold_per_floor":[119,129,129,147,49,79,98,131,201,201,219,219,230,230,230,332,332,272,272,272,104,104,104,104,104,104,104,104,29,29,29,29,29,29,29,29,29,29,29,29,29,29,29,29,4,4,4,4,4,4,4,4,4,4,4],"floor_reached":56,"playtime":4372,"items_purged":["Defend_G","Strike_G"],"score":1992,"play_id":"26c3d5f9-204f-4dc6-b69b-1a50d0c5f720","local_time":"20181210202339","is_ascension_mode":true,"campfire_choices":[{"data":"Footwork","floor":10,"key":"SMITH"},{"data":"Noxious Fumes","floor":12,"key":"SMITH"},{"floor":15,"key":"REST"},{"data":"After Image","floor":24,"key":"SMITH"},{"data":"Footwork","floor":28,"key":"SMITH"},{"data":"Infinite Blades","floor":30,"key":"SMITH"},{"floor":32,"key":"REST"},{"floor":41,"key":"RECALL"},{"data":"Dodge and Roll","floor":44,"key":"SMITH"},{"floor":49,"key":"REST"},{"floor":52,"key":"REST"}],"neow_cost":"NONE","seed_source_timestamp":2241045460720114,"circlet_count":0,"master_deck":["AscendersBane","Defend_G+1","Defend_G+1","Defend_G+1","Defend_G+1","Strike_G+1","Strike_G+1","Survivor+1","Neutralize+1","Dash+1","Dagger Spray+1","After Image+1","Noxious Fumes+1","Slice+1","Sucker Punch+1","Catalyst+1","Footwork+1","Infinite Blades+1","Poisoned Stab+1","Backflip+1","Burst+1","Cloak And Dagger+1","Footwork+1","Backflip+1","Well Laid Plans+1","Cloak And Dagger+1","Blur+1","Catalyst+1","Calculated Gamble+1","Malaise+1","Deadly Poison+1","After Image+1","Backflip+1","Backflip+1","Acrobatics+1","Dodge and Roll+1","Doubt","Dodge and Roll","Noxious Fumes+1","Outmaneuver+1"],"relics":["Ring of the Snake","NeowsBlessing","Pocketwatch","Mango","Mummified Hand","Dream Catcher","Ectoplasm","Meat on the Bone","Sundial","Question Card","Unceasing Top","Cursed Key","Mark of the Bloom","Ancient Tea Set","Bronze Scales","Paper Crane","Shuriken"],"potions_floor_usage":[7,7,8,33,50],"damage_taken":[{"damage":0,"enemies":"Small Slimes","floor":1,"turns":1},{"damage":0,"enemies":"Cultist","floor":2,"turns":1},{"damage":0,"enemies":"Jaw Worm","floor":4,"turns":1},{"damage":15,"enemies":"Lagavulin","floor":6,"turns":12},{"damage":0,"enemies":"Exordium Thugs","floor":7,"turns":4},{"damage":21,"enemies":"Gremlin Nob","floor":8,"turns":5},{"damage":0,"enemies":"3 Louse","floor":11,"turns":3},{"damage":0,"enemies":"2 Fungi Beasts","floor":13,"turns":2},{"damage":12,"enemies":"Slime Boss","floor":16,"turns":9},{"damage":14,"enemies":"2 Thieves","floor":18,"turns":4},{"damage":4,"enemies":"Spheric Guardian","floor":20,"turns":5},{"damage":13,"enemies":"Snake Plant","floor":22,"turns":6},{"damage":17,"enemies":"Book of Stabbing","floor":23,"turns":8},{"damage":0,"enemies":"Shelled Parasite and Fungi","floor":25,"turns":6},{"damage":11,"enemies":"Slavers","floor":27,"turns":6},{"damage":21,"enemies":"Gremlin Leader","floor":31,"turns":9},{"damage":0,"enemies":"Automaton","floor":33,"turns":11},{"damage":8,"enemies":"3 Shapes","floor":35,"turns":7},{"damage":0,"enemies":"3 Darklings","floor":38,"turns":5},{"damage":0,"enemies":"Jaw Worm Horde","floor":39,"turns":4},{"damage":0,"enemies":"Giant Head","floor":40,"turns":7},{"damage":0,"enemies":"Nemesis","floor":42,"turns":5},{"damage":5,"enemies":"Writhing Mass","floor":47,"turns":5},{"damage":11,"enemies":"Time Eater","floor":50,"turns":10},{"damage":0,"enemies":"Shield and Spear","floor":54,"turns":6},{"damage":1,"enemies":"The Heart","floor":55,"turns":8}],"seed_played":"-9206620714441929355","potions_obtained":[{"floor":1,"key":"AttackPotion"},{"floor":6,"key":"EntropicBrew"},{"floor":7,"key":"EssenceOfSteel"},{"floor":13,"key":"GhostInAJar"},{"floor":20,"key":"Explosive Potion"},{"floor":33,"key":"Regen Potion"}],"is_trial":false,"path_per_floor":["M","M","?","M","$","E","M","E","T","R","M","R","M","?","R","B",null,"M","?","M","$","M","E","R","M","T","E","R","?","R","E","R","B",null,"M","?","?","M","M","E","R","E","T","R","$","?","M","$","R","B",null,"R","$","E","B",null],"character_chosen":"THE_SILENT","items_purchased":["Slice","Footwork","Dodge and Roll"],"campfire_rested":4,"item_purchase_floors":[5,21,45],"current_hp_per_floor":[63,63,63,63,63,48,48,41,41,41,41,41,41,34,59,47,75,61,61,57,57,44,39,39,51,51,52,52,52,52,43,68,68,80,72,72,72,72,72,72,72,72,72,72,72,72,67,67,67,56,56,56,56,56,55],"gold":4,"neow_bonus":"THREE_ENEMY_KILL","is_prod":false,"is_daily":false,"chose_seed":false,"campfire_upgraded":6,"win_rate":0,"timestamp":1544469819,"path_taken":["M","M","?","?","$","E","M","E","T","R","M","R","M","?","R","BOSS","M","?","M","$","M","E","R","M","T","E","R","?","R","E","R","BOSS","M","?","?","M","?","E","R","E","T","R","?","?","?","?","R","BOSS","R","$","E","BOSS"],"build_version":"2018-12-06","purchased_purges":2,"victory":true,"max_hp_per_floor":[70,70,70,70,70,70,70,84,84,84,84,84,84,84,84,84,84,84,84,84,84,84,84,84,84,84,84,84,84,84,84,84,84,84,84,84,84,84,84,84,84,84,84,84,84,84,84,84,84,84,84,84,84,84,84],"card_choices":[{"not_picked":["Underhanded Strike","Quick Slash"],"picked":"Dash","floor":1},{"not_picked":["Underhanded Strike","Masterful Stab"],"picked":"Dagger Spray","floor":2},{"not_picked":["Tactician","Blur"],"picked":"Noxious Fumes","floor":4},{"not_picked":["Masterful Stab","Venomology"],"picked":"Sucker Punch","floor":6},{"not_picked":["Dagger Throw","Acrobatics"],"picked":"Catalyst","floor":7},{"not_picked":["Slice","Blade Dance"],"picked":"Footwork","floor":8},{"not_picked":["PiercingWail","Crippling Poison"],"picked":"Infinite Blades","floor":11},{"not_picked":["Choke","Doppelganger"],"picked":"Poisoned Stab","floor":13},{"not_picked":["Dodge and Roll","Deflect"],"picked":"Backflip","floor":15},{"not_picked":["Wraith Form v2","Doppelganger"],"picked":"Burst","floor":16},{"not_picked":["Deflect","Riddle With Holes"],"picked":"Cloak And Dagger+1","floor":18},{"not_picked":["Deadly Poison","Riddle With Holes+1","Blade Dance"],"picked":"SKIP","floor":20},{"not_picked":["Sucker Punch","Dagger Throw"],"picked":"Backflip+1","floor":22},{"not_picked":["Slice","Riddle With Holes"],"picked":"Well Laid Plans","floor":23},{"not_picked":["Tactician","Storm of Steel"],"picked":"Cloak And Dagger","floor":25},{"not_picked":["Dodge and Roll","Flying Knee"],"picked":"Blur","floor":27},{"not_picked":["Deadly Poison","Reflex","Concentrate"],"picked":"Catalyst","floor":31},{"not_picked":["Bane","Backflip","Outmaneuver"],"picked":"Calculated Gamble","floor":32},{"not_picked":["Glass Knife","Venomology","Grand Finale"],"picked":"Malaise","floor":33},{"not_picked":["Blade Dance","Crippling Poison","Slice"],"picked":"Deadly Poison+1","floor":35},{"not_picked":["Acrobatics+1","Flechettes+1","Underhanded Strike"],"picked":"Backflip+1","floor":38},{"not_picked":["Dagger Spray+1","Quick Slash","Catalyst"],"picked":"Backflip+1","floor":39},{"not_picked":["Choke+1","Dagger Spray","Prepared"],"picked":"Acrobatics+1","floor":40},{"not_picked":["Calculated Gamble","Caltrops+1","Adrenaline"],"picked":"Dodge and Roll","floor":42},{"not_picked":["Slice+1","Deadly Poison","Bouncing Flask"],"picked":"Noxious Fumes+1","floor":47},{"not_picked":["Dash+1","Backflip","Endless Agony"],"picked":"Outmaneuver+1","floor":52},{"not_picked":["Wraith Form v2","Reflex+1","Underhanded Strike","Endless Agony+1"],"picked":"SKIP","floor":54}],"player_experience":307614,"relics_obtained":[{"floor":6,"key":"Pocketwatch"},{"floor":8,"key":"Mango"},{"floor":9,"key":"Mummified Hand"},{"floor":23,"key":"Sundial"},{"floor":27,"key":"Question Card"},{"floor":31,"key":"Unceasing Top"},{"floor":40,"key":"Ancient Tea Set"},{"floor":42,"key":"Bronze Scales"},{"floor":43,"key":"Paper Crane"},{"floor":54,"key":"Shuriken"}],"event_choices":[{"damage_healed":0,"gold_gain":0,"cards_transformed":["Strike_G"],"player_choice":"Transformed","damage_taken":0,"max_hp_gain":0,"max_hp_loss":0,"event_name":"Transmorgrifier","floor":3,"gold_loss":0,"cards_obtained":["After Image"]},{"damage_healed":0,"gold_gain":0,"player_choice":"Success","damage_taken":7,"relics_obtained":["Dream Catcher"],"max_hp_gain":0,"max_hp_loss":0,"event_name":"Scrap Ooze","floor":14,"gold_loss":0},{"damage_healed":0,"gold_gain":0,"player_choice":"Opened","damage_taken":0,"relics_obtained":["Meat on the Bone"],"max_hp_gain":0,"max_hp_loss":0,"event_name":"The Mausoleum","floor":19,"gold_loss":0},{"cards_removed":["Strike_G"],"damage_healed":0,"gold_gain":0,"player_choice":"Gave Gold","damage_taken":0,"max_hp_gain":0,"max_hp_loss":0,"event_name":"Beggar","floor":29,"gold_loss":75},{"damage_healed":0,"gold_gain":0,"player_choice":"Upgrade","damage_taken":0,"relics_obtained":["Mark of the Bloom"],"max_hp_gain":0,"max_hp_loss":0,"event_name":"MindBloom","floor":36,"gold_loss":0,"cards_upgraded":["Defend_G","Defend_G","Defend_G","Defend_G","Strike_G","Strike_G","Survivor","Neutralize","Dash","Dagger Spray","Slice","Sucker Punch","Catalyst","Poisoned Stab","Backflip","Burst","Well Laid Plans","Cloak And Dagger","Blur","Catalyst","Calculated Gamble","Malaise"]},{"damage_healed":0,"gold_gain":0,"player_choice":"Copied","damage_taken":0,"max_hp_gain":0,"max_hp_loss":0,"event_name":"Duplicator","floor":37,"gold_loss":0,"cards_obtained":["After Image"]},{"damage_healed":0,"gold_gain":0,"player_choice":"Got Potions","damage_taken":0,"max_hp_gain":0,"max_hp_loss":0,"event_name":"Lab","floor":46,"gold_loss":0}],"is_beta":false,"boss_relics":[{"not_picked":["Black Star","HoveringKite"],"picked":"Ectoplasm"},{"not_picked":["Sozu","Coffee Dripper"],"picked":"Cursed Key"}],"items_purged_floors":[5,21],"is_endless":false,"potions_floor_spawned":[1,6,7,13,20,22,25,27,33,35,39],"ascension_level":10}