{"gold_per_floor":[116,136,136,151,168,201,214,214,214,214],"floor_reached":10,"playtime":1707,"items_purged":[],"score":70,"play_id":"03b49392-3a95-4b54-aee2-ba1117978b4c","local_time":"20191004013531","is_ascension_mode":false,"campfire_choices":[{"floor":8,"key":"REST"}],"neow_cost":"NONE","seed_source_timestamp":811280462111300,"circlet_count":0,"master_deck":["Strike_R","Strike_R","Strike_R","Strike_R","Strike_R","Defend_R","Defend_R","Defend_R","Defend_R","Bash+1","Rupture","Rage","Headbutt","Cleave","Armaments","Iron Wave"],"relics":["Burning Blood","Happy Flower","Bottled Tornado"],"potions_floor_usage":[5,7],"damage_taken":[{"damage":6,"enemies":"Jaw Worm","floor":1,"turns":3},{"damage":0,"enemies":"Small Slimes","floor":2,"turns":3},{"damage":5,"enemies":"Cultist","floor":4,"turns":5},{"damage":21,"enemies":"Lots of Slimes","floor":5,"turns":6},{"damage":36,"enemies":"Lagavulin","floor":6,"turns":7},{"damage":6,"enemies":"Large Slime","floor":7,"turns":5},{"damage":0,"enemies":"Lagavulin Event","floor":10,"turns":1}],"seed_played":"-7653255530211731157","potions_obtained":[{"floor":1,"key":"Regen Potion"},{"floor":4,"key":"BloodPotion"},{"floor":5,"key":"Ancient Potion"}],"is_trial":false,"path_per_floor":["M","M","?","M","M","E","M","R","T","?"],"character_chosen":"IRONCLAD","items_purchased":[],"campfire_rested":1,"item_purchase_floors":[],"current_hp_per_floor":[80,80,80,80,79,49,49,73,73,73],"gold":214,"neow_bonus":"UPGRADE_CARD","is_prod":false,"is_daily":false,"chose_seed":false,"campfire_upgraded":0,"win_rate":0,"timestamp":1570170931,"path_taken":["M","M","?","M","M","E","M","R","T","?"],"build_version":"2019-07-17","purchased_purges":0,"victory":false,"max_hp_per_floor":[80,80,80,80,80,80,80,80,80,80],"card_choices":[{"not_picked":["Power Through","Clothesline"],"picked":"Rupture","floor":1},{"not_picked":["Clash","Body Slam"],"picked":"Rage","floor":2},{"not_picked":["Clothesline","Thunderclap"],"picked":"Headbutt","floor":4},{"not_picked":["Reckless Charge","Thunderclap"],"picked":"Cleave","floor":5},{"not_picked":["Corruption","Clothesline"],"picked":"Armaments","floor":6},{"not_picked":["Sever Soul","Armaments"],"picked":"Iron Wave","floor":7}],"player_experience":44885,"relics_obtained":[{"floor":6,"key":"Happy Flower"},{"floor":9,"key":"Bottled Tornado"}],"event_choices":[{"damage_healed":0,"gold_gain":0,"player_choice":"Ignored","damage_taken":0,"max_hp_gain":0,"max_hp_loss":0,"event_name":"Liars Game","floor":3,"gold_loss":0},{"damage_healed":0,"gold_gain":0,"player_choice":"Searched \u00271\u0027 times","damage_taken":0,"max_hp_gain":0,"max_hp_loss":0,"event_name":"Dead Adventurer","floor":10,"gold_loss":0}],"is_beta":false,"boss_relics":[],"items_purged_floors":[],"is_endless":false,"potions_floor_spawned":[1,4,5,6],"killed_by":"Lagavulin Event","ascension_level":0}