{"gold_per_floor":[113,126,51,70,86,86,59,59,84,115,115,128,128,203,203,304,304,321,321,331,360,371,371,371,403,403,415,180,180,213,6,6,101,101,119,69,115,125,136,136,162,178,178,138,138,150,150,176,176,176],"floor_reached":51,"playtime":5220,"items_purged":["Strike_G","Defend_G","Defend_G","Defend_G"],"score":1005,"play_id":"17678515-fffd-47c3-a806-51b9a54a221d","local_time":"20181008160231","is_ascension_mode":true,"campfire_choices":[{"data":"Neutralize","floor":6.0,"key":"SMITH"},{"data":"Blur","floor":11.0,"key":"SMITH"},{"data":"Flying Knee","floor":13.0,"key":"SMITH"},{"floor":15.0,"key":"REST"},{"data":"Flying Knee","floor":23.0,"key":"SMITH"},{"floor":29.0,"key":"REST"},{"floor":32.0,"key":"REST"},{"floor":40,"key":"REST"},{"floor":45,"key":"REST"},{"floor":47,"key":"REST"},{"floor":49,"key":"REST"}],"neow_cost":"TEN_PERCENT_HP_LOSS","seed_source_timestamp":0,"circlet_count":0,"master_deck":["Strike_G+1","Strike_G+1","Survivor","Neutralize+1","Blur+1","Flying Knee+1","Flying Knee+1","Cloak And Dagger","Leg Sweep","Adrenaline","Backflip+1","Escape Plan","Blur+1","Infinite Blades","Accuracy","Infinite Blades","Concentrate","Terror","Escape Plan+1"],"special_seed":0,"relics":["Ring of the Serpent","Bag of Marbles","Vajra","Empty Cage","Red Mask","The Courier","Smiling Mask","Whetstone","Paper Crane","Mango","Singing Bowl","Shuriken","Gambling Chip"],"potions_floor_usage":[37,50,50],"damage_taken":[{"damage":2.0,"enemies":"Cultist","floor":1.0,"turns":4.0},{"damage":3.0,"enemies":"Jaw Worm","floor":2.0,"turns":4.0},{"damage":0.0,"enemies":"Small Slimes","floor":4.0,"turns":3.0},{"damage":0.0,"enemies":"2 Fungi Beasts","floor":5.0,"turns":6.0},{"damage":11.0,"enemies":"Lagavulin","floor":10.0,"turns":8.0},{"damage":0.0,"enemies":"3 Louse","floor":12.0,"turns":3.0},{"damage":22.0,"enemies":"The Guardian","floor":16.0,"turns":14.0},{"damage":0.0,"enemies":"3 Byrds","floor":18.0,"turns":7.0},{"damage":0.0,"enemies":"Chosen","floor":20.0,"turns":5.0},{"damage":0.0,"floor":21.0,"turns":6.0},{"damage":11.0,"enemies":"Centurion and Healer","floor":22.0,"turns":23.0},{"damage":43.0,"enemies":"Book of Stabbing","floor":25.0,"turns":12.0},{"damage":0.0,"enemies":"3 Cultists","floor":27.0,"turns":9.0},{"damage":10.0,"enemies":"Gremlin Leader","floor":30.0,"turns":11.0},{"damage":2.0,"enemies":"Collector","floor":33.0,"turns":19.0},{"damage":0,"enemies":"3 Shapes","floor":35,"turns":8},{"damage":45,"enemies":"Mysterious Sphere","floor":37,"turns":10},{"damage":0,"enemies":"Orb Walker","floor":38,"turns":4},{"damage":12,"enemies":"4 Shapes","floor":39,"turns":9},{"damage":5,"enemies":"Nemesis","floor":41,"turns":9},{"damage":22,"enemies":"3 Darklings","floor":42,"turns":7},{"damage":0,"enemies":"Spire Growth","floor":46,"turns":5},{"damage":25,"enemies":"2 Orb Walkers","floor":48,"turns":6},{"damage":2,"enemies":"Donu and Deca","floor":50,"turns":11}],"seed_played":"8575163460933327386","potions_obtained":[{"floor":1.0,"key":"Swift Potion"},{"floor":2.0,"key":"Block Potion"},{"floor":10.0,"key":"Energy Potion"},{"floor":16.0,"key":"GamblersBrew"},{"floor":18.0,"key":"Fire Potion"},{"floor":21.0,"key":"PowerPotion"},{"floor":27.0,"key":"Dexterity Potion"},{"floor":30.0,"key":"Strength Potion"},{"floor":35,"key":"GamblersBrew"},{"floor":39,"key":"Dexterity Potion"},{"floor":44,"key":"Energy Potion"},{"floor":44,"key":"Dexterity Potion"}],"is_trial":false,"path_per_floor":["M","M","$","M","M","R","$","?","T","E","R","M","R","?","R","B",null,"M","?","M","?","M","R","?","E","T","M","$","R","E","$","R","B",null,"M","$","?","M","M","R","E","M","T","?","R","M","R","E","R","B"],"character_chosen":"THE_SILENT","items_purchased":["Flying Knee","Whetstone","Infinite Blades","Energy Potion","Accuracy","Infinite Blades"],"campfire_rested":7,"item_purchase_floors":[7,28,28,31,31,31],"current_hp_per_floor":[61,58,58,58,58,58,58,58,58,47,47,47,47,36,54,32,55,55,55,55,55,44,44,44,1,1,1,1,19,9,9,27,25,54,54,54,23,23,11,34,31,11,11,11,35,37,61,36,60,58],"gold":176,"neow_bonus":"REMOVE_TWO","is_prod":false,"is_daily":false,"chose_seed":false,"campfire_upgraded":4,"win_rate":0,"timestamp":1539007351,"path_taken":["M","?","$","M","M","R","$","?","T","E","R","M","R","?","R","BOSS","M","?","M","?","M","R","?","E","T","M","$","R","E","$","R","BOSS","M","$","?","M","M","R","E","M","T","?","R","M","R","E","R","BOSS"],"build_version":"2018-10-04v2","purchased_purges":4,"victory":true,"max_hp_per_floor":[63,63,63,63,63,63,63,63,63,63,63,63,63,63,63,63,63,63,63,63,63,63,63,63,63,63,63,63,63,63,63,63,63,63,63,63,77,77,77,77,79,81,81,81,81,83,83,83,83,83],"card_choices":[{"not_picked":["Finisher","Caltrops","Riddle With Holes"],"picked":"SKIP","floor":1.0},{"not_picked":["Blade Dance","PiercingWail","Slice"],"picked":"SKIP","floor":2.0},{"not_picked":["Bane","Dodge and Roll"],"picked":"Blur","floor":4.0},{"not_picked":["Deflect","Tactician"],"picked":"Flying Knee","floor":5.0},{"not_picked":["Poisoned Stab","All Out Attack"],"picked":"Cloak And Dagger","floor":10.0},{"not_picked":["Cloak And Dagger","Riddle With Holes"],"picked":"Leg Sweep","floor":12.0},{"not_picked":["Wraith Form v2","Grand Finale"],"picked":"Adrenaline","floor":16.0},{"not_picked":["Slice","Tactician"],"picked":"Backflip+1","floor":18.0},{"not_picked":["Underhanded Strike","Sucker Punch+1","Bane"],"picked":"SKIP","floor":20.0},{"not_picked":["Night Terror","Slice"],"picked":"Blur","floor":22.0},{"not_picked":["Bouncing Flask","Poisoned Stab+1","Predator"],"picked":"SKIP","floor":25.0},{"not_picked":["Acrobatics","Outmaneuver","Deadly Poison"],"picked":"SKIP","floor":27.0},{"not_picked":["Setup+1","Underhanded Strike","Acrobatics"],"picked":"SKIP","floor":30.0},{"not_picked":["Underhanded Strike+1","Setup","Dodge and Roll"],"picked":"SKIP","floor":35},{"not_picked":["Sucker Punch+1","Prepared+1"],"picked":"Concentrate","floor":37},{"not_picked":["Dodge and Roll+1","Doppelganger"],"picked":"Terror","floor":38},{"not_picked":["Prepared","PiercingWail+1","Poisoned Stab"],"picked":"SKIP","floor":39},{"not_picked":["Poisoned Stab","Heel Hook","Sucker Punch+1"],"picked":"Singing Bowl","floor":41},{"not_picked":["Blade Dance","Skewer+1","Backflip"],"picked":"Singing Bowl","floor":42},{"not_picked":["Poisoned Stab","PiercingWail","Eviscerate+1"],"picked":"Singing Bowl","floor":46},{"not_picked":["Dagger Throw","Acrobatics"],"picked":"Escape Plan+1","floor":48}],"player_experience":261261,"relics_obtained":[{"floor":9.0,"key":"Bag of Marbles"},{"floor":10.0,"key":"Vajra"},{"floor":21.0,"key":"Red Mask"},{"floor":25.0,"key":"The Courier"},{"floor":26.0,"key":"Smiling Mask"},{"floor":30.0,"key":"Paper Crane"},{"floor":37,"key":"Mango"},{"floor":41,"key":"Singing Bowl"},{"floor":43,"key":"Shuriken"},{"floor":48,"key":"Gambling Chip"}],"event_choices":[{"event_name":"Liars Game","player_choice":"disagreed","floor":8.0,"damage_taken":0.0},{"event_name":"World of Goop","player_choice":"Gather Gold","floor":14.0,"damage_taken":0.0},{"event_name":"The Library","player_choice":"Read","floor":19.0,"damage_taken":0.0},{"event_name":"Masked Bandits","player_choice":"Fought Bandits","floor":21.0,"damage_taken":0.0},{"event_name":"Upgrade Shrine","player_choice":"Upgraded","floor":24.0,"damage_taken":0.0},{"event_name":"Mysterious Sphere","player_choice":"Fight","floor":37,"damage_taken":0},{"event_name":"The Woman in Blue","player_choice":"Bought 3 Potions","floor":44,"damage_taken":0}],"is_beta":false,"boss_relics":[{"not_picked":["Sozu","Calling Bell"],"picked":"Empty Cage"},{"not_picked":["Coffee Dripper","Snecko Eye"],"picked":"Ring of the Serpent"}],"items_purged_floors":[3,28,31,36],"is_endless":false,"potions_floor_spawned":[1,2,10,16,18,21,27,30,35,39],"ascension_level":9}