{"gold_per_floor":[114,125,61,74,90,109,109,109,132,132,132],"floor_reached":11,"playtime":301,"items_purged":[],"score":65,"play_id":"38ab868a-cdea-4eb5-97dc-aeced38cd40d","local_time":"20190808074208","is_ascension_mode":false,"campfire_choices":[{"data":"Aggregate","floor":10,"key":"SMITH"}],"neow_cost":"NONE","seed_source_timestamp":138158611475830,"circlet_count":0,"master_deck":["Strike_B+1","Strike_B","Strike_B","Strike_B","Defend_B","Defend_B","Defend_B","Defend_B+1","Zap","Dualcast","Rebound","Aggregate+1","Defragment","Hologram"],"relics":["Cracked Core","NeowsBlessing","Regal Pillow","Ancient Tea Set","Strawberry"],"potions_floor_usage":[4],"damage_taken":[{"damage":0,"enemies":"2 Louse","floor":1,"turns":1},{"damage":0,"enemies":"Cultist","floor":2,"turns":1},{"damage":0,"enemies":"Jaw Worm","floor":4,"turns":1},{"damage":0,"enemies":"Looter","floor":5,"turns":3},{"damage":9,"enemies":"Blue Slaver","floor":6,"turns":3},{"damage":0,"enemies":"2 Fungi Beasts","floor":11,"turns":2}],"seed_played":"3210164601483556383","potions_obtained":[{"floor":4,"key":"Fruit Juice"},{"floor":5,"key":"Dexterity Potion"}],"is_trial":false,"path_per_floor":["M","M","?","M","M","M","?","?","T","R","M"],"character_chosen":"DEFECT","items_purchased":[],"campfire_rested":0,"item_purchase_floors":[],"current_hp_per_floor":[75,75,75,80,80,71,53,37,44,44,44],"gold":132,"neow_bonus":"THREE_ENEMY_KILL","is_prod":false,"is_daily":false,"chose_seed":false,"campfire_upgraded":1,"win_rate":0,"timestamp":1565242928,"path_taken":["M","M","?","M","?","M","?","?","T","R","M"],"build_version":"2019-07-17","purchased_purges":0,"victory":false,"max_hp_per_floor":[75,75,75,80,80,80,80,80,87,87,87],"card_choices":[{"not_picked":["Conserve Battery","Leap"],"picked":"Rebound","floor":1},{"not_picked":["Stack","Leap","Steam"],"picked":"SKIP","floor":2},{"not_picked":["Sweeping Beam","Conserve Battery"],"picked":"Aggregate","floor":4},{"not_picked":["Core Surge","Auto Shields"],"picked":"Defragment","floor":5},{"not_picked":["Steam","Barrage"],"picked":"Hologram","floor":6}],"player_experience":155906,"relics_obtained":[{"floor":9,"key":"Strawberry"}],"event_choices":[{"damage_healed":0,"gold_gain":0,"player_choice":"Paid Gold","damage_taken":0,"relics_obtained":["Regal Pillow"],"max_hp_gain":0,"max_hp_loss":0,"event_name":"WeMeetAgain","floor":3,"gold_loss":64},{"damage_healed":0,"gold_gain":0,"player_choice":"Success","damage_taken":18,"relics_obtained":["Ancient Tea Set"],"max_hp_gain":0,"max_hp_loss":0,"event_name":"Scrap Ooze","floor":7,"gold_loss":0},{"damage_healed":0,"gold_gain":0,"player_choice":"Entered Light","damage_taken":16,"max_hp_gain":0,"max_hp_loss":0,"event_name":"Shining Light","floor":8,"gold_loss":0,"cards_upgraded":["Defend_B","Strike_B"]}],"is_beta":false,"boss_relics":[],"items_purged_floors":[],"is_endless":false,"potions_floor_spawned":[4,5],"killed_by":"2 Fungi Beasts","ascension_level":0}