{"gold_per_floor":[116,116,40,53,72,106,119,130,130,130,305,380,380,50,50,50],"floor_reached":16,"playtime":453,"items_purged":["Doubt"],"score":170,"play_id":"918b2659-3030-4c80-84b0-b7057740197e","local_time":"20190325210409","is_ascension_mode":true,"campfire_choices":[{"data":"Body Slam","floor":10,"key":"SMITH"},{"floor":13,"key":"REST"},{"data":"Shrug It Off","floor":15,"key":"SMITH"}],"neow_cost":"PERCENT_DAMAGE","seed_source_timestamp":68886707535692,"circlet_count":0,"master_deck":["AscendersBane","Strike_R","Strike_R","Strike_R","Strike_R","Strike_R","Defend_R","Defend_R","Defend_R","Bash","Clash","Dual Wield","Rampage","Cleave","Ghostly Armor","Flame Barrier","Warcry","Body Slam+1","Shrug It Off+1","Inflame"],"relics":["Burning Blood","Shovel","Art of War","Ornamental Fan","Membership Card"],"potions_floor_usage":[5,7,16],"damage_taken":[{"damage":13,"enemies":"Jaw Worm","floor":1,"turns":4},{"damage":0,"enemies":"2 Louse","floor":4,"turns":1},{"damage":0,"enemies":"Small Slimes","floor":5,"turns":2},{"damage":35,"enemies":"3 Sentries","floor":6,"turns":8},{"damage":0,"enemies":"2 Fungi Beasts","floor":7,"turns":2},{"damage":6,"enemies":"Looter","floor":8,"turns":2},{"damage":44,"enemies":"The Guardian","floor":16,"turns":8}],"seed_played":"6122321459947356253","potions_obtained":[{"floor":1,"key":"Block Potion"},{"floor":4,"key":"GamblersBrew"},{"floor":6,"key":"AttackPotion"},{"floor":7,"key":"Swift Potion"}],"is_trial":false,"path_per_floor":["M","?","$","M","M","E","M","M","T","R","?","?","R","$","R","B"],"character_chosen":"IRONCLAD","items_purchased":["Rampage","Membership Card","Shrug It Off","Inflame"],"campfire_rested":1,"item_purchase_floors":[3,14,14,14],"current_hp_per_floor":[43,43,43,49,55,26,32,32,32,32,32,21,43,43,43,0],"gold":50,"neow_bonus":"ONE_RARE_RELIC","is_prod":false,"is_daily":false,"chose_seed":false,"campfire_upgraded":2,"win_rate":0,"timestamp":1553515449,"path_taken":["M","?","$","M","M","E","M","M","T","R","?","?","R","?","R","BOSS"],"build_version":"2019-01-23","purchased_purges":1,"victory":false,"max_hp_per_floor":[75,75,75,75,75,75,75,75,75,75,75,75,75,75,75,75],"card_choices":[{"not_picked":["True Grit","Clothesline"],"picked":"Clash","floor":1},{"not_picked":["Intimidate","Entrench"],"picked":"Cleave","floor":4},{"not_picked":["Anger","Cleave"],"picked":"Ghostly Armor","floor":5},{"not_picked":["Immolate","Body Slam"],"picked":"Flame Barrier","floor":6},{"not_picked":["Fire Breathing","Corruption"],"picked":"Warcry","floor":7},{"not_picked":["Iron Wave","Thunderclap"],"picked":"Body Slam","floor":8}],"player_experience":620413,"relics_obtained":[{"floor":6,"key":"Art of War"},{"floor":9,"key":"Ornamental Fan"}],"event_choices":[{"damage_healed":0,"gold_gain":0,"cards_transformed":["Defend_R"],"player_choice":"Change","damage_taken":0,"max_hp_gain":0,"max_hp_loss":0,"event_name":"Living Wall","floor":2,"gold_loss":0,"cards_obtained":["Dual Wield"]},{"damage_healed":0,"gold_gain":175,"player_choice":"AGREE","damage_taken":0,"max_hp_gain":0,"max_hp_loss":0,"event_name":"Liars Game","floor":11,"gold_loss":0,"cards_obtained":["Doubt"]},{"damage_healed":0,"gold_gain":75,"player_choice":"Gather Gold","damage_taken":11,"max_hp_gain":0,"max_hp_loss":0,"event_name":"World of Goop","floor":12,"gold_loss":0}],"is_beta":false,"boss_relics":[],"items_purged_floors":[14],"is_endless":false,"potions_floor_spawned":[1,4,6,7],"killed_by":"The Guardian","ascension_level":14}