{"path_per_floor":["M","?","$","M","M","E","M","R","T","M","R","?","E","M","R","B",null,"M","?","M","M","$","M","M","R","T","R","E","M","E","M","R"],"character_chosen":"IRONCLAD","items_purchased":["Bronze Scales","Blood Vial"],"gold_per_floor":[115,115,40,60,72,101,111,111,411,428,428,428,463,484,484,608,608,624,624,644,660,253,267,280,280,280,280,316,339,374,397,397],"floor_reached":33,"campfire_rested":0,"playtime":3984,"current_hp_per_floor":[80,73,73,74,77,57,59,59,59,54,54,34,15,21,21,14,87,87,87,72,69,69,68,72,72,72,72,48,37,41,45,45],"items_purged":["Strike_R","Strike_R"],"gold":397,"score":301,"play_id":"e268d7c2-a065-444b-aaa3-0d4e1b5501d4","is_prod":false,"is_daily":false,"is_ascension_mode":false,"campfire_upgraded":6,"path_taken":["M","?","$","M","M","E","M","R","T","M","R","?","E","M","R","BOSS","M","?","?","M","$","M","?","R","T","R","E","M","E","M","R","BOSS"],"build_version":"2018-02-08-PROD1","purchased_purges":2,"victory":false,"master_deck":["Strike_R","Strike_R","Defend_R","Defend_R","Defend_R","Defend_R","Bash+1","Thunderclap","Battle Trance","Warcry+1","Rampage+1","Whirlwind+1","Offering","Headbutt","Flex+1","Iron Wave","Cleave+1","Armaments+1","Battle Trance","Whirlwind+1","Rampage+1"],"max_hp_per_floor":[80,80,80,80,80,80,80,80,80,80,80,80,87,87,87,87,87,87,87,87,87,87,87,87,87,87,87,87,87,87,87,87],"relics":["Burning Blood","Paper Frog","Old Coin","Golden Idol","Strawberry","Runic Cube","Bronze Scales","Blood Vial","Bottled Flame","Orichalcum","Ornamental Fan"],"card_choices":[{"not_picked":["Rage","Inflame"],"picked":"Thunderclap"},{"not_picked":["Searing Blow","True Grit"],"picked":"Battle Trance"},{"not_picked":["Perfected Strike","Anger"],"picked":"Warcry"},{"not_picked":["Shrug It Off","Perfected Strike"],"picked":"Rampage"},{"not_picked":["Anger","Wild Strike"],"picked":"Whirlwind"},{"not_picked":["Dark Embrace","Juggernaut"],"picked":"Offering"},{"not_picked":["Infernal Blade","Thunderclap"],"picked":"Headbutt"},{"not_picked":["Heavy Blade","Headbutt"],"picked":"Iron Wave"},{"not_picked":["Infernal Blade","Body Slam"],"picked":"Cleave"},{"not_picked":["Clothesline","Burning Pact"],"picked":"Armaments"},{"not_picked":["Clothesline","Headbutt"],"picked":"Battle Trance"},{"not_picked":["Feel No Pain","Headbutt"],"picked":"Whirlwind"},{"not_picked":["Twin Strike","Limit Break"],"picked":"Rampage"}],"player_experience":55897,"potions_floor_usage":[20,21,28,30,33,33],"damage_taken":[{"damage":0.0,"enemies":"2 Louse","floor":1.0,"turns":3.0},{"damage":5.0,"enemies":"Small Slimes","floor":4.0,"turns":3.0},{"damage":3.0,"enemies":"Jaw Worm","floor":5.0,"turns":5.0},{"damage":26.0,"enemies":"3 Sentries","floor":6.0,"turns":12.0},{"damage":4.0,"enemies":"2 Fungi Beasts","floor":7.0,"turns":5.0},{"damage":11.0,"enemies":"Exordium Wildlife","floor":10.0,"turns":5.0},{"damage":32.0,"enemies":"Gremlin Nob","floor":13.0,"turns":4.0},{"damage":0.0,"enemies":"Lots of Slimes","floor":14.0,"turns":2.0},{"damage":13.0,"enemies":"Hexaghost","floor":16.0,"turns":8.0},{"damage":0,"enemies":"3 Byrds","floor":18,"turns":3},{"damage":21,"enemies":"Shell Parasite","floor":20,"turns":4},{"damage":9,"enemies":"Cultist and Chosen","floor":21,"turns":5},{"damage":9,"enemies":"Sentry and Sphere","floor":23,"turns":3},{"damage":4,"enemies":"Snecko","floor":24,"turns":3},{"damage":32,"enemies":"Slavers","floor":28,"turns":4},{"damage":19,"enemies":"Centurion and Healer","floor":29,"turns":4},{"damage":4,"enemies":"Gremlin Leader","floor":30,"turns":5},{"damage":4,"enemies":"Cultist and Chosen","floor":31,"turns":4},{"damage":72,"enemies":"Collector","floor":33,"turns":7}],"event_choices":[{"event_name":"Golden Wing","player_choice":"Card Removal","floor":2.0,"damage_taken":0.0},{"event_name":"Golden Idol","player_choice":"Take Damage","floor":12.0,"damage_taken":0.0},{"event_name":"The Library","player_choice":"Read","floor":19,"damage_taken":0}],"boss_relics":[{"not_picked":["Snecko Eye","Runic Dome"],"picked":"Runic Cube"}],"potions_floor_spawned":[1,5,10,14,20,23,24,29,30],"seed_played":"3744613217081646549","killed_by":"Collector","ascension_level":0,"is_trial":false}