{"gold_per_floor":[164,181,181,201,216,216,242,35,35,35,51,69,101,114,114,188,188,202,212,222,241,254,254,1,1,1,1,18,38,57,57,57,57],"floor_reached":33,"playtime":2510,"items_purged":["Strike_G"],"score":530,"play_id":"804b84fb-d824-4db4-b96d-833851fe168b","local_time":"20191008225831","is_ascension_mode":true,"campfire_choices":[{"data":"Neutralize","floor":6.0,"key":"SMITH"},{"floor":10.0,"key":"REST"},{"floor":15.0,"key":"REST"},{"data":"Wraith Form v2","floor":23,"key":"SMITH"},{"data":"Caltrops","floor":25,"key":"SMITH"},{"data":"Crippling Poison","floor":32,"key":"SMITH"}],"neow_cost":"NONE","seed_source_timestamp":2250613484539300,"circlet_count":0,"master_deck":["AscendersBane","Strike_G","Strike_G+1","Strike_G","Strike_G","Defend_G","Defend_G","Defend_G","Defend_G","Defend_G","Survivor","Neutralize+1","Masterful Stab","Endless Agony","Well Laid Plans","Dash","Caltrops+1","PiercingWail","Acrobatics","Crippling Poison+1","Wraith Form v2+1","Catalyst+1","Poisoned Stab+1","Dodge and Roll+1","Dash","Backflip+1","Necronomicurse"],"special_seed":0,"relics":["Tiny House","Paper Crane","FossilizedHelix","Bird Faced Urn","Coffee Dripper","Lee\u0027s Waffle","Meat on the Bone","Necronomicon"],"potions_floor_usage":[29,29],"damage_taken":[{"damage":4.0,"enemies":"Jaw Worm","floor":1.0,"turns":4.0},{"damage":0.0,"enemies":"Cultist","floor":2.0,"turns":3.0},{"damage":0.0,"enemies":"Small Slimes","floor":4.0,"turns":3.0},{"damage":31.0,"enemies":"Gremlin Gang","floor":5.0,"turns":6.0},{"damage":39.0,"enemies":"3 Sentries","floor":7.0,"turns":14.0},{"damage":0.0,"enemies":"3 Louse","floor":11.0,"turns":4.0},{"damage":0.0,"enemies":"2 Fungi Beasts","floor":12.0,"turns":3.0},{"damage":17.0,"enemies":"Lagavulin","floor":13.0,"turns":8.0},{"damage":0.0,"enemies":"Blue Slaver","floor":14.0,"turns":5.0},{"damage":33.0,"enemies":"The Guardian","floor":16.0,"turns":17.0},{"damage":1.0,"enemies":"Chosen","floor":18.0,"turns":6.0},{"damage":14.0,"enemies":"Shell Parasite","floor":19.0,"turns":6.0},{"damage":42.0,"enemies":"Snecko","floor":20.0,"turns":10.0},{"damage":13.0,"enemies":"Sentry and Sphere","floor":21.0,"turns":8.0},{"damage":2,"enemies":"Centurion and Healer","floor":22,"turns":10},{"damage":50,"enemies":"3 Cultists","floor":28,"turns":8},{"damage":16,"enemies":"Cultist and Chosen","floor":29,"turns":9},{"damage":0,"enemies":"Centurion and Healer","floor":30,"turns":8},{"damage":40,"enemies":"Champ","floor":33,"turns":11}],"seed_played":"1494207402813094303","potions_obtained":[{"floor":0.0,"key":"Regen Potion"},{"floor":1.0,"key":"AttackPotion"},{"floor":3.0,"key":"Fruit Juice"},{"floor":3.0,"key":"EssenceOfSteel"},{"floor":13.0,"key":"Dexterity Potion"},{"floor":14.0,"key":"CunningPotion"},{"floor":20.0,"key":"CunningPotion"},{"floor":21.0,"key":"SteroidPotion"}],"is_trial":false,"path_per_floor":["M","M","?","M","M","R","E","$","T","R","M","M","E","M","R","B",null,"M","M","M","M","M","R","$","R","T","?","M","M","M","?","R","B"],"character_chosen":"THE_SILENT","items_purchased":["Caltrops","PowerPotion","Lee\u0027s Waffle","Regen Potion"],"campfire_rested":2,"item_purchase_floors":[8,8,24,24],"current_hp_per_floor":[60,60,65,65,34,34,10,10,10,32,32,32,15,19,41,12,60,65,57,21,14,16,16,83,83,83,75,43,48,52,31,31,0],"gold":57,"neow_bonus":"BOSS_RELIC","is_prod":false,"is_daily":false,"chose_seed":false,"campfire_upgraded":4,"win_rate":0,"timestamp":1570600711,"path_taken":["M","M","?","M","M","R","E","$","T","R","M","?","E","M","R","BOSS","M","M","M","M","M","R","$","R","T","?","M","?","?","?","R","BOSS"],"build_version":"2019-10-08","purchased_purges":1,"victory":false,"max_hp_per_floor":[71,71,76,76,76,76,76,76,76,76,76,76,76,76,76,76,76,76,76,76,76,76,76,83,83,83,83,83,83,83,83,83,83],"card_choices":[{"not_picked":["Blur","Choke"],"picked":"Masterful Stab","floor":0.0},{"not_picked":["Finisher","Dash"],"picked":"Endless Agony","floor":1.0},{"not_picked":["Riddle With Holes","Acrobatics","Sucker Punch"],"picked":"SKIP","floor":2.0},{"not_picked":["Cloak And Dagger","Acrobatics"],"picked":"Well Laid Plans","floor":4.0},{"not_picked":["Dagger Spray","Heel Hook","Terror"],"picked":"SKIP","floor":5.0},{"not_picked":["Riddle With Holes","Endless Agony"],"picked":"Dash","floor":7.0},{"not_picked":["Cloak And Dagger","Doppelganger"],"picked":"PiercingWail","floor":11.0},{"not_picked":["Deflect","All Out Attack"],"picked":"Acrobatics","floor":12.0},{"not_picked":["Reflex","Blade Dance"],"picked":"Crippling Poison","floor":13.0},{"not_picked":["Prepared","Dagger Spray","Dagger Throw"],"picked":"SKIP","floor":14.0},{"not_picked":["A Thousand Cuts","Burst"],"picked":"Wraith Form v2","floor":16.0},{"not_picked":["Choke","PiercingWail","Prepared"],"picked":"SKIP","floor":18.0},{"not_picked":["Slice","Quick Slash"],"picked":"Catalyst+1","floor":19.0},{"not_picked":["Underhanded Strike","Well Laid Plans+1"],"picked":"Poisoned Stab+1","floor":20.0},{"not_picked":["Deflect","Blade Dance"],"picked":"Dodge and Roll+1","floor":21.0},{"not_picked":["Bane","Riddle With Holes","Distraction"],"picked":"SKIP","floor":22},{"not_picked":["Deflect","Cloak And Dagger"],"picked":"Dash","floor":28},{"not_picked":["Endless Agony+1","Outmaneuver","Setup"],"picked":"SKIP","floor":29},{"not_picked":["Finisher","Acrobatics"],"picked":"Backflip+1","floor":30}],"player_experience":1548823,"relics_obtained":[{"floor":7.0,"key":"Paper Crane"},{"floor":9.0,"key":"FossilizedHelix"},{"floor":13.0,"key":"Bird Faced Urn"},{"floor":26,"key":"Meat on the Bone"},{"floor":31,"key":"Necronomicon"}],"event_choices":[{"damage_healed":0.0,"max_hp_gain":0.0,"max_hp_loss":0.0,"gold_gain":0.0,"event_name":"Lab","player_choice":"Got Potions","floor":3.0,"gold_loss":0.0,"damage_taken":0.0},{"damage_healed":0,"gold_gain":0,"player_choice":"","damage_taken":8,"max_hp_gain":0,"max_hp_loss":0,"event_name":"Knowing Skull","floor":27,"potions_obtained":[],"gold_loss":0,"cards_obtained":[]},{"damage_healed":0,"gold_gain":0,"player_choice":"Obtained Book","damage_taken":21,"max_hp_gain":0,"max_hp_loss":0,"event_name":"Cursed Tome","floor":31,"gold_loss":0}],"is_beta":true,"boss_relics":[{"not_picked":["Empty Cage","Runic Dome"],"picked":"Coffee Dripper"}],"items_purged_floors":[8],"is_endless":false,"potions_floor_spawned":[1,2,13,14,18,20,21,28],"killed_by":"Champ","ascension_level":20}