{"path_per_floor":["M","$","?","?","$","R","E","M","T","M","R","M","E","M","R","B",null,"M","$","M","$","?","E","R","M","T","?","M","E","$","E","R"],"character_chosen":"THE_SILENT","items_purchased":["Noxious Fumes","Bane","Noxious Fumes","Mummified Hand","Flying Knee","Calculated Gamble"],"gold_per_floor":[111,21,196,196,51,51,84,95,122,142,142,158,188,200,200,304,304,315,58,70,43,43,76,76,90,90,90,102,136,1,36,36],"floor_reached":33,"campfire_rested":2,"playtime":3119,"current_hp_per_floor":[70,70,70,70,70,70,42,38,38,37,37,33,55,51,51,25,77,67,67,67,67,67,14,37,30,30,40,38,6,6,3,29],"items_purged":["Strike_G","Writhe"],"gold":36,"score":414,"play_id":"7a4383c3-e11f-44ba-b287-0c9823c1e70c","is_prod":false,"is_daily":false,"is_ascension_mode":true,"campfire_upgraded":3,"path_taken":["M","$","?","?","$","R","E","M","T","?","R","M","E","M","R","BOSS","M","$","M","?","?","E","R","M","T","?","M","E","?","E","R","BOSS"],"build_version":"2018-02-08-PROD1","purchased_purges":2,"victory":false,"master_deck":["Defend_G","Defend_G","Defend_G","Defend_G","Defend_G","Strike_G","Strike_G","Strike_G","Strike_G","Survivor","Neutralize","Bouncing Flask","Noxious Fumes+1","Bane","Noxious Fumes+1","Backflip+1","Flying Knee","Prepared","Backflip","Sucker Punch","Bane","Infinite Blades","Flying Knee","Dodge and Roll+1","Accuracy","Dash","Calculated Gamble","Bullet Time"],"max_hp_per_floor":[70,70,70,70,70,70,70,70,70,70,70,70,77,77,77,77,77,77,77,77,77,77,77,77,77,77,87,87,87,87,87,87],"relics":["Ring of the Snake","Happy Flower","Bag of Preparation","Strawberry","Runic Pyramid","Mummified Hand","Oddly Smooth Stone","Tingsha","Pear","Bag of Marbles","Anchor"],"card_choices":[{"not_picked":["Outmaneuver","Deflect"],"picked":"Bouncing Flask"},{"not_picked":["Catalyst","Well Laid Plans"],"picked":"Backflip"},{"not_picked":["Leg Sweep","Deflect"],"picked":"Flying Knee"},{"not_picked":["Dagger Throw","Underhanded Strike"],"picked":"Prepared"},{"not_picked":["Flying Knee","Catalyst"],"picked":"Backflip"},{"not_picked":["Dagger Throw","Calculated Gamble"],"picked":"Sucker Punch"},{"not_picked":["Deadly Poison","PiercingWail"],"picked":"Bane"},{"not_picked":["Slice","Well Laid Plans"],"picked":"Infinite Blades"},{"not_picked":["Acrobatics","All Out Attack"],"picked":"Dodge and Roll"},{"not_picked":["Backflip","Dagger Throw"],"picked":"Accuracy"},{"not_picked":["PiercingWail","A Thousand Cuts"],"picked":"Dash"},{"not_picked":["Deadly Poison","Slice"],"picked":"Bullet Time"}],"player_experience":99655,"potions_floor_usage":[13,13,14,20,23,25,29,31,33],"damage_taken":[{"damage":0.0,"enemies":"Cultist","floor":1.0,"turns":4.0},{"damage":28.0,"enemies":"Gremlin Nob","floor":7.0,"turns":4.0},{"damage":4.0,"enemies":"Small Slimes","floor":8.0,"turns":3.0},{"damage":1.0,"enemies":"Blue Slaver","floor":10.0,"turns":4.0},{"damage":4,"enemies":"Exordium Wildlife","floor":12,"turns":3},{"damage":0,"enemies":"Lagavulin","floor":13,"turns":6},{"damage":4,"enemies":"Gremlin Gang","floor":14,"turns":4},{"damage":26,"enemies":"Hexaghost","floor":16,"turns":8},{"damage":10,"enemies":"Chosen","floor":18,"turns":6},{"damage":0,"enemies":"2 Thieves","floor":20,"turns":4},{"damage":53,"enemies":"Slavers","floor":23,"turns":4},{"damage":7,"enemies":"Centurion and Healer","floor":25,"turns":7},{"damage":2,"enemies":"Snake Plant","floor":28,"turns":4},{"damage":32,"enemies":"Book of Stabbing","floor":29,"turns":6},{"damage":3,"enemies":"Gremlin Leader","floor":31,"turns":6},{"damage":32,"enemies":"Collector","floor":33,"turns":7}],"event_choices":[{"event_name":"Liars Game","player_choice":"agreed","floor":3.0,"damage_taken":0.0},{"event_name":"Living Wall","player_choice":"Forget","floor":4.0,"damage_taken":0.0},{"event_name":"The Lab","player_choice":"Got Potions","floor":22,"damage_taken":0},{"event_name":"The Mausoleum","player_choice":"Yes","floor":27,"damage_taken":0}],"boss_relics":[{"not_picked":["White Beast Statue","Ectoplasm"],"picked":"Runic Pyramid"}],"potions_floor_spawned":[1,8,13,14,16,23,28,29],"seed_played":"-2239686117986990645","killed_by":"Collector","ascension_level":3,"is_trial":false}