{"gold_per_floor":[119,119,119,135,151,162,195,195,246,276],"floor_reached":10,"playtime":1164,"items_purged":[],"score":68,"play_id":"be91af48-2082-441a-8b1e-2b2a4eded472","local_time":"20190411092745","is_ascension_mode":false,"campfire_choices":[{"floor":8,"key":"REST"}],"neow_cost":"NONE","seed_source_timestamp":3510863584130690,"circlet_count":0,"master_deck":["Defend_G","Defend_G+1","Defend_G","Defend_G","Strike_G","Strike_G","Strike_G","Strike_G","Strike_G","Survivor+1","Neutralize","Dagger Spray","Blur","Endless Agony","Dagger Throw","Reflex"],"relics":["Ring of the Snake","Ornamental Fan","Happy Flower"],"potions_floor_usage":[7],"damage_taken":[{"damage":0,"enemies":"Cultist","floor":1,"turns":5},{"damage":0,"enemies":"Small Slimes","floor":4,"turns":3},{"damage":0,"enemies":"2 Louse","floor":5,"turns":2},{"damage":11,"enemies":"Large Slime","floor":6,"turns":10},{"damage":37,"enemies":"Lagavulin","floor":7,"turns":9},{"damage":45,"enemies":"Lagavulin Event","floor":10,"turns":9}],"seed_played":"6492418027775408109","potions_obtained":[{"floor":5,"key":"LiquidBronze"},{"floor":6,"key":"GhostInAJar"}],"is_trial":false,"path_per_floor":["M","?","?","M","M","M","E","R","T","?"],"character_chosen":"THE_SILENT","items_purchased":[],"campfire_rested":1,"item_purchase_floors":[],"current_hp_per_floor":[77,62,62,62,62,51,14,37,37,0],"gold":276,"neow_bonus":"TEN_PERCENT_HP_BONUS","is_prod":false,"is_daily":false,"chose_seed":false,"campfire_upgraded":0,"win_rate":0.0,"timestamp":1554989265,"path_taken":["M","?","?","M","M","?","E","R","T","?"],"build_version":"2019-01-23","purchased_purges":0,"victory":false,"max_hp_per_floor":[77,77,77,77,77,77,77,77,77,77],"card_choices":[{"not_picked":["Underhanded Strike","Escape Plan"],"picked":"Dagger Spray","floor":1},{"not_picked":["Riddle With Holes","Skewer"],"picked":"Blur","floor":4},{"not_picked":["Deadly Poison","Backflip"],"picked":"Endless Agony","floor":5},{"not_picked":["Prepared","Dodge and Roll"],"picked":"Dagger Throw","floor":6},{"not_picked":["Escape Plan","Heel Hook"],"picked":"Reflex","floor":7}],"player_experience":16251,"relics_obtained":[{"floor":7,"key":"Ornamental Fan"},{"floor":9,"key":"Happy Flower"}],"event_choices":[{"damage_healed":0,"gold_gain":0,"player_choice":"Entered Light","damage_taken":15,"max_hp_gain":0,"max_hp_loss":0,"event_name":"Shining Light","floor":2,"gold_loss":0,"cards_upgraded":["Survivor","Defend_G"]},{"cards_removed":["Defend_G"],"damage_healed":0,"gold_gain":0,"player_choice":"Card Removal","damage_taken":0,"max_hp_gain":0,"max_hp_loss":0,"event_name":"Wheel of Change","floor":3,"gold_loss":0},{"damage_healed":0,"gold_gain":30,"player_choice":"Searched \u00272\u0027 times","damage_taken":0,"max_hp_gain":0,"max_hp_loss":0,"event_name":"Dead Adventurer","floor":10,"gold_loss":0}],"is_beta":false,"boss_relics":[],"items_purged_floors":[],"is_endless":false,"potions_floor_spawned":[5,6],"killed_by":"Lagavulin Event","ascension_level":0}