{"path_per_floor":["M","?","?","M","M","R","M","E","T","R","?","M","M","$","R","B",null,"M","?","?","?","M","R","E","?","T","?","$","R","?","$","R"],"character_chosen":"IRONCLAD","items_purchased":["Flash of Steel","Flash of Steel"],"gold_per_floor":[114,64,64,80,100,100,120,145,199,199,220,237,257,82,82,181,181,195,195,195,195,208,208,243,243,243,243,38,38,38,38,38],"floor_reached":33,"campfire_rested":3,"playtime":2006,"current_hp_per_floor":[77,77,77,80,80,80,80,58,58,58,39,42,50,50,50,22,80,61,61,61,45,48,72,35,20,20,20,20,45,45,45,70],"items_purged":["Strike_R","Injury"],"gold":38,"play_id":"a72a07c6-f1cf-4707-8d38-651a75fa66e5","is_prod":false,"is_daily":false,"is_ascension_mode":false,"campfire_upgraded":3,"path_taken":["M","?","?","M","M","R","M","E","T","R","?","M","?","?","R","BOSS","M","?","?","?","M","R","E","?","T","?","$","R","?","$","R","BOSS"],"build_version":"2018-02-01-PROD3","purchased_purges":2,"victory":false,"master_deck":["Strike_R","Strike_R","Defend_R","Defend_R","Defend_R","Defend_R","Bash+1","Rampage+1","Flex+1","Flex+1","Battle Trance","Headbutt","Shrug It Off","Sword Boomerang+1","Flash of Steel+1","Berserk","Rampage+1","Necronomicurse","Headbutt","Flash of Steel"],"max_hp_per_floor":[80,80,80,80,80,80,80,80,80,80,80,80,80,80,80,80,80,80,80,80,80,80,80,80,85,85,85,85,85,85,85,85],"relics":["Burning Blood","Pantograph","Blood Vial","Odd Mushroom","Velvet Choker","Necronomicon","Juzu Bracelet","Bird Faced Urn"],"card_choices":[{"not_picked":["Clash","Barricade"],"picked":"Rampage"},{"not_picked":["Flame Barrier","Heavy Blade"],"picked":"Flex"},{"not_picked":["Cleave","Sword Boomerang"],"picked":"Flex"},{"not_picked":["Power Through","Sword Boomerang"],"picked":"Battle Trance"},{"not_picked":["Metallicize","Anger"],"picked":"Headbutt"},{"not_picked":["Anger","Cleave"],"picked":"Shrug It Off"},{"not_picked":["Clothesline","Juggernaut"],"picked":"Sword Boomerang"},{"not_picked":["Bludgeon","Juggernaut"],"picked":"Berserk"},{"not_picked":["Blood for Blood","Iron Wave"],"picked":"Headbutt"}],"player_experience":19024,"potions_floor_usage":[33,33,33],"damage_taken":[{"damage":9,"enemies":"Blue Slaver","floor":1,"turns":3},{"damage":2,"enemies":"Small Slimes","floor":4,"turns":3},{"damage":6,"enemies":"Cultist","floor":5,"turns":3},{"damage":2,"enemies":"2 Fungi Beasts","floor":7,"turns":3},{"damage":28,"enemies":"Gremlin Nob","floor":8,"turns":4},{"damage":27,"enemies":"The Mushroom Lair","floor":11,"turns":6},{"damage":5,"enemies":"Looter","floor":12,"turns":3},{"damage":0,"enemies":"Large Slime","floor":13,"turns":3},{"damage":61,"enemies":"Hexaghost","floor":16,"turns":7},{"damage":25,"enemies":"2 Thieves","floor":18,"turns":3},{"damage":5,"enemies":"Shell Parasite","floor":22,"turns":4},{"damage":45,"enemies":"Gremlin Leader","floor":24,"turns":5},{"damage":88,"enemies":"Collector","floor":33,"turns":5}],"event_choices":[{"event_name":"The Cleric","player_choice":"Card Removal","floor":2,"damage_taken":0},{"event_name":"Living Wall","player_choice":"Forget","floor":3,"damage_taken":0},{"event_name":"Mushrooms","player_choice":"Fought Mushrooms","floor":11,"damage_taken":0},{"event_name":"Accursed Blacksmith","player_choice":"Forge","floor":19,"damage_taken":0},{"event_name":"Duplicator","player_choice":"One dupe","floor":20,"damage_taken":0},{"event_name":"Cursed Tome","player_choice":"Obtained Book","floor":21,"damage_taken":0},{"event_name":"Forgotten Altar","player_choice":"Shed Blood","floor":25,"damage_taken":0},{"event_name":"Vampires","player_choice":"Ignored","floor":27,"damage_taken":0},{"event_name":"Upgrade Shrine","player_choice":"Upgraded","floor":30,"damage_taken":0}],"boss_relics":[{"not_picked":["Runic Dome","White Beast Statue"],"picked":"Velvet Choker"}],"potions_floor_spawned":[4,7,8,11,22],"seed_played":"-190311882562722471","killed_by":"Collector","ascension_level":0,"is_trial":false}