{"path_per_floor":["M","$","M","M","M","E","M","M","T","?","R","M","M","?","R","B",null,"M","$","M","?","M","E","?","E","T","R","M","M","?","M","R","B",null,"M","?","M","$","T","R","E","M","T","M","M","$","M","M","R"],"character_chosen":"THE_SILENT","items_purchased":["Escape Plan","Panache","Noxious Fumes","Backflip","Footwork"],"gold_per_floor":[113,4,21,33,49,84,99,116,140,140,140,154,173,173,173,276,276,287,24,34,34,45,79,79,105,159,159,179,190,105,116,116,216,216,235,235,246,17,41,41,75,88,112,123,140,15,25,43,43],"floor_reached":50,"campfire_rested":2,"playtime":6620,"current_hp_per_floor":[63,63,63,63,56,48,38,38,38,35,35,23,22,15,15,3,63,63,63,62,62,58,58,58,31,31,31,37,29,29,17,35,12,63,43,43,42,42,42,42,38,37,44,38,38,38,21,6,42],"items_purged":["Strike_G","Writhe","Strike_G"],"gold":43,"play_id":"f5b719a0-1580-4329-98dd-58dad270d32c","is_prod":false,"is_daily":false,"is_ascension_mode":false,"campfire_upgraded":4,"path_taken":["M","$","M","M","M","E","M","M","T","?","R","?","M","?","R","BOSS","M","$","M","?","M","E","?","E","T","R","?","M","?","M","R","BOSS","M","?","M","$","?","R","E","M","T","?","M","$","M","M","R","BOSS"],"build_version":"2018-02-01-PROD3","purchased_purges":4,"victory":false,"master_deck":["Defend_G","Defend_G","Defend_G","Defend_G","Strike_G","Survivor","Neutralize","Dagger Throw","Escape Plan","Infinite Blades+1","Noxious Fumes+1","Bane","Outmaneuver","Bane","Sucker Punch","Quick Slash","Glass Knife","Panache","Noxious Fumes+1","Quick Slash+1","Acrobatics","Backstab+1","Writhe","Choke","Acrobatics+1","Escape Plan","Terror","Adrenaline","Outmaneuver","Leg Sweep+1","Backflip","Footwork+1","Backflip+1","Noxious Fumes+1","Footwork","Backflip","Acrobatics+1"],"max_hp_per_floor":[63,63,63,63,63,63,63,63,63,63,63,63,63,63,63,63,63,63,63,63,63,63,63,63,63,63,63,63,63,63,63,63,63,63,63,63,63,63,63,63,63,63,70,70,70,70,70,70,70],"relics":["Ring of the Snake","Oddly Smooth Stone","Bronze Scales","Lantern","Cursed Key","Orichalcum","Dream Catcher","Ginger","Vajra","Omamori","The Specimen","Regal Pillow","Torii","Strawberry"],"card_choices":[{"not_picked":["Sucker Punch","Leg Sweep"],"picked":"Dagger Throw"},{"not_picked":["Blur","Acrobatics"],"picked":"Infinite Blades"},{"not_picked":["Flying Knee","Prepared"],"picked":"Noxious Fumes"},{"not_picked":["Slice","Deadly Poison"],"picked":"Bane"},{"not_picked":["Well Laid Plans","Eviscerate"],"picked":"Outmaneuver"},{"not_picked":["Sucker Punch","Choke"],"picked":"Bane"},{"not_picked":["Dodge and Roll","Flying Knee"],"picked":"Sucker Punch"},{"not_picked":["Dagger Spray","Dagger Throw"],"picked":"Quick Slash"},{"not_picked":["Night Terror","Doppelganger"],"picked":"Glass Knife"},{"not_picked":["Dagger Throw","Deflect"],"picked":"Quick Slash"},{"not_picked":["Predator","Prepared"],"picked":"Acrobatics"},{"not_picked":["Malaise","Skewer"],"picked":"Backstab"},{"not_picked":["Poisoned Stab","Bouncing Flask"],"picked":"Choke"},{"not_picked":["Escape Plan","Deadly Poison"],"picked":"Acrobatics"},{"not_picked":["Blade Dance","Deadly Poison"],"picked":"Escape Plan"},{"not_picked":["Blade Dance","PiercingWail"],"picked":"Terror"},{"not_picked":["Unload","Phantasmal Killer"],"picked":"Adrenaline"},{"not_picked":["Crippling Poison","Distraction"],"picked":"Outmaneuver"},{"not_picked":["Distraction","Acrobatics"],"picked":"Leg Sweep"},{"not_picked":["Dash","Dagger Throw"],"picked":"Backflip"},{"not_picked":["Slice","Crippling Poison"],"picked":"Noxious Fumes"},{"not_picked":["Finisher","Deflect"],"picked":"Footwork"},{"not_picked":["Bouncing Flask","Noxious Fumes"],"picked":"Backflip"},{"not_picked":["Footwork","Dagger Throw"],"picked":"Acrobatics"}],"player_experience":49277,"potions_floor_usage":[35,37,42,47,50,50],"damage_taken":[{"damage":0.0,"enemies":"Cultist","floor":1.0,"turns":5.0},{"damage":0.0,"enemies":"Jaw Worm","floor":3.0,"turns":3.0},{"damage":0.0,"enemies":"Blue Slaver","floor":4.0,"turns":4.0},{"damage":7.0,"enemies":"2 Fungi Beasts","floor":5.0,"turns":3.0},{"damage":8.0,"enemies":"Gremlin Nob","floor":6.0,"turns":4.0},{"damage":10.0,"enemies":"Large Slime","floor":7.0,"turns":7.0},{"damage":0.0,"enemies":"3 Louse","floor":8.0,"turns":5.0},{"damage":12.0,"enemies":"Exordium Thugs","floor":12.0,"turns":5.0},{"damage":1.0,"enemies":"Looter","floor":13.0,"turns":3.0},{"damage":12.0,"enemies":"The Guardian","floor":16.0,"turns":7.0},{"damage":0.0,"enemies":"3 Byrds","floor":18.0,"turns":3.0},{"damage":1.0,"enemies":"Shell Parasite","floor":20.0,"turns":3.0},{"damage":4.0,"enemies":"3 Cultists","floor":22.0,"turns":3.0},{"damage":12.0,"enemies":"Gremlin Leader","floor":23.0,"turns":6.0},{"damage":27.0,"enemies":"Slavers","floor":25.0,"turns":5.0},{"damage":6.0,"enemies":"Centurion and Healer","floor":28.0,"turns":4.0},{"damage":8.0,"enemies":"Slaver and Parasite","floor":29.0,"turns":4.0},{"damage":12.0,"enemies":"Sentry and Sphere","floor":31.0,"turns":4.0},{"damage":23.0,"enemies":"Champ","floor":33.0,"turns":7.0},{"damage":20,"enemies":"3 Shapes","floor":35,"turns":4},{"damage":1,"enemies":"Orb Walker","floor":37,"turns":3},{"damage":4,"enemies":"2 Orb Walkers","floor":41,"turns":3},{"damage":1,"enemies":"4 Shapes","floor":42,"turns":6},{"damage":6,"enemies":"Maw","floor":44,"turns":6},{"damage":0,"enemies":"Sphere and 2 Shapes","floor":45,"turns":4},{"damage":17,"enemies":"3 Darklings","floor":47,"turns":4},{"damage":15,"enemies":"4 Shapes","floor":48,"turns":5},{"damage":58,"enemies":"Time Eater","floor":50,"turns":12}],"event_choices":[{"event_name":"Scrap Ooze","player_choice":"success","floor":10.0,"damage_taken":3.0},{"event_name":"Golden Wing","player_choice":"Card Removal","floor":14.0,"damage_taken":0.0},{"event_name":"Cursed Tome","player_choice":"Ignored","floor":21.0,"damage_taken":0.0},{"event_name":"The Mausoleum","player_choice":"Yes","floor":24.0,"damage_taken":0.0},{"event_name":"Addict","player_choice":"Obtained Relic","floor":30.0,"damage_taken":0.0},{"event_name":"The Lab","player_choice":"Got Potions","floor":36,"damage_taken":0}],"boss_relics":[{"not_picked":["Velvet Choker","Calling Bell"],"picked":"The Specimen"}],"potions_floor_spawned":[3,4,7,13,18,25,28,33,37,41,44,48],"seed_played":"-6100097294252293319","killed_by":"Time Eater","ascension_level":0,"is_trial":false}