{"gold_per_floor":[112,112,112,124,144,175,191,191,215,235,235],"floor_reached":11,"playtime":1525,"items_purged":[],"score":79,"play_id":"78b612ec-24b6-4fcc-8b0f-9d2e59711faa","local_time":"20190415162114","is_ascension_mode":true,"campfire_choices":[],"neow_cost":"NONE","seed_source_timestamp":3880974046401094,"circlet_count":0,"master_deck":["Defend_G","Defend_G","Defend_G","Defend_G","Strike_G","Strike_G","Strike_G","Strike_G","Survivor","Neutralize","Prepared","Sucker Punch","Crippling Poison+1","Backflip","Escape Plan","Quick Slash","Dodge and Roll"],"relics":["Ring of the Snake","Smiling Mask"],"potions_floor_usage":[11,11],"damage_taken":[{"damage":4,"enemies":"Cultist","floor":1,"turns":6},{"damage":0,"enemies":"Small Slimes","floor":4,"turns":4},{"damage":2,"enemies":"Jaw Worm","floor":5,"turns":5},{"damage":44,"enemies":"3 Sentries","floor":6,"turns":15},{"damage":10,"enemies":"Exordium Thugs","floor":7,"turns":5},{"damage":0,"enemies":"Exordium Wildlife","floor":10,"turns":3},{"damage":31,"enemies":"Lagavulin","floor":11,"turns":9}],"seed_played":"7798098880533344994","potions_obtained":[{"floor":6,"key":"SpeedPotion"},{"floor":10,"key":"Regen Potion"}],"is_trial":false,"path_per_floor":["M","?","?","M","M","E","M","?","T","M","E"],"character_chosen":"THE_SILENT","items_purchased":[],"campfire_rested":0,"item_purchase_floors":[],"current_hp_per_floor":[66,71,71,71,69,25,15,15,15,15,0],"gold":235,"neow_bonus":"TRANSFORM_CARD","is_prod":false,"is_daily":false,"chose_seed":false,"campfire_upgraded":0,"win_rate":0,"timestamp":1555359674,"path_taken":["M","?","?","M","?","E","M","?","T","M","E"],"build_version":"2019-01-23","purchased_purges":0,"victory":false,"max_hp_per_floor":[70,75,75,75,75,75,75,75,75,75,75],"card_choices":[{"not_picked":["Dagger Throw","Bane"],"picked":"Sucker Punch","floor":1},{"not_picked":["Deflect","Endless Agony"],"picked":"Crippling Poison","floor":4},{"not_picked":["PiercingWail","Finisher"],"picked":"Backflip","floor":5},{"not_picked":["Outmaneuver","Cloak And Dagger"],"picked":"Escape Plan","floor":6},{"not_picked":["Bane","Slice"],"picked":"Quick Slash","floor":7},{"not_picked":["Wraith Form v2","Finisher"],"picked":"Dodge and Roll","floor":10}],"player_experience":84580,"relics_obtained":[{"floor":6,"key":"Smiling Mask"}],"event_choices":[{"damage_healed":0,"gold_gain":0,"player_choice":"Donut","damage_taken":0,"max_hp_gain":5,"max_hp_loss":0,"event_name":"Big Fish","floor":2,"gold_loss":0},{"cards_removed":["Defend_G"],"damage_healed":0,"gold_gain":0,"player_choice":"Offered Basic","damage_taken":0,"max_hp_gain":0,"max_hp_loss":0,"event_name":"Bonfire Elementals","floor":3,"gold_loss":0},{"damage_healed":0,"gold_gain":0,"player_choice":"Grow","damage_taken":0,"max_hp_gain":0,"max_hp_loss":0,"event_name":"Living Wall","floor":8,"gold_loss":0,"cards_upgraded":["Crippling Poison"]}],"is_beta":false,"boss_relics":[],"items_purged_floors":[],"is_endless":false,"potions_floor_spawned":[6,10],"killed_by":"Lagavulin","ascension_level":1}