{"gold_per_floor":[110,125,125,144,155,155,168,168,243,193,73,101,111,131,131,236,236,252],"floor_reached":18,"playtime":4958,"items_purged":[],"score":166,"play_id":"0e669679-bff6-4ff1-a572-76190b147a76","local_time":"20191006002933","is_ascension_mode":false,"campfire_choices":[{"floor":6.0,"key":"REST"},{"data":"Backflip","floor":15.0,"key":"SMITH"}],"neow_cost":"NONE","seed_source_timestamp":0,"circlet_count":0,"master_deck":["Strike_G","Strike_G","Strike_G","Strike_G","Strike_G","Defend_G","Defend_G","Defend_G","Defend_G","Survivor","Neutralize","Flying Knee","Acrobatics","Well Laid Plans","PiercingWail","Endless Agony","Escape Plan","Backflip+1","Footwork","Escape Plan","Blur","Leg Sweep"],"special_seed":0,"relics":["Ring of the Snake","The Specimen","Mercury Hourglass","Bronze Scales","Velvet Choker"],"potions_floor_usage":[],"damage_taken":[{"damage":0.0,"enemies":"Jaw Worm","floor":1.0,"turns":4.0},{"damage":0.0,"enemies":"Small Slimes","floor":2.0,"turns":3.0},{"damage":0.0,"enemies":"2 Louse","floor":4.0,"turns":4.0},{"damage":5.0,"enemies":"2 Fungi Beasts","floor":5.0,"turns":5.0},{"damage":0.0,"enemies":"Lots of Slimes","floor":7.0,"turns":4.0},{"damage":2.0,"enemies":"Gremlin Nob","floor":12.0,"turns":4.0},{"damage":0.0,"enemies":"Blue Slaver","floor":13.0,"turns":3.0},{"damage":0.0,"enemies":"2 Fungi Beasts","floor":14.0,"turns":2.0},{"damage":12.0,"enemies":"Slime Boss","floor":16.0,"turns":16.0},{"damage":1.0,"enemies":"Spheric Guardian","floor":18.0,"turns":7.0}],"seed_played":"842869655785153447","potions_obtained":[{"floor":1.0,"key":"Strength Potion"},{"floor":2.0,"key":"SpeedPotion"},{"floor":5.0,"key":"Fire Potion"},{"floor":14.0,"key":"Poison Potion"},{"floor":16.0,"key":"Explosive Potion"},{"floor":18,"key":"Weak Potion"}],"is_trial":false,"path_per_floor":["M","M","?","M","M","R","M","?","T","?","$","E","M","M","R","B",null,"M"],"character_chosen":"THE_SILENT","items_purchased":["Backflip","Footwork"],"campfire_rested":1,"item_purchase_floors":[11,11],"current_hp_per_floor":[70,70,63,63,58,70,70,75,75,75,75,73,73,73,73,61,75,74],"gold":252,"neow_bonus":"THREE_CARDS","is_prod":false,"is_daily":false,"chose_seed":false,"campfire_upgraded":1,"win_rate":0.0,"timestamp":1570339773,"path_taken":["M","M","?","M","M","R","M","?","T","?","$","E","M","M","R","BOSS","M"],"build_version":"2019-07-17","purchased_purges":0,"victory":false,"max_hp_per_floor":[70,70,70,70,70,70,70,75,75,75,75,75,75,75,75,75,75,75],"card_choices":[{"not_picked":["Dagger Throw","Prepared"],"picked":"Flying Knee","floor":0.0},{"not_picked":["Crippling Poison","Blur"],"picked":"Acrobatics","floor":1.0},{"not_picked":["Flying Knee","Crippling Poison"],"picked":"Well Laid Plans","floor":2.0},{"not_picked":["Backstab","Distraction"],"picked":"PiercingWail","floor":4.0},{"not_picked":["Masterful Stab","Quick Slash"],"picked":"Endless Agony","floor":5.0},{"not_picked":["Deadly Poison","Footwork"],"picked":"Escape Plan","floor":7.0},{"not_picked":["Outmaneuver","Sucker Punch"],"picked":"Escape Plan","floor":12.0},{"not_picked":["Deflect","Endless Agony"],"picked":"Blur","floor":13.0},{"not_picked":["Quick Slash","A Thousand Cuts"],"picked":"Leg Sweep","floor":14.0},{"not_picked":["Infinite Blades","PiercingWail","Acrobatics"],"picked":"SKIP","floor":18}],"player_experience":88965,"relics_obtained":[{"floor":9.0,"key":"Mercury Hourglass"},{"floor":12.0,"key":"Bronze Scales"}],"event_choices":[{"damage_healed":0.0,"max_hp_gain":0.0,"max_hp_loss":0.0,"gold_gain":0.0,"event_name":"Scrap Ooze","player_choice":"Success","floor":3.0,"gold_loss":0.0,"damage_taken":7.0,"relics_obtained":["The Specimen"]},{"damage_healed":0.0,"max_hp_gain":5.0,"max_hp_loss":0.0,"gold_gain":0.0,"event_name":"Big Fish","player_choice":"Donut","floor":8.0,"gold_loss":0.0,"damage_taken":0.0},{"cards_removed":["Defend_G"],"damage_healed":0.0,"max_hp_gain":0.0,"max_hp_loss":0.0,"gold_gain":0.0,"event_name":"The Cleric","player_choice":"Card Removal","floor":10.0,"gold_loss":50.0,"damage_taken":0.0}],"is_beta":false,"boss_relics":[{"not_picked":["Eternal Feather","Cursed Key"],"picked":"Velvet Choker"}],"items_purged_floors":[],"is_endless":false,"potions_floor_spawned":[1,2,5,14,16,18],"killed_by":"Spheric Guardian","ascension_level":0}