{"path_per_floor":["M","?","M","$","?","R","E","R","T","M","E","M","E","M","R","B",null,"M","?","M","?","?","E","T","E","T","E","?","R","$","E","R","B",null,"M","?","M","$","?","E","R"],"character_chosen":"THE_SILENT","items_purchased":["Ice Cream"],"gold_per_floor":[118,118,138,63,63,63,92,92,116,134,162,172,207,218,218,320,320,320,320,320,320,320,320,320,320,320,320,320,320,6,6,6,6,6,6,6,6,6,0,0,0],"floor_reached":42,"campfire_rested":1,"playtime":3143,"current_hp_per_floor":[70,52,52,52,52,52,45,45,45,42,31,31,15,15,15,9,70,69,53,52,52,52,40,40,23,23,25,25,46,46,44,44,52,70,70,70,60,60,60,35,47],"items_purged":["Strike_G"],"gold":0,"score":570,"play_id":"b6b61482-e7e1-454a-931b-dba95a2305af","is_prod":false,"is_daily":false,"is_ascension_mode":true,"campfire_upgraded":5,"path_taken":["M","?","M","$","?","R","E","R","T","M","E","M","E","M","R","BOSS","M","?","M","?","?","E","?","E","T","E","?","R","?","E","R","BOSS","M","?","M","$","?","E","R","E"],"build_version":"2018-02-08-PROD1","purchased_purges":1,"victory":false,"master_deck":["Defend_G","Defend_G","Defend_G","Strike_G+1","Strike_G+1","Survivor","Neutralize","Wraith Form+1","Storm of Steel+1","Dagger Spray+1","Dash+1","Noxious Fumes+1","Glass Knife+1","Backflip","Flying Knee+1","After Image+1","Escape Plan","Infinite Blades","Bullet Time+1","Flying Knee+1","Purity","Backflip+1","Flying Knee+1","Dash+1","Predator+1","Backflip+1","Dagger Spray+1","Adrenaline+1","Skewer+1","Flechettes+1","Flying Knee+1"],"max_hp_per_floor":[70,70,70,70,70,70,70,70,70,70,70,70,70,70,70,70,70,70,70,70,70,70,70,70,70,70,70,70,70,70,70,70,70,70,70,70,70,70,70,70,70],"relics":["Astrolabe","Juzu Bracelet","Prayer Wheel","Molten Egg 2","Omamori","Pen Nib","Dodecahedron","Ectoplasm","Whetstone","Lantern","Bird Faced Urn","Snake Skull","Tiny Chest","Ice Cream","Happy Flower","Eternal Feather","Red Mask","Ginger"],"card_choices":[{"not_picked":["Choke","Deadly Poison"],"picked":"Dash"},{"not_picked":["Infinite Blades","Dodge and Roll"],"picked":"Noxious Fumes"},{"not_picked":["Masterful Stab","Blade Dance"],"picked":"Glass Knife"},{"not_picked":["Eviscerate","Poisoned Stab"],"picked":"Backflip"},{"not_picked":["Dodge and Roll","Poisoned Stab"],"picked":"Flying Knee"},{"not_picked":["Well Laid Plans","Escape Plan"],"picked":"After Image"},{"not_picked":["Sucker Punch","Cloak And Dagger"],"picked":"Escape Plan"},{"not_picked":["Flying Knee","Slice"],"picked":"Infinite Blades"},{"not_picked":["Phantasmal Killer","Tools of the Trade"],"picked":"Bullet Time"},{"not_picked":["Slice","Underhanded Strike"],"picked":"Flying Knee"},{"not_picked":["Flechettes","Dagger Throw"],"picked":"Backflip"},{"not_picked":["Poisoned Stab","Underhanded Strike"],"picked":"Flying Knee"},{"not_picked":["Prepared","Phantasmal Killer"],"picked":"Dash"},{"not_picked":["Accuracy","PiercingWail"],"picked":"Predator"},{"not_picked":["Quick Slash","Distraction"],"picked":"Backflip"},{"not_picked":["Blade Dance","Masterful Stab"],"picked":"Dagger Spray"},{"not_picked":["Phantasmal Killer","Corpse Explosion"],"picked":"Adrenaline"},{"not_picked":["Poisoned Stab","Riddle With Holes"],"picked":"Skewer"},{"not_picked":["Prepared","Slice"],"picked":"Flying Knee"}],"player_experience":82370,"potions_floor_usage":[40,40],"damage_taken":[{"damage":0.0,"enemies":"Small Slimes","floor":1.0,"turns":2.0},{"damage":0.0,"enemies":"2 Louse","floor":3.0,"turns":1.0},{"damage":7.0,"enemies":"Gremlin Nob","floor":7.0,"turns":5.0},{"damage":3.0,"enemies":"Jaw Worm","floor":10.0,"turns":3.0},{"damage":11.0,"enemies":"3 Sentries","floor":11.0,"turns":4.0},{"damage":0.0,"enemies":"2 Fungi Beasts","floor":12.0,"turns":2.0},{"damage":16.0,"enemies":"Gremlin Nob","floor":13.0,"turns":4.0},{"damage":0.0,"enemies":"3 Louse","floor":14.0,"turns":1.0},{"damage":21.0,"enemies":"Hexaghost","floor":16.0,"turns":8.0},{"damage":1.0,"enemies":"3 Byrds","floor":18.0,"turns":3.0},{"damage":1.0,"enemies":"Shell Parasite","floor":20.0,"turns":3.0},{"damage":24.0,"enemies":"Slavers","floor":23.0,"turns":5.0},{"damage":17.0,"enemies":"Book of Stabbing","floor":25.0,"turns":4.0},{"damage":4.0,"enemies":"Slavers","floor":27.0,"turns":4.0},{"damage":10.0,"enemies":"Gremlin Leader","floor":31.0,"turns":6.0},{"damage":0.0,"enemies":"Automaton","floor":33.0,"turns":6.0},{"damage":0,"enemies":"Orb Walker","floor":35,"turns":2},{"damage":10,"enemies":"3 Shapes","floor":37,"turns":3},{"damage":31,"enemies":"Giant Head","floor":40,"turns":7},{"damage":64,"enemies":"2 Orb Walkers","floor":42,"turns":3}],"event_choices":[{"event_name":"Scrap Ooze","player_choice":"success","floor":2.0,"damage_taken":18.0},{"event_name":"Big Fish","player_choice":"Box","floor":5.0,"damage_taken":0.0},{"event_name":"Knowing Skull","player_choice":"CARD ","floor":19.0,"damage_taken":0.0},{"event_name":"Wheel of Change","player_choice":"Curse","floor":21.0,"damage_taken":0.0},{"event_name":"The Lab","player_choice":"Got Potions","floor":22.0,"damage_taken":0.0},{"event_name":"Purifier","player_choice":"One Purge","floor":28.0,"damage_taken":0.0},{"event_name":"Transmorgrifier","player_choice":"Transform","floor":36,"damage_taken":0},{"event_name":"Tomb of Lord Red Mask","player_choice":"Paid","floor":39,"damage_taken":0}],"boss_relics":[{"not_picked":["Calling Bell","Sozu"],"picked":"Eternal Feather"}],"potions_floor_spawned":[1,11,12,13,18,23,27,33,35,40],"seed_played":"7051842078598662200","killed_by":"2 Orb Walkers","ascension_level":1,"is_trial":false}