{"path_per_floor":["M","M","?","M","?","E","R","?","T","R","M","R","$","M","R","B",null,"M","?","$","?","M"],"character_chosen":"IRONCLAD","items_purchased":["Oddly Smooth Stone","War Paint"],"gold_per_floor":[109,129,204,223,223,257,257,287,358,358,377,377,154,169,169,269,269,282,282,34,34,51],"floor_reached":23,"campfire_rested":1,"playtime":1403,"current_hp_per_floor":[76,75,64,69,66,21,21,21,21,45,35,35,35,40,40,20,80,71,58,58,58,56],"items_purged":["Strike_R","Defend_R"],"gold":51,"score":243,"play_id":"f6dc2834-970f-4a72-845e-470401c3459a","local_time":"20180304170746","is_prod":false,"is_daily":false,"is_ascension_mode":true,"campfire_upgraded":3,"timestamp":1520179666,"path_taken":["M","M","?","?","?","E","R","?","T","R","M","R","$","M","R","BOSS","M","?","$","?","M","E"],"build_version":"2018-03-01-PROD1","purchased_purges":2,"victory":false,"master_deck":["Defend_R+1","Defend_R","Defend_R+1","Bash","Cleave","Thunderclap+1","Shrug It Off","Dual Wield","Armaments+1","Pommel Strike+1","Feed","Iron Wave","Bite","Bite","Bite","Bite","Bite","Pommel Strike"],"max_hp_per_floor":[80,80,80,80,80,80,80,80,80,80,80,80,80,80,80,80,80,83,58,58,58,58],"relics":["Burning Blood","Dream Catcher","Bronze Scales","Gremlin Horn","Centennial Puzzle","Oddly Smooth Stone","Question Card","War Paint"],"card_choices":[{"not_picked":["Uppercut","Evolve"],"picked":"Cleave"},{"not_picked":["Ghostly Armor","Disarm"],"picked":"Thunderclap"},{"not_picked":["Twin Strike","Flex"],"picked":"Shrug It Off"},{"not_picked":["Warcry","Wild Strike"],"picked":"Dual Wield"},{"not_picked":["Thunderclap","Iron Wave"],"picked":"Armaments"},{"not_picked":["Havoc","Thunderclap"],"picked":"Pommel Strike"},{"not_picked":["Immolate","Berserk"],"picked":"Feed"},{"not_picked":["Pummel","Clash","Hemokinesis"],"picked":"Iron Wave"},{"not_picked":["Sword Boomerang","Thunderclap","Clash"],"picked":"Pommel Strike"}],"player_experience":191058,"potions_floor_usage":[6,16],"damage_taken":[{"damage":10,"enemies":"2 Louse","floor":1,"turns":2},{"damage":7,"enemies":"Small Slimes","floor":2,"turns":3},{"damage":1,"enemies":"Cultist","floor":4,"turns":3},{"damage":51,"enemies":"Lagavulin","floor":6,"turns":8},{"damage":16,"enemies":"3 Louse","floor":11,"turns":2},{"damage":1,"enemies":"Exordium Thugs","floor":14,"turns":3},{"damage":41,"enemies":"The Guardian","floor":16,"turns":13},{"damage":18,"enemies":"Chosen","floor":18,"turns":5},{"damage":17,"enemies":"2 Thieves","floor":22,"turns":4},{"damage":67,"enemies":"Book of Stabbing","floor":23,"turns":6}],"event_choices":[{"event_name":"World of Goop","player_choice":"Gather Gold","floor":3,"damage_taken":0},{"event_name":"Scrap Ooze","player_choice":"success","floor":5,"damage_taken":3},{"event_name":"Dead Adventurer","player_choice":"Searched \u00271\u0027 times","floor":8,"damage_taken":0},{"event_name":"Vampires","player_choice":"Became a vampire","floor":19,"damage_taken":0},{"event_name":"Beggar","player_choice":"Ignored","floor":21,"damage_taken":0}],"boss_relics":[{"not_picked":["Mark of Pain","Orrery"],"picked":"Question Card"}],"potions_floor_spawned":[2,6],"seed_played":"-457181044761936131","killed_by":"Book of Stabbing","ascension_level":3,"is_trial":false}