{"gold_per_floor":[113,128,139,439,439,439,458,458,458,488,488,488,488,41,41,139,139,158,173,173,199,239,239,250,250,250,305,305,404,443,443,443,443],"floor_reached":33,"playtime":966,"items_purged":["Regret"],"score":421,"play_id":"a9767aad-40fe-4a67-afbc-1e867484eb06","local_time":"20190320022403","is_ascension_mode":true,"campfire_choices":[{"data":"True Grit","floor":6,"key":"SMITH"},{"data":"Spot Weakness","floor":8,"key":"SMITH"},{"data":"Sword Boomerang","floor":11,"key":"SMITH"},{"data":"Heavy Blade","floor":13,"key":"SMITH"},{"data":"Bash","floor":15,"key":"SMITH"},{"floor":23,"key":"REST"},{"data":"Distraction","floor":25,"key":"SMITH"},{"floor":28,"key":"REST"},{"floor":32,"key":"REST"}],"neow_cost":"TEN_PERCENT_HP_LOSS","seed_source_timestamp":513620495344711,"circlet_count":0,"master_deck":["AscendersBane","Strike_R+1","Strike_R+1","Strike_R+1","Defend_R+1","Defend_R+1","Bash+1","Wild Strike","Spot Weakness+1","True Grit+1","Sword Boomerang+1","Heavy Blade+1","Parasite","Burning Pact","HandOfGreed","Flash of Steel","Flying Knee","Distraction+1","Burst+1","Panacea+1","Evolve","Corruption"],"relics":["Burning Blood","Old Coin","WingedGreaves","FossilizedHelix","Lantern","PrismaticShard","War Paint","Lizard Tail","Juzu Bracelet","Toxic Egg 2","Vajra"],"potions_floor_usage":[7,16,33,33],"damage_taken":[{"damage":6,"enemies":"Cultist","floor":1,"turns":4},{"damage":5,"enemies":"Small Slimes","floor":2,"turns":4},{"damage":8,"enemies":"2 Louse","floor":3,"turns":2},{"damage":4,"enemies":"Blue Slaver","floor":7,"turns":2},{"damage":38,"enemies":"3 Sentries","floor":10,"turns":8},{"damage":22,"enemies":"Hexaghost","floor":16,"turns":7},{"damage":30,"enemies":"Spheric Guardian","floor":18,"turns":5},{"damage":0,"enemies":"Shell Parasite","floor":19,"turns":2},{"damage":34,"enemies":"Snake Plant","floor":22,"turns":4},{"damage":20,"enemies":"Shelled Parasite and Fungi","floor":24,"turns":3},{"damage":66,"enemies":"Slavers","floor":27,"turns":7},{"damage":18,"enemies":"Snecko","floor":30,"turns":4},{"damage":73,"enemies":"Automaton","floor":33,"turns":6}],"seed_played":"-43265177584214740","potions_obtained":[{"floor":1,"key":"LiquidBronze"},{"floor":3,"key":"Fire Potion"},{"floor":27,"key":"FearPotion"},{"floor":30,"key":"Explosive Potion"}],"is_trial":false,"path_per_floor":["M","M","M","?","?","R","M","R","T","E","R","?","R","$","R","B",null,"M","M","?","T","M","R","M","R","T","E","R","?","M","?","R","B"],"character_chosen":"IRONCLAD","items_purchased":["PrismaticShard","War Paint","Burning Pact"],"campfire_rested":3,"item_purchase_floors":[14,14,14],"current_hp_per_floor":[72,72,70,70,67,67,69,69,69,37,37,55,55,55,55,39,64,40,46,46,46,18,39,25,25,25,12,33,33,21,21,42,0],"gold":443,"neow_bonus":"REMOVE_TWO","is_prod":false,"is_daily":false,"chose_seed":false,"campfire_upgraded":6,"win_rate":0,"timestamp":1553016243,"path_taken":["M","M","?","?","?","R","M","R","T","E","R","?","R","?","R","BOSS","M","M","?","?","M","R","M","R","T","E","R","?","M","?","R","BOSS"],"build_version":"2019-01-23","purchased_purges":1,"victory":false,"max_hp_per_floor":[72,72,72,72,72,72,72,72,72,72,72,72,72,72,72,72,72,72,72,72,72,72,72,72,72,72,72,72,72,72,72,72,72],"card_choices":[{"not_picked":["Sentinel","Clothesline"],"picked":"Wild Strike","floor":1},{"not_picked":["Burning Pact","Combust"],"picked":"Spot Weakness","floor":2},{"not_picked":["Perfected Strike","Second Wind"],"picked":"True Grit","floor":3},{"not_picked":["Warcry","Feel No Pain"],"picked":"Sword Boomerang","floor":7},{"not_picked":["Anger","Shrug It Off"],"picked":"Heavy Blade","floor":10},{"not_picked":["After Image","Reboot"],"picked":"HandOfGreed","floor":16},{"not_picked":["Bane","Clash"],"picked":"Flash of Steel","floor":18},{"not_picked":["Bouncing Flask","Blade Dance"],"picked":"Flying Knee","floor":19},{"not_picked":["Clash","True Grit","Acrobatics"],"picked":"SKIP","floor":22},{"not_picked":["Compile Driver","Flex"],"picked":"Distraction","floor":24},{"not_picked":["Iron Wave","Rip and Tear"],"picked":"Burst+1","floor":27},{"not_picked":["Streamline","Coolheaded+1"],"picked":"Panacea+1","floor":30}],"player_experience":584229,"relics_obtained":[{"floor":9,"key":"FossilizedHelix"},{"floor":10,"key":"Lantern"},{"floor":21,"key":"Juzu Bracelet"},{"floor":26,"key":"Toxic Egg 2"},{"floor":27,"key":"Vajra"}],"event_choices":[{"damage_healed":0,"gold_gain":0,"player_choice":"Box","damage_taken":0,"relics_obtained":["Old Coin"],"max_hp_gain":0,"max_hp_loss":0,"event_name":"Big Fish","floor":4,"gold_loss":0,"cards_obtained":["Regret"]},{"damage_healed":0,"gold_gain":0,"player_choice":"Success","damage_taken":3,"relics_obtained":["WingedGreaves"],"max_hp_gain":0,"max_hp_loss":0,"event_name":"Scrap Ooze","floor":5,"gold_loss":0},{"damage_healed":18,"gold_gain":0,"player_choice":"Healed and dodged fight","damage_taken":0,"max_hp_gain":0,"max_hp_loss":0,"event_name":"Mushrooms","floor":12,"gold_loss":0,"cards_obtained":["Parasite"]},{"damage_healed":0,"gold_gain":0,"player_choice":"Simplicity","damage_taken":0,"max_hp_gain":0,"max_hp_loss":0,"event_name":"Back to Basics","floor":20,"gold_loss":0,"cards_upgraded":["Strike_R","Strike_R","Strike_R","Strike_R","Defend_R"]},{"damage_healed":0,"gold_gain":99,"player_choice":"Stole From Cult","damage_taken":0,"max_hp_gain":0,"max_hp_loss":0,"event_name":"Nest","floor":29,"gold_loss":0},{"damage_healed":0,"gold_gain":0,"cards_transformed":["Strike_R","Defend_R"],"player_choice":"Became Test Subject","damage_taken":0,"max_hp_gain":0,"max_hp_loss":0,"event_name":"Drug Dealer","floor":31,"gold_loss":0,"cards_obtained":["Evolve","Corruption"]}],"is_beta":false,"boss_relics":[{"not_picked":["Ectoplasm","Velvet Choker"],"picked":"Lizard Tail"}],"items_purged_floors":[14],"is_endless":false,"potions_floor_spawned":[1,3,27,30],"killed_by":"Automaton","ascension_level":12}