{"gold_per_floor":[114,128,144,164,180,180,193,193,220,220,240,240,192,209,209,309,309,328,338,338],"floor_reached":20,"playtime":2399,"items_purged":[],"score":179,"play_id":"5205c112-6bed-46ba-87e4-1addc37cefdc","local_time":"20190415115647","is_ascension_mode":true,"campfire_choices":[{"data":"Rage","floor":6,"key":"SMITH"},{"data":"Bash","floor":8,"key":"SMITH"},{"data":"Shrug It Off","floor":10,"key":"SMITH"},{"data":"Dual Wield","floor":12,"key":"SMITH"},{"floor":15,"key":"RECALL"}],"neow_cost":"NONE","seed_source_timestamp":3864154219151111,"circlet_count":0,"master_deck":["Strike_R","Strike_R","Strike_R","Strike_R","Defend_R","Defend_R","Defend_R","Bash+1","Twin Strike","Shrug It Off+1","Dropkick","Twin Strike","Rage+1","Wild Strike","Dual Wield+1","Shrug It Off","Flex","Impervious","Warcry","Heavy Blade"],"relics":["Burning Blood","Empty Cage"],"potions_floor_usage":[11,16,16],"damage_taken":[{"damage":1,"enemies":"Cultist","floor":1,"turns":3},{"damage":1,"enemies":"Jaw Worm","floor":2,"turns":3},{"damage":0,"enemies":"Small Slimes","floor":3,"turns":3},{"damage":16,"enemies":"Exordium Wildlife","floor":4,"turns":4},{"damage":8,"enemies":"Blue Slaver","floor":5,"turns":4},{"damage":0,"enemies":"Looter","floor":7,"turns":2},{"damage":6,"enemies":"3 Louse","floor":11,"turns":3},{"damage":9,"enemies":"2 Fungi Beasts","floor":14,"turns":3},{"damage":41,"enemies":"Hexaghost","floor":16,"turns":10},{"damage":31,"enemies":"Chosen","floor":18,"turns":7},{"damage":10,"enemies":"Shell Parasite","floor":19,"turns":6},{"damage":70,"enemies":"Chosen and Byrds","floor":20,"turns":10}],"seed_played":"-3489418338587547363","potions_obtained":[{"floor":2,"key":"SpeedPotion"},{"floor":4,"key":"Fire Potion"},{"floor":7,"key":"AttackPotion"},{"floor":14,"key":"Poison Potion"},{"floor":19,"key":"Block Potion"}],"is_trial":false,"path_per_floor":["M","M","M","M","M","R","M","R","T","R","M","R","$","M","R","B",null,"M","M","M"],"character_chosen":"IRONCLAD","items_purchased":["Shrug It Off"],"campfire_rested":0,"item_purchase_floors":[13],"current_hp_per_floor":[88,88,88,78,76,76,82,82,82,82,82,82,82,79,79,44,88,63,59,0],"gold":338,"neow_bonus":"TEN_PERCENT_HP_BONUS","is_prod":false,"is_daily":false,"chose_seed":false,"campfire_upgraded":4,"win_rate":0,"timestamp":1555343807,"path_taken":["M","M","M","M","M","R","M","R","T","R","M","R","$","?","R","BOSS","M","M","M"],"build_version":"2019-01-23","purchased_purges":0,"victory":false,"max_hp_per_floor":[88,88,88,88,88,88,88,88,88,88,88,88,88,88,88,88,88,88,88,88],"card_choices":[{"not_picked":["Clash","Combust"],"picked":"Twin Strike","floor":1},{"not_picked":["Rampage","Anger"],"picked":"Shrug It Off","floor":2},{"not_picked":["Armaments","Entrench"],"picked":"Dropkick","floor":3},{"not_picked":["Corruption","Entrench"],"picked":"Twin Strike","floor":4},{"not_picked":["Body Slam","Pommel Strike"],"picked":"Rage","floor":5},{"not_picked":["Dual Wield","Heavy Blade"],"picked":"Wild Strike","floor":7},{"not_picked":["Carnage","Ghostly Armor"],"picked":"Dual Wield","floor":11},{"not_picked":["Twin Strike","True Grit"],"picked":"Flex","floor":14},{"not_picked":["Bludgeon","Reaper"],"picked":"Impervious","floor":16},{"not_picked":["Anger","Sever Soul+1"],"picked":"Warcry","floor":18},{"not_picked":["Anger","Twin Strike"],"picked":"Heavy Blade","floor":19}],"player_experience":72851,"relics_obtained":[],"event_choices":[],"is_beta":false,"boss_relics":[{"not_picked":["Snecko Eye","Velvet Choker"],"picked":"Empty Cage"}],"items_purged_floors":[],"is_endless":false,"potions_floor_spawned":[2,4,7,14,19],"killed_by":"Chosen and Byrds","ascension_level":1}