{"gold_per_floor":[114,131,131,131,206,239,259,259,259,293,293,307,326,341,341,437,437,456,506,556,569,569],"floor_reached":22,"playtime":814,"items_purged":[],"score":376,"play_id":"1ad9856d-f9b4-4efa-9052-c5632fec365c","local_time":"20190115203016","is_ascension_mode":true,"campfire_choices":[{"floor":8.0,"key":"REST"},{"floor":11.0,"key":"REST"},{"floor":15.0,"key":"REST"}],"neow_cost":"NONE","seed_source_timestamp":0,"circlet_count":0,"master_deck":["AscendersBane","Defend_G","Defend_G","Defend_G","Defend_G","Defend_G","Strike_G","Strike_G","Strike_G","Strike_G","Strike_G","Survivor","Neutralize","Deadly Poison","Crippling Poison","Bane","Cloak And Dagger","Backflip","Deadly Poison","Noxious Fumes","Dodge and Roll","Die Die Die","Noxious Fumes","Well Laid Plans"],"special_seed":0,"relics":["Ring of the Snake","NeowsBlessing","Golden Idol","SsserpentHead","Anchor","Blood Vial","Dodecahedron","Fusion Hammer"],"potions_floor_usage":[],"damage_taken":[{"damage":0.0,"enemies":"2 Louse","floor":1.0,"turns":1.0},{"damage":0.0,"enemies":"Cultist","floor":2.0,"turns":1.0},{"damage":0.0,"enemies":"Jaw Worm","floor":5.0,"turns":1.0},{"damage":31.0,"enemies":"Lagavulin","floor":6.0,"turns":7.0},{"damage":0.0,"enemies":"2 Fungi Beasts","floor":7.0,"turns":3.0},{"damage":43.0,"enemies":"Gremlin Nob","floor":10.0,"turns":5.0},{"damage":3.0,"enemies":"Looter","floor":12.0,"turns":3.0},{"damage":3.0,"enemies":"Blue Slaver","floor":13.0,"turns":4.0},{"damage":0.0,"enemies":"3 Louse","floor":14.0,"turns":4.0},{"damage":9.0,"enemies":"Hexaghost","floor":16.0,"turns":9.0},{"damage":25,"enemies":"3 Byrds","floor":18,"turns":5},{"damage":20,"enemies":"2 Thieves","floor":21,"turns":5},{"damage":19,"enemies":"Sentry and Sphere","floor":22,"turns":3}],"seed_played":"-5698849810906482594","potions_obtained":[{"floor":6.0,"key":"SneckoOil"},{"floor":7.0,"key":"Swift Potion"},{"floor":13.0,"key":"Ancient Potion"},{"floor":14.0,"key":"Poison Potion"},{"floor":16.0,"key":"Fire Potion"},{"floor":21,"key":"PowerPotion"}],"is_trial":false,"path_per_floor":["M","M","?","?","M","E","M","R","T","E","R","M","M","M","R","B",null,"M","?","?","M","M"],"character_chosen":"THE_SILENT","items_purchased":[],"campfire_rested":3,"item_purchase_floors":[],"current_hp_per_floor":[59,59,59,59,59,28,28,46,46,5,23,22,21,23,41,34,54,31,31,31,13,0],"gold":569,"neow_bonus":"THREE_ENEMY_KILL","is_prod":false,"is_daily":false,"chose_seed":false,"campfire_upgraded":0,"win_rate":0,"timestamp":1547580616,"path_taken":["M","M","?","?","?","E","M","R","T","E","R","M","M","M","R","BOSS","M","?","?","M","M"],"build_version":"2019-01-10","purchased_purges":0,"victory":false,"max_hp_per_floor":[66,66,60,60,60,60,60,60,60,60,60,60,60,60,60,60,60,60,60,60,60,60],"card_choices":[{"not_picked":["Slice","Dodge and Roll"],"picked":"Deadly Poison","floor":1.0},{"not_picked":["Deflect","Prepared"],"picked":"Crippling Poison","floor":2.0},{"not_picked":["Slice","Choke"],"picked":"Bane","floor":5.0},{"not_picked":["Dagger Spray","Deadly Poison"],"picked":"Cloak And Dagger","floor":6.0},{"not_picked":["Poisoned Stab","Phantasmal Killer"],"picked":"Backflip","floor":7.0},{"not_picked":["Outmaneuver","All Out Attack"],"picked":"Deadly Poison","floor":10.0},{"not_picked":["Quick Slash","Dagger Throw"],"picked":"Noxious Fumes","floor":12.0},{"not_picked":["Finisher","Choke","Slice"],"picked":"SKIP","floor":13.0},{"not_picked":["Flying Knee","Blade Dance"],"picked":"Dodge and Roll","floor":14.0},{"not_picked":["Wraith Form v2","Doppelganger"],"picked":"Die Die Die","floor":16.0},{"not_picked":["Concentrate+1","Terror"],"picked":"Noxious Fumes","floor":18},{"not_picked":["Deflect","Dagger Spray"],"picked":"Well Laid Plans","floor":21}],"player_experience":536592,"relics_obtained":[{"floor":6.0,"key":"Anchor"},{"floor":9.0,"key":"Blood Vial"},{"floor":10.0,"key":"Dodecahedron"}],"event_choices":[{"damage_healed":0.0,"max_hp_gain":0.0,"max_hp_loss":6.0,"gold_gain":0.0,"event_name":"Golden Idol","player_choice":"Lose Max HP","floor":3.0,"gold_loss":0.0,"damage_taken":0.0,"relics_obtained":["Golden Idol"]},{"damage_healed":0.0,"max_hp_gain":0.0,"max_hp_loss":0.0,"gold_gain":0.0,"event_name":"FaceTrader","player_choice":"Trade","floor":4.0,"gold_loss":0.0,"damage_taken":0.0,"relics_obtained":["SsserpentHead"]},{"damage_healed":0,"gold_gain":0,"player_choice":"Ignored","damage_taken":0,"max_hp_gain":0,"max_hp_loss":0,"event_name":"Cursed Tome","floor":19,"gold_loss":0},{"damage_healed":0,"gold_gain":0,"player_choice":"Ignored","damage_taken":0,"max_hp_gain":0,"max_hp_loss":0,"event_name":"The Mausoleum","floor":20,"gold_loss":0}],"is_beta":false,"boss_relics":[{"not_picked":["Black Star","Calling Bell"],"picked":"Fusion Hammer"}],"items_purged_floors":[],"is_endless":false,"potions_floor_spawned":[6,7,13,14,16,21],"killed_by":"Sentry and Sphere","ascension_level":18}