{"gold_per_floor":[110,110,128,142,160,160,178,178,178,192,117,117,135,147,147,244,244,264,279,299,249,260,260,286,286,286,317,336,336,336,52,52,150,150,170,170,182,182,6,6,41,41,41,66,78,78,95,142,142,142],"floor_reached":50,"playtime":2658,"items_purged":["Pain","Impatience"],"score":609,"play_id":"e049cffa-2390-42d8-a9c0-928b5959a859","local_time":"20190813162656","is_ascension_mode":false,"campfire_choices":[{"data":"Perfected Strike","floor":6,"key":"SMITH"},{"data":"Rage","floor":8,"key":"SMITH"},{"data":"Perfected Strike","floor":12,"key":"SMITH"},{"data":"Uppercut","floor":15,"key":"SMITH"},{"data":"Perfected Strike","floor":23,"key":"SMITH"},{"data":"Feed","floor":25,"key":"SMITH"},{"data":"J.A.X.","floor":30,"key":"SMITH"},{"data":"Bloodletting","floor":32,"key":"SMITH"},{"data":"Rage","floor":40,"key":"SMITH"},{"floor":42,"key":"REST"},{"floor":46,"key":"REST"},{"floor":49,"key":"RECALL"}],"neow_cost":"NONE","seed_source_timestamp":184932195000633,"circlet_count":0,"master_deck":["Strike_R","Strike_R+1","Strike_R","Strike_R","Strike_R","Defend_R","Defend_R","Defend_R","Defend_R","Bash","Twin Strike","Rage+1","Perfected Strike+1","Uppercut+1","Twin Strike","Perfected Strike+1","Feed+1","Hemokinesis","Perfected Strike+1","Seeing Red+1","Pommel Strike+1","Bloodletting","Perfected Strike+1","Headbutt+1","J.A.X.+1","Bloodletting+1","Brutality","Ghostly Armor+1","Rage+1","Dropkick+1","Intimidate+1","Rage"],"relics":["Burning Blood","WarpedTongs","Paper Frog","Runic Cube","Darkstone Periapt","Calipers","Pantograph","Sozu","Whetstone","Vajra","Dead Branch","Incense Burner"],"potions_floor_usage":[16,19,24,33,33,33],"damage_taken":[{"damage":0,"enemies":"Small Slimes","floor":1,"turns":3},{"damage":7,"enemies":"Cultist","floor":3,"turns":3},{"damage":2,"enemies":"2 Louse","floor":4,"turns":3},{"damage":7,"enemies":"Blue Slaver","floor":5,"turns":3},{"damage":9,"enemies":"3 Louse","floor":7,"turns":4},{"damage":6,"enemies":"Looter","floor":10,"turns":3},{"damage":0,"enemies":"Large Slime","floor":13,"turns":2},{"damage":7,"enemies":"Blue Slaver","floor":14,"turns":3},{"damage":0,"enemies":"Slime Boss","floor":16,"turns":4},{"damage":5,"enemies":"Spheric Guardian","floor":18,"turns":3},{"damage":0,"enemies":"3 Byrds","floor":19,"turns":4},{"damage":5,"enemies":"Snecko","floor":20,"turns":3},{"damage":4,"enemies":"3 Cultists","floor":22,"turns":4},{"damage":34,"enemies":"Book of Stabbing","floor":24,"turns":5},{"damage":33,"enemies":"Slavers","floor":27,"turns":6},{"damage":15,"enemies":"Snake Plant","floor":28,"turns":2},{"damage":66,"enemies":"Collector","floor":33,"turns":7},{"damage":18,"enemies":"Orb Walker","floor":35,"turns":2},{"damage":15,"enemies":"3 Darklings","floor":37,"turns":4},{"damage":64,"enemies":"Giant Head","floor":41,"turns":7},{"damage":23,"enemies":"Nemesis","floor":44,"turns":5},{"damage":12,"enemies":"Spire Growth","floor":45,"turns":3},{"damage":17,"enemies":"Writhing Mass","floor":47,"turns":2},{"damage":23,"enemies":"2 Orb Walkers","floor":48,"turns":3},{"damage":42,"enemies":"Donu and Deca","floor":50,"turns":4}],"seed_played":"-6335581727305112426","potions_obtained":[{"floor":1,"key":"Explosive Potion"},{"floor":7,"key":"GamblersBrew"},{"floor":10,"key":"Regen Potion"},{"floor":14,"key":"AttackPotion"},{"floor":18,"key":"SkillPotion"},{"floor":22,"key":"Regen Potion"},{"floor":28,"key":"Fire Potion"}],"is_trial":false,"path_per_floor":["M","?","M","M","M","R","M","R","T","M","$","R","M","M","R","B",null,"M","M","M","?","M","R","E","R","T","E","M","?","R","$","R","B",null,"M","?","M","?","$","R","E","R","T","E","M","R","M","?","R","B"],"character_chosen":"IRONCLAD","items_purchased":["Pantograph","Bloodletting","Rage"],"campfire_rested":2,"item_purchase_floors":[31,31,39],"current_hp_per_floor":[80,80,79,80,79,79,76,76,76,76,76,76,80,79,79,80,80,80,83,83,83,86,86,58,58,58,35,26,26,26,26,26,36,90,78,78,69,69,69,69,11,36,36,23,17,43,32,15,15,0],"gold":142,"neow_bonus":"RANDOM_COLORLESS","is_prod":false,"is_daily":false,"chose_seed":false,"campfire_upgraded":9,"win_rate":0,"timestamp":1565706416,"path_taken":["M","?","?","M","M","R","M","R","T","M","$","R","M","M","R","BOSS","M","M","M","?","M","R","E","R","T","E","?","?","R","$","R","BOSS","M","?","M","?","$","R","E","R","T","E","M","R","M","?","R","BOSS"],"build_version":"2019-07-17","purchased_purges":2,"victory":false,"max_hp_per_floor":[80,80,80,80,80,80,80,80,80,80,80,80,80,80,80,80,80,80,83,83,83,86,86,86,86,86,90,90,90,90,90,90,90,90,90,85,85,85,85,85,85,85,85,89,89,89,89,89,89,89],"card_choices":[{"not_picked":["Entrench","Flex"],"picked":"Twin Strike","floor":1},{"not_picked":["Clothesline","Pommel Strike"],"picked":"Rage","floor":3},{"not_picked":["Havoc","Heavy Blade"],"picked":"Perfected Strike","floor":4},{"not_picked":["Sword Boomerang","Brutality"],"picked":"Uppercut","floor":5},{"not_picked":["Heavy Blade","Anger"],"picked":"Twin Strike","floor":7},{"not_picked":["Havoc","Iron Wave"],"picked":"Perfected Strike","floor":10},{"not_picked":["True Grit","Havoc","Sword Boomerang"],"picked":"SKIP","floor":13},{"not_picked":["Blood for Blood","Pummel","Body Slam"],"picked":"SKIP","floor":14},{"not_picked":["Reaper","Exhume"],"picked":"Feed","floor":16},{"not_picked":["Wild Strike","Sever Soul"],"picked":"Hemokinesis","floor":18},{"not_picked":["Uppercut","Havoc"],"picked":"Perfected Strike","floor":19},{"not_picked":["Havoc","Dropkick"],"picked":"Seeing Red+1","floor":20},{"not_picked":["Iron Wave","Metallicize"],"picked":"Pommel Strike","floor":22},{"not_picked":["Infernal Blade+1","Entrench"],"picked":"Bloodletting","floor":24},{"not_picked":["Flex+1","Iron Wave+1"],"picked":"Perfected Strike+1","floor":27},{"not_picked":["Barricade","Evolve"],"picked":"Headbutt+1","floor":28},{"not_picked":["Barricade","Dark Embrace"],"picked":"Brutality","floor":33},{"not_picked":["Clash+1","Perfected Strike"],"picked":"Ghostly Armor+1","floor":35},{"not_picked":["Inflame","Intimidate","Anger+1"],"picked":"SKIP","floor":37},{"not_picked":["Headbutt+1","Clash"],"picked":"Dropkick+1","floor":41},{"not_picked":["Wild Strike+1","Havoc"],"picked":"Intimidate+1","floor":44},{"not_picked":["Disarm+1","Combust","Pommel Strike"],"picked":"SKIP","floor":45},{"not_picked":["Pommel Strike+1","Searing Blow"],"picked":"Rage","floor":47}],"player_experience":200655,"relics_obtained":[{"floor":9,"key":"Paper Frog"},{"floor":24,"key":"Darkstone Periapt"},{"floor":27,"key":"Calipers"},{"floor":41,"key":"Whetstone"},{"floor":43,"key":"Vajra"},{"floor":44,"key":"Dead Branch"},{"floor":48,"key":"Incense Burner"}],"event_choices":[{"damage_healed":0,"gold_gain":0,"player_choice":"Rummage","damage_taken":0,"relics_obtained":["WarpedTongs"],"max_hp_gain":0,"max_hp_loss":0,"event_name":"Accursed Blacksmith","floor":2,"gold_loss":0,"cards_obtained":["Pain"]},{"damage_healed":0,"gold_gain":0,"player_choice":"Bet on Murderer","damage_taken":0,"max_hp_gain":0,"max_hp_loss":0,"event_name":"The Joust","floor":21,"gold_loss":50},{"damage_healed":0,"gold_gain":0,"player_choice":"Obtain J.A.X.","damage_taken":0,"max_hp_gain":0,"max_hp_loss":0,"event_name":"Drug Dealer","floor":29,"gold_loss":0,"cards_obtained":["J.A.X."]},{"damage_healed":0,"gold_gain":0,"player_choice":"Max HP","damage_taken":0,"max_hp_gain":0,"max_hp_loss":5,"event_name":"Winding Halls","floor":36,"gold_loss":0},{"damage_healed":0,"gold_gain":0,"player_choice":"Ignored","damage_taken":0,"max_hp_gain":0,"max_hp_loss":0,"event_name":"Tomb of Lord Red Mask","floor":38,"gold_loss":0},{"damage_healed":0,"gold_gain":0,"player_choice":"Fight","damage_taken":0,"max_hp_gain":0,"max_hp_loss":0,"event_name":"Mysterious Sphere","floor":48,"gold_loss":0}],"is_beta":false,"boss_relics":[{"not_picked":["Runic Dome","Orrery"],"picked":"Runic Cube"},{"not_picked":["Pandora\u0027s Box","Lizard Tail"],"picked":"Sozu"}],"items_purged_floors":[11,39],"is_endless":false,"potions_floor_spawned":[1,7,10,14,18,22,28,41,45,47,48],"killed_by":"Donu and Deca","ascension_level":0}