{"gold_per_floor":[113,113,124,139,64,64,64,64,64,81,106,106,138,152,152,247,247,260,271,27,27,45,45,45,71,71,89,109,9,9,26,26,123,123,133,153,163,38,58,58,86,98,160,191,222,254,266,312,324,336,348,360,70,99,99],"floor_reached":55,"playtime":3759,"items_purged":["Strike_R","Defend_R","Pain","Clash"],"score":786,"play_id":"522f5f2a-f83d-48ff-b9d3-a6d72112e6d5","local_time":"20190811192250","is_ascension_mode":false,"campfire_choices":[{"data":"Rampage","floor":6,"key":"SMITH"},{"data":"Rage","floor":8,"key":"SMITH"},{"data":"Whirlwind","floor":12,"key":"SMITH"},{"data":"Ghostly Armor","floor":15,"key":"SMITH"},{"data":"Feed","floor":23,"key":"SMITH"},{"data":"Double Tap","floor":24,"key":"SMITH"},{"data":"RitualDagger","floor":32,"key":"SMITH"},{"data":"Bludgeon","floor":40,"key":"SMITH"},{"data":"True Grit","floor":42,"key":"SMITH"},{"floor":47,"key":"REST"},{"floor":49,"key":"RECALL"},{"data":"Inflame","floor":52,"key":"SMITH"}],"neow_cost":"PERCENT_DAMAGE","seed_source_timestamp":21566867937549,"circlet_count":0,"master_deck":["Strike_R","Strike_R","Strike_R","Defend_R","Defend_R","Defend_R","Bash","Rage+1","Seeing Red","Rampage+1","Ghostly Armor+1","Whirlwind+1","Headbutt","Double Tap+1","Feed+1","Shrug It Off","Inflame+1","RitualDagger+1","True Grit+1","Spot Weakness","Ghostly Armor","Bludgeon+1","Flex+1","Warcry+1","Blood for Blood","Spot Weakness+1","Whirlwind+1","Heavy Blade+1","Clothesline+1"],"relics":["Burning Blood","WingedGreaves","Matryoshka","Ancient Tea Set","Boot","Sozu","Chemical X","Bag of Marbles","Bag of Preparation","Self Forming Clay","WarpedTongs","Runic Pyramid","MawBank","Molten Egg 2","Sundial","Pen Nib","Gremlin Horn"],"potions_floor_usage":[13,55],"damage_taken":[{"damage":1,"enemies":"Cultist","floor":1,"turns":3},{"damage":1,"enemies":"2 Louse","floor":3,"turns":2},{"damage":0,"enemies":"Jaw Worm","floor":4,"turns":3},{"damage":5,"enemies":"Lots of Slimes","floor":10,"turns":7},{"damage":43,"enemies":"Lagavulin","floor":11,"turns":9},{"damage":7,"enemies":"Gremlin Nob","floor":13,"turns":4},{"damage":0,"enemies":"Exordium Wildlife","floor":14,"turns":2},{"damage":23,"enemies":"Hexaghost","floor":16,"turns":9},{"damage":0,"enemies":"Chosen","floor":18,"turns":3},{"damage":12,"enemies":"Shell Parasite","floor":19,"turns":2},{"damage":11,"enemies":"Chosen and Byrds","floor":22,"turns":5},{"damage":27,"enemies":"Gremlin Leader","floor":25,"turns":6},{"damage":2,"enemies":"Centurion and Healer","floor":27,"turns":4},{"damage":28,"enemies":"Shelled Parasite and Fungi","floor":28,"turns":5},{"damage":0,"enemies":"Snake Plant","floor":31,"turns":1},{"damage":62,"enemies":"Collector","floor":33,"turns":9},{"damage":0,"enemies":"Orb Walker","floor":35,"turns":2},{"damage":8,"enemies":"3 Shapes","floor":36,"turns":3},{"damage":9,"enemies":"Transient","floor":37,"turns":5},{"damage":47,"enemies":"Maw","floor":39,"turns":7},{"damage":16,"enemies":"Nemesis","floor":41,"turns":5},{"damage":6,"enemies":"Spire Growth","floor":44,"turns":3},{"damage":5,"enemies":"4 Shapes","floor":45,"turns":4},{"damage":1,"enemies":"Maw","floor":46,"turns":5},{"damage":0,"enemies":"Reptomancer","floor":48,"turns":2},{"damage":70,"enemies":"Awakened One","floor":50,"turns":9},{"damage":69,"enemies":"Shield and Spear","floor":54,"turns":4},{"damage":39,"enemies":"The Heart","floor":55,"turns":5}],"seed_played":"-3318449368556063762","potions_obtained":[{"floor":1,"key":"SpeedPotion"},{"floor":10,"key":"FairyPotion"},{"floor":11,"key":"Block Potion"}],"is_trial":false,"path_per_floor":["M","?","M","M","$","R","$","R","T","M","E","R","E","M","R","B",null,"M","M","$","?","M","R","R","E","T","M","M","$","?","M","R","B",null,"M","M","M","$","M","R","E","R","T","M","M","M","R","E","R","B",null,"R","$","E","B"],"character_chosen":"IRONCLAD","items_purchased":["Chemical X","Inflame","Pen Nib"],"campfire_rested":1,"item_purchase_floors":[20,20,53],"current_hp_per_floor":[61,61,66,72,72,72,72,72,72,73,36,36,35,41,41,24,80,83,77,77,71,69,69,69,52,52,56,34,34,34,40,40,12,90,90,92,89,89,48,48,42,42,42,42,47,52,82,88,88,24,102,102,102,39,0],"gold":99,"neow_bonus":"ONE_RARE_RELIC","is_prod":false,"is_daily":false,"chose_seed":false,"campfire_upgraded":10,"win_rate":0,"timestamp":1565544170,"path_taken":["M","?","M","M","$","R","?","R","T","M","E","R","E","?","R","BOSS","M","M","$","?","M","R","R","E","T","M","M","$","?","?","R","BOSS","M","M","M","$","M","R","E","R","T","M","M","M","R","E","R","BOSS","R","$","E","BOSS"],"build_version":"2019-07-17","purchased_purges":4,"victory":false,"max_hp_per_floor":[80,80,80,80,80,80,80,80,80,80,80,80,80,80,80,80,80,83,83,83,83,86,86,86,90,90,90,90,90,90,90,90,90,90,90,94,94,94,94,94,98,98,98,98,102,102,102,102,102,102,102,102,102,102,102],"card_choices":[{"not_picked":["Flex","Cleave"],"picked":"Rage","floor":1},{"not_picked":["Warcry","Armaments"],"picked":"Rampage","floor":3},{"not_picked":["Bloodletting","Sever Soul"],"picked":"Ghostly Armor","floor":4},{"not_picked":["Warcry","Armaments"],"picked":"Whirlwind","floor":10},{"not_picked":["Heavy Blade","Twin Strike","Thunderclap"],"picked":"SKIP","floor":11},{"not_picked":["Entrench","Sever Soul"],"picked":"Headbutt","floor":13},{"not_picked":["Perfected Strike","Body Slam"],"picked":"Double Tap","floor":14},{"not_picked":["Dark Embrace","Exhume"],"picked":"Feed","floor":16},{"not_picked":["Havoc","Warcry"],"picked":"Shrug It Off","floor":18},{"not_picked":["Shrug It Off","Pommel Strike","Wild Strike+1"],"picked":"SKIP","floor":19},{"not_picked":["Anger","Iron Wave","Wild Strike"],"picked":"SKIP","floor":22},{"not_picked":["Berserk","Entrench"],"picked":"True Grit","floor":25},{"not_picked":["Heavy Blade","Sword Boomerang"],"picked":"Clash","floor":27},{"not_picked":["Headbutt","Sever Soul"],"picked":"Spot Weakness","floor":28},{"not_picked":["Burning Pact","Shrug It Off"],"picked":"Ghostly Armor","floor":31},{"not_picked":["Reaper","Dark Embrace"],"picked":"Bludgeon","floor":33},{"not_picked":["Carnage+1","Cleave+1"],"picked":"Flex+1","floor":35},{"not_picked":["Shrug It Off","Perfected Strike"],"picked":"Warcry+1","floor":36},{"not_picked":["Havoc+1","Combust","Perfected Strike+1"],"picked":"SKIP","floor":37},{"not_picked":["Entrench+1","Wild Strike"],"picked":"Blood for Blood","floor":39},{"not_picked":["Sentinel+1","Cleave","Sword Boomerang"],"picked":"SKIP","floor":41},{"not_picked":["Blood for Blood+1","Pommel Strike+1"],"picked":"Spot Weakness+1","floor":44},{"not_picked":["Feed+1","Uppercut+1"],"picked":"Whirlwind+1","floor":45},{"not_picked":["Body Slam+1","Perfected Strike+1","Havoc"],"picked":"SKIP","floor":46},{"not_picked":["Armaments","Power Through"],"picked":"Heavy Blade+1","floor":48},{"not_picked":["Havoc+1","Heavy Blade+1"],"picked":"Clothesline+1","floor":54}],"player_experience":187628,"relics_obtained":[{"floor":9,"key":"Matryoshka"},{"floor":11,"key":"Ancient Tea Set"},{"floor":13,"key":"Boot"},{"floor":25,"key":"Bag of Marbles"},{"floor":26,"key":"Bag of Preparation"},{"floor":26,"key":"Self Forming Clay"},{"floor":41,"key":"MawBank"},{"floor":43,"key":"Molten Egg 2"},{"floor":48,"key":"Sundial"},{"floor":54,"key":"Gremlin Horn"}],"event_choices":[{"damage_healed":0,"gold_gain":0,"cards_transformed":["Strike_R"],"player_choice":"Transformed","damage_taken":0,"max_hp_gain":0,"max_hp_loss":0,"event_name":"Transmorgrifier","floor":2,"gold_loss":0,"cards_obtained":["Seeing Red"]},{"damage_healed":0,"gold_gain":0,"player_choice":"Joined the Cult","damage_taken":6,"max_hp_gain":0,"max_hp_loss":0,"event_name":"Nest","floor":21,"gold_loss":0,"cards_obtained":["RitualDagger"]},{"damage_healed":0,"gold_gain":0,"player_choice":"Rummage","damage_taken":0,"relics_obtained":["WarpedTongs"],"max_hp_gain":0,"max_hp_loss":0,"event_name":"Accursed Blacksmith","floor":30,"gold_loss":0,"cards_obtained":["Pain"]}],"is_beta":false,"boss_relics":[{"not_picked":["Calling Bell","Eternal Feather"],"picked":"Sozu"},{"not_picked":["Runic Dome","Runic Cube"],"picked":"Runic Pyramid"}],"items_purged_floors":[5,29,38,53],"is_endless":false,"potions_floor_spawned":[1,10,11,19,22,41,46,48],"killed_by":"The Heart","ascension_level":0}