{"gold_per_floor":[113,188,201,217,217,273,291,179,179,179,179,194,65,82,82,185,185,205,217,316,332,350,350],"floor_reached":23,"playtime":5370,"items_purged":[],"score":195,"play_id":"abed0510-215a-40c2-b5a7-f07c27956544","local_time":"20191007231747","is_ascension_mode":false,"campfire_choices":[{"floor":15.0,"key":"REST"}],"neow_cost":"NONE","seed_source_timestamp":0,"circlet_count":0,"master_deck":["Strike_G","Strike_G","Strike_G","Strike_G","Strike_G","Defend_G","Defend_G+1","Defend_G","Defend_G","Defend_G","Survivor","Neutralize","Backflip","Acrobatics","Backflip+1","Footwork","Leg Sweep","Flechettes","Footwork","Poisoned Stab","Well Laid Plans","Night Terror","Deadly Poison","Dodge and Roll","Dagger Throw","Quick Slash"],"special_seed":0,"relics":["Ring of the Snake","Tiny Chest","Regal Pillow","Incense Burner","Black Star"],"potions_floor_usage":[19,19,21,21,21,22,23],"damage_taken":[{"damage":0.0,"enemies":"2 Louse","floor":1.0,"turns":4.0},{"damage":2.0,"enemies":"Jaw Worm","floor":3.0,"turns":7.0},{"damage":0.0,"enemies":"Small Slimes","floor":4.0,"turns":5.0},{"damage":22.0,"enemies":"3 Sentries","floor":6.0,"turns":23.0},{"damage":11.0,"enemies":"Gremlin Gang","floor":7.0,"turns":9.0},{"damage":0.0,"enemies":"Blue Slaver","floor":12.0,"turns":7.0},{"damage":3.0,"enemies":"2 Fungi Beasts","floor":14.0,"turns":4.0},{"damage":15.0,"enemies":"The Guardian","floor":16.0,"turns":18.0},{"damage":42,"enemies":"3 Byrds","floor":18,"turns":10},{"damage":0,"enemies":"Chosen","floor":19,"turns":6},{"damage":23,"enemies":"Centurion and Healer","floor":21,"turns":7},{"damage":4,"enemies":"Shelled Parasite and Fungi","floor":22,"turns":8},{"damage":20,"enemies":"Slavers","floor":23,"turns":1}],"seed_played":"8629004081524430251","potions_obtained":[{"floor":3.0,"key":"Regen Potion"},{"floor":14.0,"key":"Block Potion"},{"floor":16.0,"key":"AttackPotion"},{"floor":18,"key":"Swift Potion"},{"floor":19,"key":"EntropicBrew"},{"floor":22,"key":"Fire Potion"}],"is_trial":false,"path_per_floor":["M","?","M","M","?","E","M","$","T","?","T","M","$","M","R","B",null,"M","M","?","M","M","E"],"character_chosen":"THE_SILENT","items_purchased":["Leg Sweep","Flechettes","Footwork","Poisoned Stab"],"campfire_rested":1,"item_purchase_floors":[8,8,13,13],"current_hp_per_floor":[77,66,64,77,62,40,29,29,29,29,29,29,29,26,64,49,77,35,35,35,12,8,0],"gold":350,"neow_bonus":"TEN_PERCENT_HP_BONUS","is_prod":false,"is_daily":false,"chose_seed":false,"campfire_upgraded":0,"win_rate":0.0,"timestamp":1570508267,"path_taken":["M","?","M","M","?","E","M","$","T","?","?","M","$","M","R","BOSS","M","M","?","M","M","E"],"build_version":"2019-07-17","purchased_purges":0,"victory":false,"max_hp_per_floor":[77,77,77,77,77,77,77,77,77,77,77,77,77,77,77,77,77,77,77,77,77,77,77],"card_choices":[{"not_picked":["Bane","Deflect"],"picked":"Backflip","floor":1.0},{"not_picked":["Sucker Punch","Blur"],"picked":"Acrobatics","floor":3.0},{"not_picked":["Acrobatics","Slice"],"picked":"Backflip","floor":4.0},{"not_picked":["Reflex","Malaise","Backflip"],"picked":"SKIP","floor":6.0},{"not_picked":["Expertise","Reflex"],"picked":"Footwork","floor":7.0},{"not_picked":["Blade Dance","Underhanded Strike","Distraction"],"picked":"SKIP","floor":12.0},{"not_picked":["Caltrops","Slice"],"picked":"Well Laid Plans","floor":14.0},{"not_picked":["After Image","Venomology"],"picked":"Night Terror","floor":16.0},{"not_picked":["Backstab","Dagger Throw"],"picked":"Deadly Poison","floor":18},{"not_picked":["Caltrops+1","All Out Attack"],"picked":"Dodge and Roll","floor":19},{"not_picked":["Masterful Stab","Riddle With Holes"],"picked":"Dagger Throw","floor":21},{"not_picked":["Infinite Blades","Blade Dance"],"picked":"Quick Slash","floor":22}],"player_experience":110261,"relics_obtained":[{"floor":6.0,"key":"Tiny Chest"},{"floor":9.0,"key":"Regal Pillow"},{"floor":11.0,"key":"Incense Burner"}],"event_choices":[{"damage_healed":0.0,"max_hp_gain":0.0,"max_hp_loss":0.0,"gold_gain":75.0,"event_name":"World of Goop","player_choice":"Gather Gold","floor":2.0,"gold_loss":0.0,"damage_taken":11.0},{"damage_healed":0.0,"max_hp_gain":0.0,"max_hp_loss":0.0,"gold_gain":0.0,"event_name":"Shining Light","player_choice":"Entered Light","floor":5.0,"gold_loss":0.0,"damage_taken":15.0,"cards_upgraded":["Defend_G","Backflip"]},{"damage_healed":0.0,"max_hp_gain":0.0,"max_hp_loss":0.0,"gold_gain":0.0,"event_name":"Dead Adventurer","player_choice":"Searched \u00270\u0027 times","floor":10.0,"gold_loss":0.0,"damage_taken":0.0},{"damage_healed":0,"gold_gain":99,"player_choice":"Stole From Cult","damage_taken":0,"max_hp_gain":0,"max_hp_loss":0,"event_name":"Nest","floor":20,"gold_loss":0}],"is_beta":false,"boss_relics":[{"not_picked":["Calling Bell","Coffee Dripper"],"picked":"Black Star"}],"items_purged_floors":[],"is_endless":false,"potions_floor_spawned":[3,14,16,18,19,22],"killed_by":"Slavers","ascension_level":0}