{"gold_per_floor":[112,128,142,154,168,201,92,117,117,117],"floor_reached":10,"playtime":1443,"items_purged":["Strike_R"],"score":88,"play_id":"d44fef15-eb7b-446b-8276-9d0904e5edd1","local_time":"20191003110730","is_ascension_mode":true,"campfire_choices":[],"neow_cost":"NONE","seed_source_timestamp":1724445127080708,"circlet_count":0,"master_deck":["Strike_R","Strike_R","Strike_R","Strike_R","Defend_R","Defend_R","Defend_R","Defend_R","Bash","Shrug It Off","Pommel Strike","Shrug It Off","Uppercut","Sentinel","Sentinel"],"relics":["Burning Blood","Question Card","Peace Pipe"],"potions_floor_usage":[4,8],"damage_taken":[{"damage":9,"enemies":"Jaw Worm","floor":1,"turns":4},{"damage":6,"enemies":"Cultist","floor":2,"turns":4},{"damage":12,"enemies":"2 Louse","floor":3,"turns":3},{"damage":3,"enemies":"Exordium Wildlife","floor":4,"turns":4},{"damage":20,"enemies":"Exordium Thugs","floor":5,"turns":5},{"damage":32,"enemies":"3 Sentries","floor":6,"turns":13},{"damage":41,"enemies":"Lagavulin","floor":8,"turns":11}],"seed_played":"-2979399757448735382","potions_obtained":[{"floor":2,"key":"Fire Potion"},{"floor":5,"key":"SmokeBomb"},{"floor":6,"key":"Weak Potion"}],"is_trial":false,"path_per_floor":["M","M","M","M","M","E","$","E","T","?"],"character_chosen":"IRONCLAD","items_purchased":["Sentinel"],"campfire_rested":0,"item_purchase_floors":[7],"current_hp_per_floor":[85,85,79,82,68,42,42,7,7,0],"gold":117,"neow_bonus":"TEN_PERCENT_HP_BONUS","is_prod":false,"is_daily":false,"chose_seed":false,"campfire_upgraded":0,"win_rate":0,"timestamp":1570115250,"path_taken":["M","M","M","M","M","E","$","E","T","?"],"build_version":"2019-07-17","purchased_purges":1,"victory":false,"max_hp_per_floor":[88,88,88,88,88,88,88,88,88,88],"card_choices":[{"not_picked":["Clash","Inflame","True Grit"],"picked":"SKIP","floor":1},{"not_picked":["Combust","Flame Barrier"],"picked":"Shrug It Off","floor":2},{"not_picked":["Pummel","Heavy Blade"],"picked":"Pommel Strike","floor":3},{"not_picked":["Rage","Flex"],"picked":"Shrug It Off","floor":4},{"not_picked":["Body Slam","Combust","Rupture"],"picked":"SKIP","floor":5},{"not_picked":["Dropkick","Reaper"],"picked":"Uppercut","floor":6},{"not_picked":["Havoc","Battle Trance","Clash"],"picked":"Sentinel","floor":8}],"player_experience":201004,"relics_obtained":[{"floor":6,"key":"Question Card"},{"floor":8,"key":"Peace Pipe"}],"event_choices":[],"is_beta":false,"boss_relics":[],"items_purged_floors":[7],"is_endless":false,"potions_floor_spawned":[2,5,6],"ascension_level":2}