{"gold_per_floor":[110,124,139,149,149,178,178,197,279,279,261,291,311,325,325,399,399,418,429,64,81,81,107,107,139,139,154,154,208,57,57,57,134,134,147,147,157,25,25,25,40,72,72,72,83,22,122,147,147,147],"floor_reached":51,"playtime":3009,"items_purged":["Strike_G","Strike_G"],"score":1294,"play_id":"4740c32a-5ee3-4663-af86-8e1e8f73f2c5","local_time":"20190109020042","is_ascension_mode":true,"campfire_choices":[{"data":"Noxious Fumes","floor":7.0,"key":"SMITH"},{"floor":10.0,"key":"REST"},{"floor":15.0,"key":"REST"},{"floor":24.0,"key":"DIG"},{"floor":28.0,"key":"DIG"},{"data":"After Image","floor":32.0,"key":"SMITH"},{"floor":40,"key":"DIG"},{"floor":44,"key":"REST"},{"floor":49,"key":"REST"}],"neow_cost":"NONE","seed_source_timestamp":0,"circlet_count":0,"master_deck":["AscendersBane","Defend_G","Defend_G","Defend_G","Defend_G","Survivor","Neutralize","Dagger Spray","Backstab","Noxious Fumes+1","Dagger Spray","Dodge and Roll","Dash","Escape Plan","Escape Plan","PiercingWail","Cloak And Dagger","After Image+1","Deadly Poison","Escape Plan+1","Footwork","PiercingWail","Noxious Fumes","Prepared","Die Die Die","Calculated Gamble","Cloak And Dagger","Caltrops","Malaise","Bouncing Flask+1","Leg Sweep+1","Heel Hook+1","PiercingWail","Apotheosis","Blur","Deflect","Dodge and Roll","Catalyst","Adrenaline"],"special_seed":0,"relics":["Ring of the Snake","NeowsBlessing","StoneCalendar","Bottled Tornado","Shovel","Sozu","Lee\u0027s Waffle","Art of War","Tough Bandages","The Courier","WingedGreaves","Snake Skull","Oddly Smooth Stone","Anchor","Astrolabe","Potion Belt","Happy Flower","Meat on the Bone","Prayer Wheel","Du-Vu Doll"],"potions_floor_usage":[],"damage_taken":[{"damage":0.0,"enemies":"Jaw Worm","floor":1.0,"turns":1.0},{"damage":0.0,"enemies":"Small Slimes","floor":2.0,"turns":2.0},{"damage":0.0,"enemies":"2 Louse","floor":3.0,"turns":1.0},{"damage":17.0,"enemies":"Large Slime","floor":4.0,"turns":6.0},{"damage":19.0,"enemies":"3 Sentries","floor":6.0,"turns":7.0},{"damage":1.0,"enemies":"Looter","floor":8.0,"turns":4.0},{"damage":2.0,"enemies":"Exordium Thugs","floor":11.0,"turns":4.0},{"damage":18.0,"enemies":"Gremlin Nob","floor":12.0,"turns":5.0},{"damage":0.0,"enemies":"2 Fungi Beasts","floor":13.0,"turns":2.0},{"damage":2.0,"enemies":"3 Louse","floor":14.0,"turns":3.0},{"damage":27.0,"enemies":"Slime Boss","floor":16.0,"turns":7.0},{"damage":6.0,"enemies":"Spheric Guardian","floor":18.0,"turns":6.0},{"damage":11.0,"enemies":"3 Byrds","floor":19.0,"turns":5.0},{"damage":4.0,"enemies":"Sentry and Sphere","floor":21.0,"turns":6.0},{"damage":8.0,"enemies":"Book of Stabbing","floor":23.0,"turns":7.0},{"damage":13.0,"enemies":"Slavers","floor":25.0,"turns":6.0},{"damage":11.0,"enemies":"Snecko","floor":27.0,"turns":6.0},{"damage":29.0,"enemies":"Automaton","floor":33.0,"turns":11.0},{"damage":0,"enemies":"3 Shapes","floor":35,"turns":4},{"damage":6,"enemies":"3 Darklings","floor":37,"turns":6},{"damage":14,"enemies":"Spire Growth","floor":41,"turns":7},{"damage":27,"enemies":"Nemesis","floor":42,"turns":7},{"damage":0,"enemies":"Sphere and 2 Shapes","floor":45,"turns":6},{"damage":1,"enemies":"Mind Bloom Boss Battle","floor":47,"turns":7},{"damage":7,"enemies":"Giant Head","floor":48,"turns":10},{"damage":38,"enemies":"Awakened One","floor":50,"turns":16}],"seed_played":"-2991511676703295454","potions_obtained":[{"floor":2.0,"key":"SkillPotion"},{"floor":3.0,"key":"FairyPotion"},{"floor":4.0,"key":"Fire Potion"},{"floor":12.0,"key":"PowerPotion"}],"is_trial":false,"path_per_floor":["M","M","M","M","?","E","R","M","T","R","M","E","M","M","R","B",null,"M","M","$","M","?","E","R","E","T","M","R","T","$","?","R","B",null,"M","?","M","$","?","R","M","E","T","R","M","$","?","E","R","B",null],"character_chosen":"THE_SILENT","items_purchased":["Footwork","PiercingWail","Lee\u0027s Waffle","Cloak And Dagger","Caltrops","Apotheosis","Catalyst"],"campfire_rested":4,"item_purchase_floors":[20,20,20,30,30,38,46],"current_hp_per_floor":[59,59,59,42,35,16,16,15,15,34,32,14,14,12,31,4,51,45,34,73,69,69,61,61,48,48,37,37,37,37,61,61,32,63,63,63,57,57,57,57,43,16,16,37,37,37,48,41,62,36],"gold":147,"neow_bonus":"THREE_ENEMY_KILL","is_prod":false,"is_daily":false,"chose_seed":false,"campfire_upgraded":2,"win_rate":0,"timestamp":1546995642,"path_taken":["M","M","M","M","?","E","R","M","T","R","M","E","M","M","R","BOSS","M","M","$","M","?","E","R","E","T","M","R","?","?","?","R","BOSS","M","?","M","$","?","R","?","E","T","R","M","$","?","E","R","BOSS"],"build_version":"2019-01-03v4","purchased_purges":2,"victory":true,"max_hp_per_floor":[66,66,66,66,66,66,66,66,66,66,66,66,66,66,66,66,66,66,66,73,73,73,73,73,73,73,73,73,73,73,73,73,73,73,73,73,73,73,73,73,73,73,73,73,73,73,73,73,73,73],"card_choices":[{"not_picked":["Prepared","All Out Attack"],"picked":"Dagger Spray","floor":1.0},{"not_picked":["Dodge and Roll","Well Laid Plans"],"picked":"Backstab","floor":2.0},{"not_picked":["Infinite Blades","Leg Sweep"],"picked":"Noxious Fumes","floor":3.0},{"not_picked":["Slice","Quick Slash"],"picked":"Dagger Spray","floor":4.0},{"not_picked":["Slice","Night Terror"],"picked":"Dodge and Roll","floor":6.0},{"not_picked":["PiercingWail","Poisoned Stab"],"picked":"Dash","floor":8.0},{"not_picked":["Concentrate","Reflex"],"picked":"Escape Plan","floor":11.0},{"not_picked":["Underhanded Strike","Flechettes"],"picked":"Escape Plan","floor":12.0},{"not_picked":["Predator","Sucker Punch"],"picked":"PiercingWail","floor":13.0},{"not_picked":["Backflip","Dagger Throw"],"picked":"Cloak And Dagger","floor":14.0},{"not_picked":["Doppelganger","Envenom"],"picked":"After Image","floor":16.0},{"not_picked":["Outmaneuver","Acrobatics"],"picked":"Deadly Poison","floor":18.0},{"not_picked":["Caltrops","All Out Attack"],"picked":"Escape Plan+1","floor":19.0},{"not_picked":["Underhanded Strike","Accuracy"],"picked":"Noxious Fumes","floor":21.0},{"not_picked":["Storm of Steel","Dagger Spray"],"picked":"Prepared","floor":23.0},{"not_picked":["Concentrate","Heel Hook"],"picked":"Die Die Die","floor":25.0},{"not_picked":["Infinite Blades","Sucker Punch"],"picked":"Calculated Gamble","floor":27.0},{"not_picked":["Glass Knife","Tools of the Trade"],"picked":"Malaise","floor":33.0},{"not_picked":["Outmaneuver+1","Slice","Flying Knee"],"picked":"SKIP","floor":35},{"not_picked":["Backflip","Acrobatics"],"picked":"PiercingWail","floor":37},{"not_picked":["Poisoned Stab","Catalyst"],"picked":"Blur","floor":41},{"not_picked":["Flying Knee+1","Heel Hook+1"],"picked":"Deflect","floor":42},{"not_picked":["Prepared+1","Tactician+1"],"picked":"Dodge and Roll","floor":45},{"not_picked":["Dagger Spray","Slice+1"],"picked":"Adrenaline","floor":48}],"player_experience":491489,"relics_obtained":[{"floor":6.0,"key":"StoneCalendar"},{"floor":9.0,"key":"Bottled Tornado"},{"floor":12.0,"key":"Shovel"},{"floor":23.0,"key":"Tough Bandages"},{"floor":24.0,"key":"The Courier"},{"floor":25.0,"key":"WingedGreaves"},{"floor":26.0,"key":"Snake Skull"},{"floor":28.0,"key":"Oddly Smooth Stone"},{"floor":29.0,"key":"Anchor"},{"floor":40,"key":"Potion Belt"},{"floor":42,"key":"Happy Flower"},{"floor":43,"key":"Meat on the Bone"},{"floor":47,"key":"Prayer Wheel"},{"floor":48,"key":"Du-Vu Doll"}],"event_choices":[{"cards_removed":["Strike_G"],"damage_healed":0.0,"max_hp_gain":0.0,"max_hp_loss":0.0,"gold_gain":0.0,"event_name":"Golden Wing","player_choice":"Card Removal","floor":5.0,"gold_loss":0.0,"damage_taken":7.0},{"damage_healed":0.0,"max_hp_gain":0.0,"max_hp_loss":0.0,"gold_gain":0.0,"event_name":"The Mausoleum","player_choice":"Opened","floor":22.0,"gold_loss":0.0,"damage_taken":0.0,"relics_obtained":["Art of War"]},{"damage_healed":24.0,"max_hp_gain":0.0,"max_hp_loss":0.0,"gold_gain":0.0,"event_name":"The Library","player_choice":"Heal","floor":31.0,"gold_loss":0.0,"damage_taken":0.0},{"damage_healed":0,"gold_gain":0,"player_choice":"Ignored","damage_taken":0,"max_hp_gain":0,"max_hp_loss":0,"event_name":"Tomb of Lord Red Mask","floor":36,"gold_loss":0},{"damage_healed":0,"gold_gain":0,"player_choice":"Ignored","damage_taken":0,"max_hp_gain":0,"max_hp_loss":0,"event_name":"Mysterious Sphere","floor":39,"gold_loss":0},{"damage_healed":0,"gold_gain":0,"player_choice":"Fight","damage_taken":0,"max_hp_gain":0,"max_hp_loss":0,"event_name":"MindBloom","floor":47,"gold_loss":0}],"is_beta":false,"boss_relics":[{"not_picked":["WristBlade","Fusion Hammer"],"picked":"Sozu"},{"not_picked":["Coffee Dripper","Calling Bell"],"picked":"Astrolabe"}],"items_purged_floors":[20,30],"is_endless":false,"potions_floor_spawned":[2,3,4,12,14,18,23,25,35,37,42,45,48],"ascension_level":14}