{"gold_per_floor":[115,135,135,310,310,310,150,150,150,173,186,219,80,110,110,110],"floor_reached":16,"playtime":377,"items_purged":["Clumsy","Defend_R"],"score":197,"play_id":"3e345cd2-9169-4e19-a7f0-d93c71248ac3","local_time":"20190320020748","is_ascension_mode":true,"campfire_choices":[{"data":"Immolate","floor":6,"key":"SMITH"},{"data":"True Grit","floor":8,"key":"SMITH"},{"data":"Disarm","floor":15,"key":"SMITH"}],"neow_cost":"CURSE","seed_source_timestamp":513234511386065,"circlet_count":0,"master_deck":["AscendersBane","Strike_R","Strike_R","Strike_R","Strike_R","Strike_R","Defend_R","Defend_R","Defend_R","Bash","Immolate+1","Flex","Iron Wave","Rampage","True Grit+1","Battle Trance","Disarm+1"],"relics":["Burning Blood","Omamori","Golden Idol","Letter Opener","Juzu Bracelet","Blood Vial"],"potions_floor_usage":[10,12],"damage_taken":[{"damage":1,"enemies":"Cultist","floor":1,"turns":3},{"damage":9,"enemies":"2 Louse","floor":2,"turns":3},{"damage":0,"enemies":"Jaw Worm","floor":10,"turns":1},{"damage":14,"enemies":"Large Slime","floor":11,"turns":4},{"damage":0,"enemies":"3 Sentries","floor":12,"turns":2},{"damage":72,"enemies":"Slime Boss","floor":16,"turns":10}],"seed_played":"-6964093338659330612","potions_obtained":[{"floor":1,"key":"Energy Potion"},{"floor":11,"key":"SkillPotion"}],"is_trial":false,"path_per_floor":["M","M","?","?","?","R","$","R","T","M","M","E","$","?","R","B"],"character_chosen":"IRONCLAD","items_purchased":["Rampage","True Grit","Disarm"],"campfire_rested":0,"item_purchase_floors":[7,7,13],"current_hp_per_floor":[77,74,62,62,62,62,62,62,62,68,60,66,66,66,66,0],"gold":110,"neow_bonus":"THREE_RARE_CARDS","is_prod":false,"is_daily":false,"chose_seed":false,"campfire_upgraded":3,"win_rate":0,"timestamp":1553015268,"path_taken":["M","M","?","?","?","R","$","R","T","M","M","E","$","?","R","BOSS"],"build_version":"2019-01-23","purchased_purges":2,"victory":false,"max_hp_per_floor":[80,80,80,80,80,80,80,80,80,80,80,80,80,80,80,80],"card_choices":[{"not_picked":["Dark Embrace","Bludgeon"],"picked":"Immolate","floor":0},{"not_picked":["Pommel Strike","Anger"],"picked":"Flex","floor":1},{"not_picked":["Clothesline","Anger"],"picked":"Iron Wave","floor":2},{"not_picked":["Twin Strike","Sword Boomerang","Havoc"],"picked":"SKIP","floor":10},{"not_picked":["Havoc","Iron Wave","Brutality"],"picked":"SKIP","floor":11},{"not_picked":["Perfected Strike","Cleave"],"picked":"Battle Trance","floor":12}],"player_experience":583852,"relics_obtained":[{"floor":9,"key":"Letter Opener"},{"floor":12,"key":"Juzu Bracelet"}],"event_choices":[{"damage_healed":0,"gold_gain":0,"player_choice":"Success","damage_taken":12,"relics_obtained":["Omamori"],"max_hp_gain":0,"max_hp_loss":0,"event_name":"Scrap Ooze","floor":3,"gold_loss":0},{"damage_healed":0,"gold_gain":175,"player_choice":"AGREE","damage_taken":0,"max_hp_gain":0,"max_hp_loss":0,"event_name":"Liars Game","floor":4,"gold_loss":0,"cards_obtained":["Doubt"]},{"damage_healed":0,"gold_gain":0,"player_choice":"Take Wound","damage_taken":0,"relics_obtained":["Golden Idol"],"max_hp_gain":0,"max_hp_loss":0,"event_name":"Golden Idol","floor":5,"gold_loss":0,"cards_obtained":["Injury"]},{"damage_healed":0,"gold_gain":30,"player_choice":"Searched \u00272\u0027 times","damage_taken":0,"relics_obtained":["Blood Vial"],"max_hp_gain":0,"max_hp_loss":0,"event_name":"Dead Adventurer","floor":14,"gold_loss":0}],"is_beta":false,"boss_relics":[],"items_purged_floors":[7,13],"is_endless":false,"potions_floor_spawned":[1,11],"killed_by":"Slime Boss","ascension_level":12}