{"path_per_floor":["M","$","M","M","?","R","E","R","T","M","$","M","M","E","R","B",null,"M","?","$","M","?","R","E","?","T","E","$","?","M","E","R","B",null,"M","$","?","M","M","E","M","R","T","$","R","E","?","$","R","B"],"character_chosen":"IRONCLAD","items_purchased":["Dropkick"],"gold_per_floor":[118,43,57,69,69,69,102,102,129,143,43,60,76,108,108,213,213,230,320,123,143,143,143,171,171,171,203,53,53,69,95,95,197,197,211,36,36,46,60,121,133,133,133,133,133,160,160,160,160,160],"floor_reached":51,"campfire_rested":0,"playtime":3487,"current_hp_per_floor":[72,72,65,69,69,69,61,61,61,59,59,49,46,39,39,17,72,64,48,48,50,50,50,52,52,52,43,43,43,45,47,47,72,72,72,72,72,66,68,70,66,68,68,68,70,72,72,72,72,35],"items_purged":["Defend_R","Bash","Strike_R","Strike_R","Strike_R"],"gold":160,"score":781,"play_id":"5cdedda1-8b34-42ec-b0c1-7dd2ea0d1b1e","is_prod":false,"is_daily":false,"is_ascension_mode":true,"campfire_upgraded":5,"path_taken":["M","?","M","?","?","R","E","R","T","M","$","M","M","E","R","BOSS","M","?","$","M","?","R","E","?","T","E","$","?","M","E","R","BOSS","M","$","?","?","M","E","M","R","T","?","R","E","?","$","R","BOSS"],"build_version":"2018-02-22-PROD2","purchased_purges":5,"victory":true,"master_deck":["Defend_R","Defend_R","Defend_R","Rampage+1","Bash+1","Headbutt","Offering+1","Dropkick+1","Dual Wield+1","Writhe"],"max_hp_per_floor":[72,72,72,72,72,72,72,72,72,72,72,72,72,72,72,72,72,72,72,72,72,72,72,72,72,72,72,72,72,72,72,72,72,72,72,72,72,72,72,72,72,72,72,72,72,72,72,72,72,72],"relics":["Burning Blood","Pantograph","Omamori","Bag of Marbles","Cursed Key","Dodecahedron","Girya","Shuriken","Bronze Scales","Eternal Feather","Tiny Chest","Magic Flower","Orichalcum"],"card_choices":[{"not_picked":["Armaments","Thunderclap"],"picked":"Rampage"},{"not_picked":["Anger","Body Slam"],"picked":"Offering"}],"player_experience":183155,"potions_floor_usage":[24,27,50,50],"damage_taken":[{"damage":6,"enemies":"Cultist","floor":1,"turns":4},{"damage":13,"enemies":"Jaw Worm","floor":3,"turns":4},{"damage":2,"enemies":"Small Slimes","floor":4,"turns":5},{"damage":14,"enemies":"Gremlin Nob","floor":7,"turns":3},{"damage":8,"enemies":"3 Louse","floor":10,"turns":3},{"damage":16,"enemies":"Large Slime","floor":12,"turns":4},{"damage":9,"enemies":"2 Fungi Beasts","floor":13,"turns":2},{"damage":13,"enemies":"3 Sentries","floor":14,"turns":7},{"damage":53,"enemies":"Hexaghost","floor":16,"turns":7},{"damage":14,"enemies":"3 Byrds","floor":18,"turns":5},{"damage":4,"enemies":"Chosen","floor":21,"turns":2},{"damage":4,"enemies":"Gremlin Leader","floor":24,"turns":4},{"damage":15,"enemies":"Slavers","floor":27,"turns":4},{"damage":4,"enemies":"3 Cultists","floor":30,"turns":1},{"damage":4,"enemies":"Gremlin Leader","floor":31,"turns":1},{"damage":4,"enemies":"Champ","floor":33,"turns":2},{"damage":4,"enemies":"Orb Walker","floor":35,"turns":1},{"damage":12,"enemies":"3 Shapes","floor":38,"turns":2},{"damage":4,"enemies":"Maw","floor":39,"turns":2},{"damage":4,"enemies":"Nemesis","floor":40,"turns":1},{"damage":10,"enemies":"Sphere and 2 Shapes","floor":41,"turns":3},{"damage":4,"enemies":"Giant Head","floor":46,"turns":1},{"damage":46,"enemies":"Time Eater","floor":50,"turns":5}],"event_choices":[{"event_name":"Match and Keep!","player_choice":"2 cards matched","floor":5,"damage_taken":0},{"event_name":"Knowing Skull","player_choice":"GOLD ","floor":19,"damage_taken":0},{"event_name":"The Library","player_choice":"Read","floor":22,"damage_taken":0},{"event_name":"Match and Keep!","player_choice":"0 cards matched","floor":25,"damage_taken":0},{"event_name":"Beggar","player_choice":"Ignored","floor":29,"damage_taken":0},{"event_name":"Tomb of Lord Red Mask","player_choice":"Ignored","floor":37,"damage_taken":0},{"event_name":"Winding Halls","player_choice":"Writhe","floor":47,"damage_taken":0}],"boss_relics":[{"not_picked":["Sozu","Black Blood"],"picked":"Cursed Key"},{"not_picked":["Mark of Pain","Calling Bell"],"picked":"Eternal Feather"}],"potions_floor_spawned":[1,4,10,16,18,30,33,39,41,46],"seed_played":"-3600968206472454923","ascension_level":2,"is_trial":false}