{"gold_per_floor":[118,118,43,43,58,102,102,117,117,142,165,165,203,222,222,318,318,318,318,318,318,318,318,59,59,59,59,59,59,59,59,59,59,59,59,59,59,59,59,59,59,59,59,59],"floor_reached":44,"playtime":6763,"items_purged":["Defend_G","Defend_G"],"score":986,"play_id":"16ccfe30-fa70-4944-a335-5c16a9e4e193","local_time":"20190125205142","is_ascension_mode":true,"campfire_choices":[{"data":"Neutralize","floor":7,"key":"SMITH"},{"data":"Blur","floor":12,"key":"SMITH"},{"floor":15,"key":"REST"},{"floor":23,"key":"REST"},{"data":"Accuracy","floor":28,"key":"SMITH"},{"data":"Noxious Fumes","floor":32,"key":"SMITH"},{"data":"A Thousand Cuts","floor":40,"key":"SMITH"},{"data":"Catalyst","floor":42,"key":"SMITH"}],"neow_cost":"NONE","seed_source_timestamp":331552180668878,"circlet_count":0,"master_deck":["AscendersBane","Defend_G","Defend_G","Defend_G","Survivor","Neutralize+1","PiercingWail","Blur+1","Cloak And Dagger","Cloak And Dagger","Backflip","Dagger Spray","Malaise","Dash","Die Die Die","Noxious Fumes+1","RitualDagger","Leg Sweep","Bite","Bite","Bite","Bite","Bite","Accuracy+1","Blur","Die Die Die+1","Slice+1","A Thousand Cuts+1","Well Laid Plans","Catalyst+1"],"relics":["Ring of the Snake","NeowsBlessing","Golden Idol","Ninja Scroll","Darkstone Periapt","Bottled Lightning","Ectoplasm","MutagenicStrength","Bag of Preparation","Molten Egg 2","Kunai","Coffee Dripper","Dead Branch","Regal Pillow"],"potions_floor_usage":[13,16,16,44],"damage_taken":[{"damage":0,"enemies":"2 Louse","floor":1,"turns":1},{"damage":0,"enemies":"Jaw Worm","floor":5,"turns":1},{"damage":0,"enemies":"Lagavulin","floor":6,"turns":1},{"damage":0,"enemies":"Small Slimes","floor":8,"turns":4},{"damage":3,"enemies":"Looter","floor":10,"turns":4},{"damage":6,"enemies":"Exordium Thugs","floor":11,"turns":4},{"damage":42,"enemies":"Gremlin Nob","floor":13,"turns":5},{"damage":0,"enemies":"Blue Slaver","floor":14,"turns":6},{"damage":25,"enemies":"The Guardian","floor":16,"turns":21},{"damage":15,"enemies":"Chosen","floor":18,"turns":7},{"damage":0,"enemies":"3 Byrds","floor":21,"turns":3},{"damage":41,"enemies":"Gremlin Leader","floor":25,"turns":10},{"damage":7,"enemies":"Centurion and Healer","floor":27,"turns":14},{"damage":0,"enemies":"Slavers","floor":31,"turns":6},{"damage":34,"enemies":"Automaton","floor":33,"turns":15},{"damage":6,"enemies":"3 Shapes","floor":35,"turns":8},{"damage":0,"enemies":"Mind Bloom Boss Battle","floor":36,"turns":8},{"damage":0,"enemies":"Orb Walker","floor":38,"turns":3},{"damage":36,"enemies":"4 Shapes","floor":39,"turns":8},{"damage":2,"enemies":"Jaw Worm Horde","floor":41,"turns":3},{"damage":29,"enemies":"Nemesis","floor":44,"turns":4}],"seed_played":"-4360355458614172568","potions_obtained":[{"floor":5,"key":"Explosive Potion"},{"floor":6,"key":"Explosive Potion"},{"floor":11,"key":"Weak Potion"},{"floor":14,"key":"Strength Potion"},{"floor":18,"key":"SmokeBomb"},{"floor":25,"key":"Swift Potion"},{"floor":27,"key":"Weak Potion"}],"is_trial":false,"path_per_floor":["M","?","$","?","M","E","R","M","T","M","M","R","E","M","R","B",null,"M","?","?","M","?","R","$","E","T","M","R","?","$","E","R","B",null,"M","?","?","M","M","R","M","R","T","E"],"character_chosen":"THE_SILENT","items_purchased":["Accuracy","Blur"],"campfire_rested":2,"item_purchase_floors":[24,24],"current_hp_per_floor":[59,59,59,59,59,59,59,59,59,56,50,50,8,8,26,1,45,30,30,24,24,24,36,36,13,13,40,40,40,40,42,42,32,40,38,42,42,42,16,16,16,16,16,0],"gold":59,"neow_bonus":"THREE_ENEMY_KILL","is_prod":false,"is_daily":false,"chose_seed":false,"campfire_upgraded":6,"win_rate":0,"timestamp":1548445902,"path_taken":["M","?","$","?","M","E","R","M","T","M","M","R","E","M","R","BOSS","M","?","?","M","?","R","$","E","T","M","R","?","?","E","R","BOSS","M","?","?","M","?","R","M","R","T","E"],"build_version":"2019-01-23","purchased_purges":2,"victory":false,"max_hp_per_floor":[66,66,66,60,60,60,60,60,60,60,60,60,60,60,60,60,60,60,60,60,60,42,42,42,42,42,42,42,42,42,42,42,42,42,42,42,42,42,42,42,42,42,42,42],"card_choices":[{"not_picked":["Underhanded Strike","Choke"],"picked":"PiercingWail","floor":1},{"not_picked":["Well Laid Plans","Blade Dance"],"picked":"Cloak And Dagger","floor":5},{"not_picked":["Poisoned Stab","Dodge and Roll"],"picked":"Cloak And Dagger","floor":6},{"not_picked":["Prepared","Slice"],"picked":"Backflip","floor":8},{"not_picked":["Flying Knee","Tactician"],"picked":"Dagger Spray","floor":10},{"not_picked":["Skewer","Bane","Eviscerate"],"picked":"SKIP","floor":11},{"not_picked":["Well Laid Plans","PiercingWail"],"picked":"Malaise","floor":13},{"not_picked":["Acrobatics","Blade Dance"],"picked":"Dash","floor":14},{"not_picked":["Unload","Glass Knife"],"picked":"Die Die Die","floor":16},{"not_picked":["Poisoned Stab","Predator+1"],"picked":"Noxious Fumes","floor":18},{"not_picked":["Underhanded Strike","Dagger Throw+1"],"picked":"Leg Sweep","floor":21},{"not_picked":["Slice","Concentrate+1","Quick Slash"],"picked":"SKIP","floor":25},{"not_picked":["Deadly Poison","Tactician","Underhanded Strike+1"],"picked":"SKIP","floor":27},{"not_picked":["Flying Knee+1","Flechettes+1"],"picked":"Slice+1","floor":31},{"not_picked":["Venomology","Die Die Die+1"],"picked":"A Thousand Cuts","floor":33},{"not_picked":["Sucker Punch+1","Underhanded Strike+1","Choke+1"],"picked":"SKIP","floor":35},{"not_picked":["Dagger Spray+1","Calculated Gamble+1"],"picked":"Well Laid Plans","floor":38},{"not_picked":["Outmaneuver","Poisoned Stab+1","Acrobatics"],"picked":"SKIP","floor":39},{"not_picked":["Predator+1","Acrobatics"],"picked":"Catalyst","floor":41}],"player_experience":549263,"relics_obtained":[{"floor":6,"key":"Ninja Scroll"},{"floor":9,"key":"Darkstone Periapt"},{"floor":13,"key":"Bottled Lightning"},{"floor":25,"key":"Bag of Preparation"},{"floor":26,"key":"Molten Egg 2"},{"floor":31,"key":"Kunai"},{"floor":36,"key":"Dead Branch"},{"floor":43,"key":"Regal Pillow"}],"event_choices":[{"damage_healed":0,"gold_gain":0,"cards_transformed":["Strike_G"],"player_choice":"Change","damage_taken":0,"max_hp_gain":0,"max_hp_loss":0,"event_name":"Living Wall","floor":2,"gold_loss":0,"cards_obtained":["Blur"]},{"damage_healed":0,"gold_gain":0,"player_choice":"Lose Max HP","damage_taken":0,"relics_obtained":["Golden Idol"],"max_hp_gain":0,"max_hp_loss":6,"event_name":"Golden Idol","floor":4,"gold_loss":0},{"damage_healed":0,"gold_gain":0,"player_choice":"Inject Mutagens","damage_taken":0,"relics_obtained":["MutagenicStrength"],"max_hp_gain":0,"max_hp_loss":0,"event_name":"Drug Dealer","floor":19,"gold_loss":0},{"damage_healed":0,"gold_gain":0,"player_choice":"Joined the Cult","damage_taken":6,"max_hp_gain":0,"max_hp_loss":0,"event_name":"Nest","floor":20,"gold_loss":0,"cards_obtained":["RitualDagger"]},{"damage_healed":0,"gold_gain":0,"player_choice":"Became a vampire","damage_taken":0,"max_hp_gain":0,"max_hp_loss":18,"event_name":"Vampires","floor":22,"gold_loss":0,"cards_obtained":["Bite","Bite","Bite","Bite","Bite"]},{"damage_healed":0,"gold_gain":0,"player_choice":"Read","damage_taken":0,"max_hp_gain":0,"max_hp_loss":0,"event_name":"The Library","floor":29,"gold_loss":0,"cards_obtained":["Die Die Die"]},{"damage_healed":0,"gold_gain":0,"player_choice":"Fight","damage_taken":0,"max_hp_gain":0,"max_hp_loss":0,"event_name":"MindBloom","floor":36,"gold_loss":0},{"damage_healed":0,"gold_gain":0,"player_choice":"Got Potions","damage_taken":0,"max_hp_gain":0,"max_hp_loss":0,"event_name":"Lab","floor":37,"gold_loss":0}],"is_beta":false,"boss_relics":[{"not_picked":["Runic Pyramid","Eternal Feather"],"picked":"Ectoplasm"},{"not_picked":["HoveringKite","Pandora\u0027s Box"],"picked":"Coffee Dripper"}],"items_purged_floors":[3,24],"is_endless":false,"potions_floor_spawned":[5,6,11,14,18,25,27,33,36,41],"killed_by":"Nemesis","ascension_level":18}