{"gold_per_floor":[111,111,131,56,56,56,97,97,97,97,161,181,195,213,213,307,307,307,307,307,307,307,307,307,307,307,307,197,197],"floor_reached":29,"playtime":1733,"items_purged":["Pain"],"score":411,"play_id":"d99ff592-ca3a-4223-b450-7fc33e39d355","local_time":"20190110214123","is_ascension_mode":true,"campfire_choices":[{"data":"Cloak And Dagger","floor":6,"key":"SMITH"},{"floor":8,"key":"REST"},{"data":"Caltrops","floor":10,"key":"SMITH"},{"floor":15,"key":"REST"},{"floor":23,"key":"REST"},{"data":"Footwork","floor":25,"key":"SMITH"},{"floor":27,"key":"REST"}],"neow_cost":"CURSE","seed_source_timestamp":89601378702072,"circlet_count":0,"master_deck":["AscendersBane","Defend_G","Defend_G","Defend_G","Defend_G","Defend_G","Strike_G+1","Strike_G","Strike_G","Strike_G+1","Survivor+1","Neutralize+1","Caltrops","Cloak And Dagger+1","Caltrops+1","Backflip","PiercingWail","PiercingWail","Envenom","Terror","Cloak And Dagger","Footwork+1","Backflip","Venomology"],"relics":["Ring of the Snake","Unceasing Top","Golden Idol","Bronze Scales","Bottled Lightning","Tiny Chest","Ectoplasm","Ornamental Fan","Whetstone"],"potions_floor_usage":[11,16,20,21,24],"damage_taken":[{"damage":6,"enemies":"Small Slimes","floor":1,"turns":5},{"damage":1,"enemies":"2 Louse","floor":3,"turns":4},{"damage":32,"enemies":"3 Sentries","floor":7,"turns":10},{"damage":21,"enemies":"Lagavulin","floor":11,"turns":7},{"damage":4,"enemies":"Cultist","floor":12,"turns":4},{"damage":8,"enemies":"Red Slaver","floor":13,"turns":5},{"damage":3,"enemies":"Looter","floor":14,"turns":4},{"damage":1,"enemies":"Hexaghost","floor":16,"turns":9},{"damage":0,"enemies":"Shell Parasite","floor":18,"turns":8},{"damage":7,"enemies":"Chosen","floor":20,"turns":5},{"damage":12,"enemies":"Snake Plant","floor":21,"turns":4},{"damage":4,"enemies":"Centurion and Healer","floor":22,"turns":13},{"damage":17,"enemies":"Snecko","floor":24,"turns":7},{"damage":46,"enemies":"Slavers","floor":29,"turns":6}],"seed_played":"-3776821854648452082","potions_obtained":[{"floor":3,"key":"FearPotion"},{"floor":12,"key":"Block Potion"},{"floor":13,"key":"Poison Potion"},{"floor":20,"key":"SteroidPotion"},{"floor":22,"key":"PowerPotion"},{"floor":24,"key":"SpeedPotion"}],"is_trial":false,"path_per_floor":["M","?","M","$","?","R","E","R","T","R","E","M","M","M","R","B",null,"M","T","M","M","M","R","M","R","T","R","?","E"],"character_chosen":"THE_SILENT","items_purchased":[],"campfire_rested":4,"item_purchase_floors":[],"current_hp_per_floor":[53,53,52,52,52,52,20,38,38,38,17,13,5,2,20,19,50,50,50,43,31,27,45,28,28,28,46,46,0],"gold":197,"neow_bonus":"ONE_RARE_RELIC","is_prod":false,"is_daily":false,"chose_seed":false,"campfire_upgraded":3,"win_rate":0,"timestamp":1547152883,"path_taken":["M","?","M","$","?","R","E","R","T","R","E","M","M","M","R","BOSS","M","?","M","?","M","R","M","R","T","R","?","E"],"build_version":"2019-01-03v4","purchased_purges":1,"victory":false,"max_hp_per_floor":[66,60,60,60,60,60,60,60,60,60,60,60,60,60,60,60,60,60,60,60,60,60,60,60,60,60,60,60,60],"card_choices":[{"not_picked":["Blade Dance","Flying Knee"],"picked":"Caltrops","floor":1},{"not_picked":["Underhanded Strike","Slice"],"picked":"Cloak And Dagger","floor":3},{"not_picked":["Accuracy","Escape Plan"],"picked":"Caltrops","floor":7},{"not_picked":["Sucker Punch","All Out Attack","Finisher"],"picked":"SKIP","floor":11},{"not_picked":["Acrobatics","Concentrate"],"picked":"Backflip","floor":12},{"not_picked":["Quick Slash","Setup"],"picked":"PiercingWail","floor":13},{"not_picked":["Flying Knee","Blade Dance"],"picked":"PiercingWail","floor":14},{"not_picked":["Tools of the Trade","Venomology"],"picked":"Envenom","floor":16},{"not_picked":["Quick Slash","Backflip"],"picked":"Terror","floor":18},{"not_picked":["Dodge and Roll","Poisoned Stab"],"picked":"Cloak And Dagger","floor":20},{"not_picked":["Poisoned Stab","Cloak And Dagger"],"picked":"Footwork","floor":21},{"not_picked":["Deflect","Dagger Spray"],"picked":"Backflip","floor":22},{"not_picked":["Dagger Throw","Quick Slash"],"picked":"Venomology","floor":24}],"player_experience":510253,"relics_obtained":[{"floor":7,"key":"Bronze Scales"},{"floor":9,"key":"Bottled Lightning"},{"floor":11,"key":"Tiny Chest"},{"floor":19,"key":"Ornamental Fan"},{"floor":26,"key":"Whetstone"}],"event_choices":[{"damage_healed":0,"gold_gain":0,"player_choice":"Lose Max HP","damage_taken":0,"relics_obtained":["Golden Idol"],"max_hp_gain":0,"max_hp_loss":6,"event_name":"Golden Idol","floor":2,"gold_loss":0},{"damage_healed":0,"gold_gain":0,"player_choice":"Forge","damage_taken":0,"max_hp_gain":0,"max_hp_loss":0,"event_name":"Accursed Blacksmith","floor":5,"gold_loss":0,"cards_upgraded":["Neutralize"]},{"cards_removed":["Strike_G"],"damage_healed":0,"gold_gain":0,"player_choice":"Upgrade and Remove","damage_taken":0,"max_hp_gain":0,"max_hp_loss":0,"event_name":"Designer","floor":28,"gold_loss":110,"cards_upgraded":["Survivor"]}],"is_beta":false,"boss_relics":[{"not_picked":["Coffee Dripper","Busted Crown"],"picked":"Ectoplasm"}],"items_purged_floors":[4],"is_endless":false,"potions_floor_spawned":[3,12,13,20,22,24],"killed_by":"Slavers","ascension_level":15}