{"gold_per_floor":[117,117,128,58,2,2,34,34,34,48,67,67,78,88,88,165,165,180,180,180,197,197,197,217,217,241,166,184,199,199,210,210,281,281,300,311,60,160,174,174,174,49,49,103,130,130,130],"floor_reached":47,"playtime":2269,"items_purged":["Decay","Bash","Strike_R+1"],"score":726,"play_id":"9622d700-c490-4fb0-9e8e-3a3f4b240c35","local_time":"20190325031206","is_ascension_mode":true,"campfire_choices":[{"data":"True Grit","floor":6.0,"key":"SMITH"},{"floor":8.0,"key":"REST"},{"floor":15.0,"key":"REST"},{"data":"Dark Embrace","floor":23.0,"key":"SMITH"},{"data":"Armaments","floor":25.0,"key":"SMITH"},{"data":"Uppercut","floor":30,"key":"SMITH"},{"floor":32,"key":"REST"},{"data":"Demon Form","floor":40,"key":"SMITH"}],"neow_cost":"NONE","seed_source_timestamp":0,"circlet_count":0,"master_deck":["AscendersBane","Strike_R+1","Strike_R+1","Strike_R+1","Defend_R+1","Defend_R+1","Forethought","True Grit+1","Battle Trance","Inflame","Shockwave","Armaments+1","Iron Wave","Dropkick","Shrug It Off+1","Dark Embrace+1","Reaper","Spot Weakness","Shrug It Off","Immolate","Burning Pact","True Grit+1","Thunderclap","Uppercut+1","Disarm","Demon Form+1","Offering+1","Exhume","Dropkick","Madness","Madness","Shame","Normality"],"special_seed":0,"relics":["Burning Blood","Question Card","Dream Catcher","FossilizedHelix","Shuriken","Cursed Key","Boot","Philosopher\u0027s Stone","War Paint","Shovel","Kunai","Girya","Oddly Smooth Stone"],"potions_floor_usage":[29,31,33,36],"damage_taken":[{"damage":6.0,"enemies":"Cultist","floor":1.0,"turns":3.0},{"damage":8.0,"enemies":"2 Louse","floor":3.0,"turns":4.0},{"damage":62.0,"enemies":"3 Sentries","floor":7.0,"turns":12.0},{"damage":0.0,"enemies":"Small Slimes","floor":10.0,"turns":4.0},{"damage":3.0,"enemies":"2 Fungi Beasts","floor":11.0,"turns":6.0},{"damage":15.0,"enemies":"3 Louse","floor":13.0,"turns":4.0},{"damage":19.0,"enemies":"Lots of Slimes","floor":14.0,"turns":5.0},{"damage":18.0,"enemies":"Slime Boss","floor":16.0,"turns":13.0},{"damage":9.0,"enemies":"Shell Parasite","floor":18.0,"turns":5.0},{"damage":27.0,"enemies":"Chosen","floor":21.0,"turns":6.0},{"damage":22.0,"enemies":"Shelled Parasite and Fungi","floor":24.0,"turns":5.0},{"damage":17.0,"enemies":"Snake Plant","floor":28.0,"turns":5.0},{"damage":10,"enemies":"Centurion and Healer","floor":29,"turns":7},{"damage":19,"enemies":"Sentry and Sphere","floor":31,"turns":6},{"damage":60,"enemies":"Champ","floor":33,"turns":11},{"damage":28,"enemies":"Orb Walker","floor":35,"turns":4},{"damage":11,"enemies":"3 Shapes","floor":36,"turns":5},{"damage":17,"enemies":"Mind Bloom Boss Battle","floor":38,"turns":6},{"damage":6,"enemies":"3 Darklings","floor":39,"turns":4},{"damage":52,"enemies":"2 Orb Walkers","floor":44,"turns":5},{"damage":60,"enemies":"Reptomancer","floor":47,"turns":2}],"seed_played":"7338114647070621399","potions_obtained":[{"floor":10.0,"key":"BloodPotion"},{"floor":11.0,"key":"Fruit Juice"},{"floor":14.0,"key":"FairyPotion"},{"floor":24.0,"key":"Block Potion"},{"floor":29,"key":"EssenceOfSteel"},{"floor":31,"key":"Strength Potion"},{"floor":35,"key":"Explosive Potion"}],"is_trial":false,"path_per_floor":["M","T","M","$","?","R","E","R","T","M","M","?","M","M","R","B",null,"M","?","?","M","?","R","M","R","T","$","M","M","R","M","R","B",null,"M","M","$","?","M","R","?","$","T","?","T","$","E"],"character_chosen":"IRONCLAD","items_purchased":["Inflame","War Paint"],"campfire_rested":3,"item_purchase_floors":[4,37],"current_hp_per_floor":[72,72,70,70,70,70,14,38,38,44,60,53,44,31,56,44,75,72,72,72,51,51,51,35,35,35,35,24,44,44,31,56,14,67,45,52,52,71,85,85,74,74,74,46,46,46,0],"gold":130,"neow_bonus":"RANDOM_COLORLESS","is_prod":false,"is_daily":false,"chose_seed":false,"campfire_upgraded":5,"win_rate":0,"timestamp":1553451126,"path_taken":["M","?","?","?","?","R","E","R","T","M","?","?","M","M","R","BOSS","M","?","?","M","?","R","?","R","T","$","M","M","R","?","R","BOSS","M","M","$","?","M","R","?","$","T","?","?","?","E"],"build_version":"2019-01-23","purchased_purges":3,"victory":false,"max_hp_per_floor":[80,80,80,80,80,80,80,80,80,80,85,85,85,85,85,85,85,85,85,85,85,85,85,85,85,85,85,85,85,85,85,85,85,85,85,85,85,85,85,85,85,85,85,85,85,85,85],"card_choices":[{"not_picked":["Havoc","Second Wind"],"picked":"True Grit","floor":1.0},{"not_picked":["True Grit","Reckless Charge","Flex"],"picked":"Battle Trance","floor":3.0},{"not_picked":["Corruption","Body Slam","Dual Wield"],"picked":"Shockwave","floor":7.0},{"not_picked":["Twin Strike","Perfected Strike","Pommel Strike"],"picked":"Armaments","floor":8.0},{"not_picked":["Rage","Entrench","Battle Trance"],"picked":"Iron Wave","floor":10.0},{"not_picked":["Warcry","Feel No Pain","Perfected Strike"],"picked":"Dropkick","floor":11.0},{"not_picked":["Entrench","Anger","Clothesline"],"picked":"Shrug It Off","floor":13.0},{"not_picked":["Clash","Anger","Warcry","Armaments"],"picked":"SKIP","floor":14.0},{"not_picked":["Sword Boomerang","Clothesline","Hemokinesis"],"picked":"Dark Embrace","floor":15.0},{"not_picked":["Brutality","Double Tap","Limit Break"],"picked":"Reaper","floor":16.0},{"not_picked":["Power Through","Perfected Strike","Anger"],"picked":"Spot Weakness","floor":18.0},{"not_picked":["Spot Weakness","True Grit","Hemokinesis"],"picked":"Burning Pact","floor":21.0},{"not_picked":["Clothesline","Shrug It Off","Barricade"],"picked":"Thunderclap","floor":24.0},{"not_picked":["Twin Strike","Body Slam","Iron Wave"],"picked":"Uppercut","floor":28},{"not_picked":["Flex","Power Through","Heavy Blade+1"],"picked":"Disarm","floor":29},{"not_picked":["Twin Strike","True Grit","Headbutt+1","Iron Wave"],"picked":"SKIP","floor":31},{"not_picked":["Thunderclap","Anger","Ghostly Armor"],"picked":"Demon Form","floor":32},{"not_picked":["Demon Form","Berserk","Feed"],"picked":"Offering","floor":33},{"not_picked":["Shrug It Off","Anger","Armaments","Heavy Blade"],"picked":"SKIP","floor":35},{"not_picked":["True Grit","Iron Wave","Flex"],"picked":"Exhume","floor":36},{"not_picked":["Blood for Blood","Shrug It Off","Flex"],"picked":"Dropkick","floor":38},{"not_picked":["Clothesline","Clash+1","True Grit","Reckless Charge"],"picked":"SKIP","floor":39}],"player_experience":607056,"relics_obtained":[{"floor":2.0,"key":"Question Card"},{"floor":7.0,"key":"FossilizedHelix"},{"floor":9.0,"key":"Shuriken"},{"floor":26.0,"key":"Boot"},{"floor":38,"key":"Shovel"},{"floor":43,"key":"Kunai"},{"floor":44,"key":"Girya"},{"floor":45,"key":"Oddly Smooth Stone"}],"event_choices":[{"damage_healed":0.0,"max_hp_gain":0.0,"max_hp_loss":0.0,"gold_gain":0.0,"event_name":"WeMeetAgain","player_choice":"Paid Gold","floor":5.0,"gold_loss":56.0,"damage_taken":0.0,"relics_obtained":["Dream Catcher"]},{"cards_removed":["Defend_R"],"damage_healed":0.0,"max_hp_gain":0.0,"max_hp_loss":0.0,"gold_gain":0.0,"event_name":"Golden Wing","player_choice":"Card Removal","floor":12.0,"gold_loss":0.0,"damage_taken":7.0},{"damage_healed":0.0,"max_hp_gain":0.0,"max_hp_loss":0.0,"gold_gain":0.0,"cards_transformed":["Strike_R","Defend_R"],"event_name":"Drug Dealer","player_choice":"Became Test Subject","floor":19.0,"gold_loss":0.0,"damage_taken":0.0,"cards_obtained":["Shrug It Off","Immolate"]},{"damage_healed":0.0,"max_hp_gain":0.0,"max_hp_loss":0.0,"gold_gain":0.0,"event_name":"Back to Basics","player_choice":"Simplicity","floor":20.0,"gold_loss":0.0,"damage_taken":0.0,"cards_upgraded":["Strike_R","Strike_R","Strike_R","Strike_R","Defend_R","Defend_R"]},{"damage_healed":0.0,"max_hp_gain":0.0,"max_hp_loss":0.0,"gold_gain":0.0,"event_name":"Duplicator","player_choice":"Copied","floor":22.0,"gold_loss":0.0,"damage_taken":0.0,"cards_obtained":["True Grit"]},{"damage_healed":0,"gold_gain":0,"player_choice":"Fight","damage_taken":0,"max_hp_gain":0,"max_hp_loss":0,"event_name":"MindBloom","floor":38,"gold_loss":0},{"damage_healed":0,"gold_gain":0,"player_choice":"Embrace Madness","damage_taken":11,"max_hp_gain":0,"max_hp_loss":0,"event_name":"Winding Halls","floor":41,"gold_loss":0,"cards_obtained":["Madness","Madness"]},{"damage_healed":0,"gold_gain":0,"player_choice":"Fight","damage_taken":0,"max_hp_gain":0,"max_hp_loss":0,"event_name":"Mysterious Sphere","floor":44,"gold_loss":0}],"is_beta":false,"boss_relics":[{"not_picked":["Astrolabe","Black Star"],"picked":"Cursed Key"},{"not_picked":["Black Blood","Eternal Feather"],"picked":"Philosopher\u0027s Stone"}],"items_purged_floors":[27,37,42],"is_endless":false,"potions_floor_spawned":[10,11,14,24,29,31,35],"killed_by":"Reptomancer","ascension_level":13}