{"path_per_floor":["M","M","M","$","M","E","R","M","T","$","E","$","?","M","R","B",null,"M","?","M","M","?","E","$","E","T","T","E","M","E","$","R","B",null,"M","M","?","$","M","R","?","R","T","M","E","$","?","M","R","B"],"character_chosen":"THE_SILENT","items_purchased":["Outmaneuver","Dagger Spray","Block Potion","Deflect"],"gold_per_floor":[115,126,138,38,49,82,82,100,100,0,35,35,35,53,53,155,155,173,73,85,103,28,62,36,66,66,66,91,111,142,17,17,115,115,132,149,0,0,10,10,10,10,64,81,145,50,50,61,61,61],"floor_reached":51,"campfire_rested":2,"playtime":5657,"current_hp_per_floor":[66,66,64,64,64,45,45,43,43,43,41,41,41,34,34,16,70,68,68,61,58,58,53,53,31,31,41,36,35,19,19,43,1,80,80,74,74,74,41,41,41,65,65,59,23,23,70,69,69,13],"items_purged":["Strike_G","Strike_G","After Image"],"gold":61,"score":593,"play_id":"a4906f0d-0006-4e52-ae36-15f5af3d6da5","is_prod":false,"is_daily":false,"is_ascension_mode":true,"campfire_upgraded":4,"path_taken":["M","M","M","$","M","E","R","M","T","$","E","?","?","M","R","BOSS","M","?","M","?","?","E","$","E","T","?","E","?","E","?","R","BOSS","M","M","?","$","M","R","?","R","T","M","E","$","?","M","R","BOSS"],"build_version":"2018-02-08-PROD1","purchased_purges":3,"victory":true,"master_deck":["Defend_G","Defend_G","Defend_G","Defend_G","Strike_G","Strike_G","Strike_G+1","Survivor","Neutralize","Riddle With Holes","Outmaneuver+1","Dodge and Roll","Outmaneuver","Skewer+1","After Image+1","Flying Knee","Envenom+1","Escape Plan+1","J.A.X.+1","Dagger Throw+1","Bane","Dagger Spray","Bane","Acrobatics+1","A Thousand Cuts+1","Noxious Fumes","Deadly Poison+1","Backflip+1","Quick Slash+1","Deflect+1","Sucker Punch+1"],"max_hp_per_floor":[70,70,70,70,70,70,70,70,70,70,70,70,70,70,70,70,70,70,70,70,70,70,70,70,70,70,80,80,80,80,80,80,80,80,80,80,80,80,80,80,80,80,80,80,80,80,70,70,70,70],"relics":["Ring of the Snake","Gremlin Horn","Oddly Smooth Stone","Toxic Egg 2","Velvet Choker","Snake Skull","Happy Flower","Bird Faced Urn","Pear","Bag of Preparation","Orichalcum","Runic Pyramid","Red Mask","Whetstone","Tiny Chest"],"card_choices":[{"not_picked":["All Out Attack","Deadly Poison"],"picked":"Choke"},{"not_picked":["Slice","Bane"],"picked":"Riddle With Holes"},{"not_picked":["Bouncing Flask","PiercingWail"],"picked":"Dodge and Roll"},{"not_picked":["Prepared","Deflect"],"picked":"Outmaneuver"},{"not_picked":["Bouncing Flask","Heel Hook"],"picked":"Skewer"},{"not_picked":["Predator","Quick Slash"],"picked":"After Image"},{"not_picked":["Dagger Spray","Deadly Poison"],"picked":"Flying Knee"},{"not_picked":["Die Die Die","Night Terror"],"picked":"Envenom"},{"not_picked":["Expertise","Underhanded Strike"],"picked":"Escape Plan"},{"not_picked":["Quick Slash","Flechettes"],"picked":"Dagger Throw"},{"not_picked":["Deadly Poison","Dagger Spray"],"picked":"Bane"},{"not_picked":["Blade Dance","Sucker Punch"],"picked":"After Image"},{"not_picked":["Slice","PiercingWail"],"picked":"Bane"},{"not_picked":["Skewer","Caltrops"],"picked":"Acrobatics"},{"not_picked":["Doppelganger","Tools of the Trade"],"picked":"A Thousand Cuts"},{"not_picked":["Endless Agony","Dagger Spray"],"picked":"Noxious Fumes"},{"not_picked":["Poisoned Stab","Eviscerate"],"picked":"Deadly Poison"},{"not_picked":["Quick Slash","Acrobatics"],"picked":"Backflip"},{"not_picked":["Blade Dance","Choke"],"picked":"Quick Slash"},{"not_picked":["Well Laid Plans","Infinite Blades"],"picked":"Sucker Punch"}],"player_experience":71875,"potions_floor_usage":[11,16,25,28,28,33,48,50,50,50],"damage_taken":[{"damage":4,"enemies":"Blue Slaver","floor":1,"turns":5},{"damage":0,"enemies":"2 Louse","floor":2,"turns":4},{"damage":2,"enemies":"Jaw Worm","floor":3,"turns":5},{"damage":0,"enemies":"Looter","floor":5,"turns":3},{"damage":19,"enemies":"3 Sentries","floor":6,"turns":12},{"damage":2,"enemies":"Large Slime","floor":8,"turns":8},{"damage":14,"enemies":"Gremlin Nob","floor":11,"turns":5},{"damage":7,"enemies":"Exordium Wildlife","floor":14,"turns":6},{"damage":18,"enemies":"The Guardian","floor":16,"turns":15},{"damage":2,"enemies":"Chosen","floor":18,"turns":5},{"damage":7,"enemies":"3 Byrds","floor":20,"turns":6},{"damage":3,"enemies":"Snake Plant","floor":21,"turns":4},{"damage":5,"enemies":"Book of Stabbing","floor":23,"turns":5},{"damage":22,"enemies":"Gremlin Leader","floor":25,"turns":5},{"damage":9,"enemies":"Slavers","floor":28,"turns":5},{"damage":5,"enemies":"3 Cultists","floor":29,"turns":7},{"damage":22,"enemies":"Gremlin Leader","floor":30,"turns":4},{"damage":46,"enemies":"Champ","floor":33,"turns":10},{"damage":0,"enemies":"3 Shapes","floor":35,"turns":5},{"damage":8,"enemies":"3 Darklings","floor":36,"turns":4},{"damage":39,"enemies":"Sphere and 2 Shapes","floor":39,"turns":5},{"damage":14,"enemies":"4 Shapes","floor":44,"turns":6},{"damage":44,"enemies":"2 Orb Walkers","floor":45,"turns":5},{"damage":3,"enemies":"3 Darklings","floor":48,"turns":5},{"damage":62,"enemies":"Donu and Deca","floor":50,"turns":8}],"event_choices":[{"event_name":"Liars Game","player_choice":"disagreed","floor":13,"damage_taken":0},{"event_name":"Drug Dealer","player_choice":"Got JAXXED","floor":19,"damage_taken":0},{"event_name":"Beggar","player_choice":"Gave Gold","floor":22,"damage_taken":0},{"event_name":"Tomb of Lord Red Mask","player_choice":"Paid","floor":37,"damage_taken":0},{"event_name":"The Moai Head","player_choice":"Heal","floor":47,"damage_taken":0}],"boss_relics":[{"not_picked":["Philosopher\u0027s Stone","White Beast Statue"],"picked":"Velvet Choker"},{"not_picked":["Eternal Feather","Calling Bell"],"picked":"Runic Pyramid"}],"potions_floor_spawned":[1,5,6,8,14,23,30,33,45,48],"seed_played":"-4607750859802518870","ascension_level":1,"is_trial":false}