{"path_per_floor":["M","$","?","?","M","R","T","R","T","R","M","M","M","M","R","B",null,"M","$","?","M","M","R","E","$","T","?","M","E","?","E","R","B",null,"M","M","?","$","?","R","$","R","T","R","?","R","M","M","R","B"],"character_chosen":"IRONCLAD","items_purchased":["Fire Breathing","Metallicize","Bottled Lightning","War Paint","Flash of Steel"],"gold_per_floor":[111,36,36,36,47,47,128,128,128,128,141,157,172,189,189,285,285,296,128,128,140,160,160,187,96,96,21,35,60,60,88,88,183,183,193,206,206,13,263,263,12,12,12,12,12,12,26,41,41,41],"floor_reached":51,"campfire_rested":2,"playtime":2096,"item_purchase_floors":[19,25,38,41,41],"current_hp_per_floor":[73,73,73,66,61,61,61,61,61,61,63,68,72,78,78,80,80,77,77,77,80,68,68,69,69,69,69,75,63,63,69,69,61,75,56,62,62,62,62,62,62,80,80,80,70,70,80,67,80,44],"items_purged":["Injury","Strike_R","Defend_R","Regret"],"gold":41,"score":1019,"play_id":"0f04ee5f-f1ff-4a64-a636-9efeb8ccef2f","local_time":"20180604165844","is_prod":false,"is_daily":false,"chose_seed":false,"is_ascension_mode":true,"campfire_upgraded":9,"win_rate":0,"timestamp":1528124324,"campfire_choices":[{"data":"Infernal Blade","floor":6,"key":"SMITH"},{"data":"Flex","floor":8,"key":"SMITH"},{"data":"Bash","floor":10,"key":"SMITH"},{"data":"Whirlwind","floor":15,"key":"SMITH"},{"data":"Fire Breathing","floor":23,"key":"SMITH"},{"data":"Battle Trance","floor":32,"key":"SMITH"},{"data":"Barricade","floor":40,"key":"SMITH"},{"floor":42,"key":"REST"},{"data":"Flash of Steel","floor":44,"key":"SMITH"},{"data":"Flash of Steel","floor":46,"key":"SMITH"},{"floor":49,"key":"REST"}],"path_taken":["M","$","?","?","M","R","?","R","T","R","M","M","M","M","R","BOSS","M","$","?","M","?","R","E","$","T","?","M","E","?","E","R","BOSS","M","?","?","$","?","R","$","R","T","R","?","R","M","?","R","BOSS"],"build_version":"2018-05-31","seed_source_timestamp":460101704097665,"purchased_purges":4,"victory":true,"master_deck":["Defend_R","Bash+1","Infernal Blade+1","Flex+1","Anger","Battle Trance+1","Whirlwind+1","Seeing Red+1","Impervious+1","Flame Barrier+1","Seeing Red","Fire Breathing+1","Twin Strike+1","Flex+1","Metallicize","Clash+1","Battle Trance+1","Infernal Blade+1","Barricade+1","Shrug It Off+1","Flash of Steel+1","Secret Weapon","Dark Shackles","Flash of Steel+1","Inflame","Flex+1"],"max_hp_per_floor":[80,80,80,80,80,80,80,80,80,80,80,80,80,80,80,80,80,80,80,80,80,80,80,80,80,80,80,80,80,80,80,80,80,80,80,80,80,80,80,80,80,80,80,80,80,80,80,80,80,80],"relics":["Burning Blood","Ice Cream","Shuriken","Mummified Hand","Astrolabe","Smiling Mask","The Courier","Ancient Tea Set","Mercury Hourglass","Runic Dome","Bottled Lightning","War Paint","Dream Catcher"],"card_choices":[{"not_picked":["Body Slam","Sword Boomerang","Havoc"],"picked":"SKIP","floor":1},{"not_picked":["Clash","Searing Blow"],"picked":"Flex","floor":5},{"not_picked":["Dropkick","Power Through"],"picked":"Anger","floor":11},{"not_picked":["Headbutt","Corruption","Entrench"],"picked":"SKIP","floor":12},{"not_picked":["Clothesline","Juggernaut"],"picked":"Battle Trance","floor":13},{"not_picked":["Combust","Dropkick"],"picked":"Whirlwind","floor":14},{"not_picked":["Wild Strike","Uppercut"],"picked":"Seeing Red","floor":18},{"not_picked":["Dual Wield","Havoc"],"picked":"Twin Strike+1","floor":21},{"not_picked":["Fiend Fire","Shrug It Off+1"],"picked":"Flex+1","floor":22},{"not_picked":["True Grit","Havoc","Hemokinesis"],"picked":"SKIP","floor":24},{"not_picked":["Burning Pact","Bloodletting"],"picked":"Clash+1","floor":28},{"not_picked":["Havoc","Spot Weakness+1"],"picked":"Battle Trance","floor":29},{"not_picked":["Body Slam+1","Rupture"],"picked":"Infernal Blade+1","floor":31},{"not_picked":["Reaper","Brutality"],"picked":"Barricade","floor":33},{"not_picked":["Iron Wave","Clothesline"],"picked":"Shrug It Off","floor":35},{"not_picked":["Thunderclap","Perfected Strike"],"picked":"Pummel+1","floor":36},{"not_picked":["Mind Blast","Dramatic Entrance"],"picked":"Secret Weapon","floor":45},{"not_picked":["Enlightenment","Panacea"],"picked":"Dark Shackles","floor":45},{"not_picked":["Thinking Ahead","Apotheosis"],"picked":"Flash of Steel","floor":45},{"not_picked":["Heavy Blade","Body Slam+1"],"picked":"Inflame","floor":47},{"not_picked":["Cleave+1","Iron Wave+1","Sentinel+1"],"picked":"SKIP","floor":48},{"not_picked":["Reckless Charge+1","Clothesline"],"picked":"Flex+1","floor":49}],"player_experience":255560,"potions_floor_usage":[33,50,50,50],"damage_taken":[{"damage":5,"enemies":"2 Louse","floor":1,"turns":3},{"damage":11,"enemies":"Small Slimes","floor":5,"turns":4},{"damage":4,"enemies":"Jaw Worm","floor":11,"turns":2},{"damage":1,"enemies":"Looter","floor":12,"turns":2},{"damage":2,"enemies":"2 Fungi Beasts","floor":13,"turns":3},{"damage":0,"enemies":"Large Slime","floor":14,"turns":2},{"damage":0,"enemies":"Slime Boss","floor":16,"turns":3},{"damage":9,"enemies":"Chosen","floor":18,"turns":3},{"damage":1,"enemies":"Spheric Guardian","floor":21,"turns":4},{"damage":18,"enemies":"Centurion and Healer","floor":22,"turns":3},{"damage":5,"enemies":"Slavers","floor":24,"turns":4},{"damage":0,"enemies":"3 Cultists","floor":28,"turns":2},{"damage":18,"enemies":"Gremlin Leader","floor":29,"turns":4},{"damage":0,"enemies":"Book of Stabbing","floor":31,"turns":4},{"damage":14,"enemies":"Champ","floor":33,"turns":6},{"damage":25,"enemies":"Orb Walker","floor":35,"turns":3},{"damage":0,"enemies":"3 Shapes","floor":36,"turns":5},{"damage":0,"enemies":"3 Darklings","floor":47,"turns":1},{"damage":19,"enemies":"Maw","floor":48,"turns":5},{"damage":50,"enemies":"Time Eater","floor":50,"turns":5}],"relics_obtained":[{"floor":7,"key":"Shuriken"},{"floor":9,"key":"Mummified Hand"},{"floor":24,"key":"Smiling Mask"},{"floor":26,"key":"The Courier"},{"floor":29,"key":"Ancient Tea Set"},{"floor":31,"key":"Mercury Hourglass"},{"floor":43,"key":"Dream Catcher"}],"event_choices":[{"event_name":"Living Wall","player_choice":"Change","floor":3,"damage_taken":0},{"event_name":"Golden Wing","player_choice":"Card Removal","floor":4,"damage_taken":0},{"event_name":"The Woman in Blue","player_choice":"Bought 0 Potions","floor":20,"damage_taken":0},{"event_name":"Beggar","player_choice":"Gave Gold","floor":27,"damage_taken":0},{"event_name":"Ghosts","player_choice":"Ignored","floor":30,"damage_taken":0},{"event_name":"Golden Shrine","player_choice":"Desecrate","floor":39,"damage_taken":0},{"event_name":"SensoryStone","player_choice":"Memory 3","floor":45,"damage_taken":0}],"boss_relics":[{"not_picked":["Eternal Feather","Calling Bell"],"picked":"Astrolabe"},{"not_picked":["Velvet Choker","Snecko Eye"],"picked":"Runic Dome"}],"items_purged_floors":[2,19,25,41],"potions_floor_spawned":[1,5,16,24,28,29,36,47],"seed_played":"-6433854162021823787","ascension_level":7,"potions_obtained":[{"floor":1,"key":"EssenceOfSteel"},{"floor":5,"key":"BloodPotion"},{"floor":16,"key":"Poison Potion"},{"floor":36,"key":"EssenceOfSteel"}],"is_trial":false}