{"gold_per_floor":[117,117,136,26,39,39,55,55,55,65,77,94,94,94,94,196,196,206,216,216,141,154,170,170,170],"floor_reached":25,"playtime":1384,"items_purged":["Strike_R"],"score":197,"play_id":"f2ab140f-fcf4-4d8f-8504-4f36c6703859","local_time":"20190810051729","is_ascension_mode":false,"campfire_choices":[{"data":"Flex","floor":6,"key":"SMITH"},{"data":"Limit Break","floor":8,"key":"SMITH"},{"data":"Whirlwind","floor":13,"key":"SMITH"},{"data":"Seeing Red","floor":15,"key":"SMITH"},{"data":"True Grit","floor":24,"key":"SMITH"}],"neow_cost":"PERCENT_DAMAGE","seed_source_timestamp":301213023104124,"circlet_count":0,"master_deck":["Strike_R","Strike_R","Defend_R","Defend_R","Defend_R","Defend_R","Bash","Limit Break+1","Seeing Red+1","Flex+1","Ghostly Armor","Shockwave","Dual Wield","Whirlwind+1","Exhume","True Grit+1","Flex"],"relics":["Burning Blood","Paper Frog","WarpedTongs","Empty Cage","Nilry\u0027s Codex"],"potions_floor_usage":[11,16,19,19],"damage_taken":[{"damage":6,"enemies":"2 Louse","floor":1,"turns":3},{"damage":5,"enemies":"Cultist","floor":3,"turns":4},{"damage":0,"enemies":"Small Slimes","floor":5,"turns":4},{"damage":3,"enemies":"Exordium Thugs","floor":7,"turns":5},{"damage":2,"enemies":"Looter","floor":10,"turns":4},{"damage":11,"enemies":"Exordium Wildlife","floor":11,"turns":4},{"damage":26,"enemies":"Large Slime","floor":12,"turns":7},{"damage":21,"enemies":"Slime Boss","floor":16,"turns":8},{"damage":32,"enemies":"Spheric Guardian","floor":18,"turns":6},{"damage":0,"enemies":"Chosen","floor":19,"turns":3},{"damage":23,"enemies":"Shelled Parasite and Fungi","floor":22,"turns":8},{"damage":10,"enemies":"3 Cultists","floor":23,"turns":4},{"damage":23,"enemies":"Book of Stabbing","floor":25,"turns":4}],"seed_played":"5432595505300972476","potions_obtained":[{"floor":1,"key":"Fire Potion"},{"floor":3,"key":"GamblersBrew"},{"floor":16,"key":"Explosive Potion"},{"floor":18,"key":"SkillPotion"},{"floor":22,"key":"Ancient Potion"}],"is_trial":false,"path_per_floor":["M","?","M","$","M","R","M","R","T","M","M","M","R","?","R","B",null,"M","M","?","?","M","M","R","E"],"character_chosen":"IRONCLAD","items_purchased":["Ghostly Armor"],"campfire_rested":0,"item_purchase_floors":[4],"current_hp_per_floor":[56,56,57,57,63,63,66,66,66,70,65,45,45,45,45,30,80,54,60,44,44,27,23,23,0],"gold":170,"neow_bonus":"THREE_RARE_CARDS","is_prod":false,"is_daily":false,"chose_seed":false,"campfire_upgraded":5,"win_rate":0,"timestamp":1565407049,"path_taken":["M","?","M","?","M","R","M","R","T","M","?","M","R","?","R","BOSS","M","M","?","?","M","M","R","E"],"build_version":"2019-07-17","purchased_purges":1,"victory":false,"max_hp_per_floor":[80,80,80,80,80,80,80,80,80,80,80,80,80,80,80,80,80,80,80,80,80,80,80,80,80],"card_choices":[{"not_picked":["Berserk","Brutality"],"picked":"Limit Break","floor":0},{"not_picked":["Reckless Charge","Armaments"],"picked":"Seeing Red","floor":1},{"not_picked":["Body Slam","Pommel Strike"],"picked":"Flex","floor":3},{"not_picked":["Combust","Second Wind"],"picked":"Shockwave","floor":5},{"not_picked":["Shrug It Off","Intimidate"],"picked":"Dual Wield","floor":7},{"not_picked":["Combust","Clothesline"],"picked":"Whirlwind","floor":10},{"not_picked":["Searing Blow","Carnage","Wild Strike"],"picked":"SKIP","floor":11},{"not_picked":["Fire Breathing","Thunderclap","Rampage"],"picked":"SKIP","floor":12},{"not_picked":["Limit Break","Feed"],"picked":"Exhume","floor":16},{"not_picked":["Carnage+1","Rupture"],"picked":"True Grit","floor":18},{"not_picked":["Clash","Shockwave+1"],"picked":"Flex","floor":19},{"not_picked":["Twin Strike","Rupture+1","Havoc"],"picked":"SKIP","floor":22},{"not_picked":["Metallicize","Second Wind+1","Clash"],"picked":"SKIP","floor":23}],"player_experience":170816,"relics_obtained":[{"floor":9,"key":"Paper Frog"},{"floor":20,"key":"Nilry\u0027s Codex"}],"event_choices":[{"damage_healed":0,"gold_gain":0,"player_choice":"Ignored","damage_taken":0,"max_hp_gain":0,"max_hp_loss":0,"event_name":"NoteForYourself","floor":2,"gold_loss":0},{"damage_healed":0,"gold_gain":0,"player_choice":"Rummage","damage_taken":0,"relics_obtained":["WarpedTongs"],"max_hp_gain":0,"max_hp_loss":0,"event_name":"Accursed Blacksmith","floor":14,"gold_loss":0,"cards_obtained":["Pain"]},{"damage_healed":0,"gold_gain":0,"player_choice":"Obtained Book","damage_taken":16,"max_hp_gain":0,"max_hp_loss":0,"event_name":"Cursed Tome","floor":20,"gold_loss":0},{"cards_removed":["Strike_R"],"damage_healed":0,"gold_gain":0,"player_choice":"Gave Gold","damage_taken":0,"max_hp_gain":0,"max_hp_loss":0,"event_name":"Beggar","floor":21,"gold_loss":75}],"is_beta":false,"boss_relics":[{"not_picked":["Runic Dome","Lizard Tail"],"picked":"Empty Cage"}],"items_purged_floors":[4],"is_endless":false,"potions_floor_spawned":[1,3,16,18,22],"killed_by":"Book of Stabbing","ascension_level":0}