{"gold_per_floor":[214,214,58,76,76,76,112,131,158,158],"floor_reached":10,"playtime":327,"items_purged":["Defend_G"],"score":129,"play_id":"602613d3-8927-41b8-9ae1-157a1be1508d","local_time":"20190127210442","is_ascension_mode":true,"campfire_choices":[{"data":"Noxious Fumes","floor":6,"key":"SMITH"}],"neow_cost":"NONE","seed_source_timestamp":101177491191646,"circlet_count":0,"master_deck":["AscendersBane","Defend_G","Defend_G","Defend_G","Defend_G","Strike_G","Strike_G","Strike_G","Strike_G","Survivor","Neutralize","Noxious Fumes+1","Infinite Blades","Malaise"],"relics":["Ring of the Snake","Golden Idol","Ancient Tea Set","Juzu Bracelet"],"potions_floor_usage":[7],"damage_taken":[{"damage":4,"enemies":"Small Slimes","floor":1,"turns":4},{"damage":0,"enemies":"Jaw Worm","floor":4,"turns":5},{"damage":39,"enemies":"Gremlin Nob","floor":7,"turns":6},{"damage":0,"enemies":"Cultist","floor":8,"turns":4}],"seed_played":"2872734874962856418","potions_obtained":[{"floor":4,"key":"SpeedPotion"},{"floor":8,"key":"SkillPotion"}],"is_trial":false,"path_per_floor":["M","?","$","M","?","R","E","M","T","?"],"character_chosen":"THE_SILENT","items_purchased":["Noxious Fumes"],"campfire_rested":0,"item_purchase_floors":[3],"current_hp_per_floor":[55,48,48,48,48,48,9,9,9,0],"gold":158,"neow_bonus":"HUNDRED_GOLD","is_prod":false,"is_daily":false,"chose_seed":false,"campfire_upgraded":1,"win_rate":0,"timestamp":1548619482,"path_taken":["M","?","$","M","?","R","E","M","T","?"],"build_version":"2019-01-23","purchased_purges":1,"victory":false,"max_hp_per_floor":[66,66,66,66,60,60,60,60,60,60],"card_choices":[{"not_picked":["Poisoned Stab","Slice","Flechettes"],"picked":"SKIP","floor":1},{"not_picked":["Outmaneuver","Flying Knee"],"picked":"Infinite Blades","floor":4},{"not_picked":["Heel Hook","Prepared","Quick Slash"],"picked":"SKIP","floor":7},{"not_picked":["Poisoned Stab","Bane"],"picked":"Malaise","floor":8}],"player_experience":566230,"relics_obtained":[{"floor":7,"key":"Ancient Tea Set"},{"floor":9,"key":"Juzu Bracelet"}],"event_choices":[{"cards_removed":["Strike_G"],"damage_healed":0,"gold_gain":0,"player_choice":"Card Removal","damage_taken":7,"max_hp_gain":0,"max_hp_loss":0,"event_name":"Golden Wing","floor":2,"gold_loss":0},{"damage_healed":0,"gold_gain":0,"player_choice":"Lose Max HP","damage_taken":0,"relics_obtained":["Golden Idol"],"max_hp_gain":0,"max_hp_loss":6,"event_name":"Golden Idol","floor":5,"gold_loss":0}],"is_beta":false,"boss_relics":[],"items_purged_floors":[3],"is_endless":false,"potions_floor_spawned":[4,8],"ascension_level":19}