{"gold_per_floor":[114,130,55,71,84,84,101,132,210,242,96,96,112,123,123,219,219,236,111,122,140,140,140,140,140,218,218,236,255,255,255,255,255],"floor_reached":33,"playtime":4247,"items_purged":["Strike_R","Strike_R","Rupture"],"score":285,"play_id":"37b39bcb-ef52-4e6f-9097-2e19cb735778","local_time":"20191004120521","is_ascension_mode":true,"campfire_choices":[{"data":"Pommel Strike","floor":6.0,"key":"SMITH"},{"floor":15.0,"key":"RECALL"},{"floor":23,"key":"REST"},{"data":"Pommel Strike","floor":25,"key":"SMITH"},{"data":"Rampage","floor":27,"key":"SMITH"},{"floor":32,"key":"DIG"}],"neow_cost":"NONE","seed_source_timestamp":0,"circlet_count":0,"master_deck":["Strike_R","Strike_R","Strike_R","Defend_R+1","Defend_R","Defend_R+1","Bash","Rampage+1","True Grit","Shrug It Off","Pommel Strike+1","Shrug It Off","Shrug It Off","Pommel Strike+1","Offering","Warcry+1","Reaper"],"special_seed":0,"relics":["Burning Blood","War Paint","Incense Burner","Shovel","Lizard Tail","MutagenicStrength","Bottled Lightning","Pen Nib"],"potions_floor_usage":[20,21,28,31],"damage_taken":[{"damage":2.0,"enemies":"Cultist","floor":1.0,"turns":4.0},{"damage":6.0,"enemies":"2 Louse","floor":2.0,"turns":2.0},{"damage":0.0,"enemies":"Small Slimes","floor":4.0,"turns":3.0},{"damage":0.0,"enemies":"Blue Slaver","floor":5.0,"turns":4.0},{"damage":5.0,"enemies":"Exordium Wildlife","floor":7.0,"turns":4.0},{"damage":17.0,"enemies":"Gremlin Nob","floor":8.0,"turns":4.0},{"damage":18.0,"enemies":"Lagavulin","floor":10.0,"turns":8.0},{"damage":0.0,"enemies":"Large Slime","floor":13.0,"turns":4.0},{"damage":21.0,"enemies":"Lots of Slimes","floor":14.0,"turns":5.0},{"damage":19.0,"enemies":"The Guardian","floor":16.0,"turns":11.0},{"damage":30,"enemies":"2 Thieves","floor":18,"turns":4},{"damage":22,"enemies":"Chosen","floor":20,"turns":7},{"damage":36,"enemies":"Centurion and Healer","floor":21,"turns":7},{"damage":10,"enemies":"Snecko","floor":28,"turns":5},{"damage":21,"enemies":"Shelled Parasite and Fungi","floor":29,"turns":7},{"damage":6,"enemies":"Colosseum Slavers","floor":31,"turns":4},{"damage":74,"enemies":"Collector","floor":33,"turns":5}],"seed_played":"8200238588031633423","potions_obtained":[{"floor":4.0,"key":"GamblersBrew"},{"floor":5.0,"key":"Poison Potion"},{"floor":14.0,"key":"LiquidBronze"},{"floor":16.0,"key":"Swift Potion"},{"floor":20,"key":"Strength Potion"},{"floor":28,"key":"Energy Potion"},{"floor":29,"key":"Fire Potion"}],"is_trial":false,"path_per_floor":["M","M","$","M","M","R","M","E","T","E","$","?","M","M","R","B",null,"M","$","M","M","?","R","$","R","T","R","M","M","?","?","R","B"],"character_chosen":"IRONCLAD","items_purchased":["Shrug It Off"],"campfire_rested":1,"item_purchase_floors":[11],"current_hp_per_floor":[80,80,80,80,80,80,80,69,69,57,57,57,63,48,48,35,80,56,56,40,10,10,34,34,34,34,34,34,19,19,19,19,0],"gold":255,"neow_bonus":"RANDOM_COMMON_RELIC","is_prod":false,"is_daily":false,"chose_seed":false,"campfire_upgraded":3,"win_rate":0,"timestamp":1570205121,"path_taken":["M","M","?","M","M","R","M","E","T","E","$","?","M","?","R","BOSS","M","$","M","M","?","R","$","R","T","R","M","M","?","?","R","BOSS"],"build_version":"2019-07-17","purchased_purges":3,"victory":false,"max_hp_per_floor":[80,80,80,80,80,80,80,80,80,80,80,80,80,80,80,80,80,80,80,80,80,80,80,80,80,80,80,80,80,80,80,80,80],"card_choices":[{"not_picked":["Cleave","Infernal Blade"],"picked":"Rampage","floor":1.0},{"not_picked":["Perfected Strike","Armaments"],"picked":"True Grit","floor":2.0},{"not_picked":["Twin Strike","Uppercut"],"picked":"Shrug It Off","floor":4.0},{"not_picked":["Exhume","Perfected Strike"],"picked":"Pommel Strike","floor":5.0},{"not_picked":["Power Through","Uppercut","Thunderclap"],"picked":"SKIP","floor":7.0},{"not_picked":["True Grit","Corruption","Clash"],"picked":"SKIP","floor":8.0},{"not_picked":["Perfected Strike","Power Through","Clothesline"],"picked":"SKIP","floor":10.0},{"not_picked":["Iron Wave","Searing Blow"],"picked":"Shrug It Off","floor":13.0},{"not_picked":["Second Wind","Reckless Charge"],"picked":"Pommel Strike","floor":14.0},{"not_picked":["Bludgeon","Exhume"],"picked":"Offering","floor":16.0},{"not_picked":["Second Wind","Infernal Blade"],"picked":"Warcry+1","floor":18},{"not_picked":["Heavy Blade","True Grit","Sword Boomerang+1"],"picked":"SKIP","floor":20},{"not_picked":["Warcry","Power Through"],"picked":"Reaper","floor":21},{"not_picked":["Twin Strike+1","Heavy Blade","Carnage"],"picked":"SKIP","floor":28},{"not_picked":["Armaments","Sentinel","Body Slam+1"],"picked":"SKIP","floor":29}],"player_experience":219693,"relics_obtained":[{"floor":8.0,"key":"Incense Burner"},{"floor":10.0,"key":"Shovel"},{"floor":26,"key":"Bottled Lightning"},{"floor":32,"key":"Pen Nib"}],"event_choices":[{"damage_healed":0.0,"max_hp_gain":0.0,"max_hp_loss":0.0,"gold_gain":0.0,"cards_transformed":["Defend_R"],"event_name":"Transmorgrifier","player_choice":"Transformed","floor":12.0,"gold_loss":0.0,"damage_taken":0.0,"cards_obtained":["Rupture"]},{"damage_healed":0,"gold_gain":0,"player_choice":"Inject Mutagens","damage_taken":0,"relics_obtained":["MutagenicStrength"],"max_hp_gain":0,"max_hp_loss":0,"event_name":"Drug Dealer","floor":22,"gold_loss":0},{"damage_healed":0,"gold_gain":0,"player_choice":"Ignored","damage_taken":0,"max_hp_gain":0,"max_hp_loss":0,"event_name":"The Mausoleum","floor":30,"gold_loss":0},{"damage_healed":0,"gold_gain":0,"player_choice":"Fight","damage_taken":0,"max_hp_gain":0,"max_hp_loss":0,"event_name":"Colosseum","floor":31,"gold_loss":0},{"damage_healed":0,"gold_gain":0,"player_choice":"Fled From Nobs","damage_taken":0,"max_hp_gain":0,"max_hp_loss":0,"event_name":"Colosseum","floor":31,"gold_loss":0}],"is_beta":false,"boss_relics":[{"not_picked":["Pandora\u0027s Box","Tiny House"],"picked":"Lizard Tail"}],"items_purged_floors":[3,11,19],"is_endless":false,"potions_floor_spawned":[4,5,14,16,20,28,29,31],"killed_by":"Collector","ascension_level":2}