{"gold_per_floor":[115,115,128,3,20,20,46,46,46,64,139,161,161,172,172,246,246,256,18,34,50,50,50,82,96,166,185,185,46,46,65,65,142,142,155,135,83,97,97,97,97],"floor_reached":41,"playtime":2212,"items_purged":["Strike_G","Strike_G"],"score":948,"play_id":"38114acd-583c-4fd6-9081-8bac894ed185","local_time":"20190125151438","is_ascension_mode":true,"campfire_choices":[{"data":"Infinite Blades","floor":6.0,"key":"SMITH"},{"data":"1","floor":8.0,"key":"LIFT"},{"floor":13.0,"key":"REST"},{"floor":15.0,"key":"REST"},{"data":"Footwork","floor":23.0,"key":"SMITH"},{"data":"2","floor":28.0,"key":"LIFT"},{"data":"Noxious Fumes","floor":30.0,"key":"SMITH"},{"floor":32.0,"key":"REST"},{"data":"3","floor":40,"key":"LIFT"}],"neow_cost":"NONE","seed_source_timestamp":0,"circlet_count":0,"master_deck":["AscendersBane","Defend_G","Defend_G","Defend_G","Defend_G","Defend_G","Strike_G","Strike_G","Strike_G","Survivor","Neutralize","Cloak And Dagger","Blur","Infinite Blades+1","Corpse Explosion","Blur","Backflip","Blur","Footwork+1","Burst","Noxious Fumes+1","Blur","Escape Plan","Footwork+1","Bouncing Flask+1","Calculated Gamble","Well Laid Plans","Terror","A Thousand Cuts","Caltrops","Cloak And Dagger","Backstab+1"],"special_seed":0,"relics":["Ring of the Snake","Ancient Tea Set","Girya","Mercury Hourglass","Odd Mushroom","Sozu","Calipers","Darkstone Periapt","Cursed Key"],"potions_floor_usage":[38],"damage_taken":[{"damage":0.0,"enemies":"2 Louse","floor":1.0,"turns":3.0},{"damage":10.0,"enemies":"Cultist","floor":3.0,"turns":5.0},{"damage":3.0,"enemies":"Small Slimes","floor":5.0,"turns":5.0},{"damage":25.0,"enemies":"Lagavulin","floor":7.0,"turns":10.0},{"damage":0.0,"enemies":"2 Fungi Beasts","floor":10.0,"turns":2.0},{"damage":3.0,"enemies":"The Mushroom Lair","floor":12.0,"turns":4.0},{"damage":0.0,"enemies":"Blue Slaver","floor":14.0,"turns":4.0},{"damage":20.0,"enemies":"Slime Boss","floor":16.0,"turns":10.0},{"damage":4.0,"enemies":"2 Thieves","floor":18.0,"turns":4.0},{"damage":0.0,"enemies":"Chosen","floor":20.0,"turns":6.0},{"damage":0.0,"enemies":"Snecko","floor":21.0,"turns":8.0},{"damage":25.0,"enemies":"Gremlin Leader","floor":24.0,"turns":9.0},{"damage":5.0,"enemies":"Cultist and Chosen","floor":25.0,"turns":4.0},{"damage":0.0,"enemies":"3 Cultists","floor":27.0,"turns":4.0},{"damage":0.0,"enemies":"Snake Plant","floor":31.0,"turns":4.0},{"damage":0.0,"enemies":"Collector","floor":33.0,"turns":10.0},{"damage":7,"enemies":"3 Shapes","floor":35,"turns":3},{"damage":27,"enemies":"3 Darklings","floor":38,"turns":5},{"damage":26,"enemies":"Transient","floor":41,"turns":4}],"seed_played":"-7818741827849190571","potions_obtained":[{"floor":2.0,"key":"Energy Potion"},{"floor":2.0,"key":"Fire Potion"},{"floor":7.0,"key":"PowerPotion"},{"floor":12.0,"key":"SpeedPotion"},{"floor":16.0,"key":"EssenceOfSteel"}],"is_trial":false,"path_per_floor":["M","?","M","$","M","R","E","R","T","M","?","?","R","M","R","B",null,"M","$","M","M","?","R","E","M","T","M","R","$","R","M","R","B",null,"M","?","$","M","$","R","M"],"character_chosen":"THE_SILENT","items_purchased":["Blur","Infinite Blades","Noxious Fumes","Blur","Well Laid Plans","Cloak And Dagger"],"campfire_rested":3,"item_purchase_floors":[4,4,19,19,29,37],"current_hp_per_floor":[59,59,49,49,46,46,21,21,21,21,10,7,26,26,45,25,56,52,52,52,52,52,52,27,22,22,22,22,22,22,22,41,41,60,53,53,53,26,26,26,0],"gold":97,"neow_bonus":"RANDOM_COMMON_RELIC","is_prod":false,"is_daily":false,"chose_seed":false,"campfire_upgraded":3,"win_rate":0,"timestamp":1548425678,"path_taken":["M","?","M","$","?","R","E","R","T","M","?","?","R","M","R","BOSS","M","$","M","M","?","R","E","M","T","?","R","$","R","M","R","BOSS","M","?","?","M","$","R","M"],"build_version":"2019-01-23","purchased_purges":2,"victory":false,"max_hp_per_floor":[66,66,66,66,66,66,66,66,66,66,66,66,66,66,66,66,66,66,66,66,66,66,66,66,66,66,66,66,66,66,66,66,66,66,66,66,66,66,66,66,66],"card_choices":[{"not_picked":["Poisoned Stab","Dagger Throw","Masterful Stab"],"picked":"SKIP","floor":1.0},{"not_picked":["PiercingWail","Bane"],"picked":"Cloak And Dagger","floor":3.0},{"not_picked":["Outmaneuver","Deflect"],"picked":"Corpse Explosion","floor":5.0},{"not_picked":["All Out Attack","Deflect"],"picked":"Blur","floor":7.0},{"not_picked":["Slice","Leg Sweep"],"picked":"Backflip","floor":10.0},{"not_picked":["Flechettes","Poisoned Stab"],"picked":"Blur","floor":12.0},{"not_picked":["Backflip","Masterful Stab"],"picked":"Footwork","floor":14.0},{"not_picked":["Night Terror","Corpse Explosion"],"picked":"Burst","floor":16.0},{"not_picked":["Distraction","Poisoned Stab","Blade Dance"],"picked":"SKIP","floor":18.0},{"not_picked":["Slice","Deflect"],"picked":"Escape Plan","floor":20.0},{"not_picked":["Deflect+1","Prepared"],"picked":"Footwork","floor":21.0},{"not_picked":["Flying Knee","Acrobatics"],"picked":"Bouncing Flask+1","floor":24.0},{"not_picked":["Eviscerate","Acrobatics"],"picked":"Calculated Gamble","floor":25.0},{"not_picked":["Slice","Bane","Poisoned Stab+1"],"picked":"SKIP","floor":27.0},{"not_picked":["Prepared","Flying Knee"],"picked":"Terror","floor":31.0},{"not_picked":["Glass Knife","Corpse Explosion"],"picked":"A Thousand Cuts","floor":33.0},{"not_picked":["Dagger Throw","Flechettes"],"picked":"Caltrops","floor":35},{"not_picked":["Prepared","Caltrops"],"picked":"Backstab+1","floor":38}],"player_experience":541831,"relics_obtained":[{"floor":7.0,"key":"Girya"},{"floor":9.0,"key":"Mercury Hourglass"},{"floor":12.0,"key":"Odd Mushroom"},{"floor":24.0,"key":"Calipers"},{"floor":26.0,"key":"Darkstone Periapt"}],"event_choices":[{"damage_healed":0.0,"max_hp_gain":0.0,"max_hp_loss":0.0,"gold_gain":0.0,"event_name":"Lab","player_choice":"Got Potions","floor":2.0,"gold_loss":0.0,"damage_taken":0.0},{"damage_healed":0.0,"max_hp_gain":0.0,"max_hp_loss":0.0,"gold_gain":75.0,"event_name":"World of Goop","player_choice":"Gather Gold","floor":11.0,"gold_loss":0.0,"damage_taken":11.0},{"damage_healed":0.0,"max_hp_gain":0.0,"max_hp_loss":0.0,"gold_gain":0.0,"event_name":"Mushrooms","player_choice":"Fought Mushrooms","floor":12.0,"gold_loss":0.0,"damage_taken":0.0},{"damage_healed":0.0,"max_hp_gain":0.0,"max_hp_loss":0.0,"gold_gain":0.0,"event_name":"Upgrade Shrine","player_choice":"Upgraded","floor":22.0,"gold_loss":0.0,"damage_taken":0.0,"cards_upgraded":["Footwork"]},{"damage_healed":0,"gold_gain":0,"player_choice":"Bought 1 Potion","damage_taken":0,"max_hp_gain":0,"max_hp_loss":0,"event_name":"The Woman in Blue","floor":36,"gold_loss":0}],"is_beta":false,"boss_relics":[{"not_picked":["WristBlade","HoveringKite"],"picked":"Sozu"},{"not_picked":["Tiny House","Black Star"],"picked":"Cursed Key"}],"items_purged_floors":[19,29],"is_endless":false,"potions_floor_spawned":[3,7,12,16,24,27,33,35],"killed_by":"Transient","ascension_level":18}